3960 5654
838 365 841 371 ’
901 382 992 430 nanc.
1013 367 1043 438 8,
1058 355 1169 430 'iera
1637 367 1696 426 9119

368 513 529 606 hemijaa
547 519 641 608 parte
660 519 874 587 meridionali
891 518 983 585 lacus
1003 541 1111 610 prope
1130 517 1254 585 ostium
1274 516 1384 596 lluvii,
1404 516 1459 583 cui
1478 537 1600 583 nomen
1615 515 1693 581 llie-

368 645 494 694 romax.
514 624 577 692 Sed
600 626 777 694 nominum
802 624 985 692 discrimen
1011 626 1121 694 maius
1142 628 1192 690 est
1208 645 1314 713 qnam
1339 627 1377 688 ut
1394 646 1433 688 ox
1453 627 1588 690 nomine
1608 622 1695 690 ratio

370 731 554 820 probabilis
568 732 680 821 colligi
701 733 817 824 possit.
838 734 958 798 Verum
985 755 1049 824 pro
1069 733 1136 799 situ
1155 729 1313 797 orientali
1336 729 1462 796 adduci
1481 737 1589 818 potest
1605 729 1696 820 quod

371 838 475 905 habet
485 837 747 908 &medicatori
760 839 844 908 sisi
863 827 1039 927 Μαγεδανή
1051 832 1119 925 περὶ
1129 837 1184 908 τὴν
1195 835 1348 926 Γερασάν,
1365 836 1513 926 itemque
1528 839 1563 902 S.
1579 837 1670 903 Hier.
1686 860 1697 902 .·

370 967 462 1011 nune
476 950 587 1012 autem
605 949 700 1034 regio
712 943 839 1012 dicitur
855 947 1038 1033 blagedena
1058 947 1150 1012 circa
1173 950 1333 1013 Gerasam
1352 944 1407 1033 (de
1420 943 1589 1032 impende,
1610 947 1697 1010 Ouo-

371 1052 511 1118 mnstiea
533 1074 559 1119 s.
585 1059 709 1135 mass
731 1056 765 1119 et
790 1058 939 1141 imma).
964 1058 1027 1120 Pro
1054 1075 1123 1143 quo
1144 1052 1210 1120 situ
1234 1052 1292 1118 alii
1320 1049 1422 1118 etiam
1447 1057 1631 1141 provocant
1654 1052 1697 1118 ad

369 1181 401 1224 v.
418 1163 474 1241 22,
489 1158 547 1226 ubi
563 1159 641 1229 lacu
655 1155 797 1254 traiecto
809 1165 898 1227 lesus
910 1160 1130 1228 Bethsaidam
1139 1159 1270 1226 venisse
1285 1158 1411 1227 dieitur
1421 1159 1562 1249 (Patr.);
1579 1158 1698 1225 dubito

370 1286 453 1348 num
469 1265 534 1333 hac
546 1269 676 1352 ratione
690 1266 836 1334 multum
850 1266 1037 1350 efficiatum
1054 1266 1251 1335 nemetiam
1265 1272 1413 1356 exparte
1433 1266 1524 1333 lacus
1541 1266 1693 1333 orientali

371 1373 477 1439 veniri
494 1379 627 1464 poterat
639 1374 866 1443 Bethsaidam.
888 1378 1045 1442 Ceterum
1065 1374 1142 1442 vide
1158 1397 1246 1465 quae
1260 1373 1306 1441 ad
1324 1375 1438 1441 itattlr.
1458 1375 1691 1454 15,39n0tavi.

406 1564 460 1614 Alii
475 1565 664 1617 Dalmanutlm
677 1568 816 1631 quaerunt
829 1568 858 1617 in
876 1568 965 1617 ruinis
987 1567 1041 1617 Ain
1062 1565 1227 1618 el-Barideh
1240 1579 1258 1616 a
1279 1567 1357 1631 parto
1378 1564 1551 1616 meridionali
1573 1564 1646 1615 band
1662 1567 1699 1616 ita

370 1656 465 1717 procul
480 1667 497 1704 a
512 1654 641 1718 Magdala
660 1652 709 1724 (ita
723 1656 745 1707 1.
762 1655 795 1706 L.
816 1655 928 1717 Porter;
947 1655 982 1706 oi.
999 1656 1109 1722 Itiebm,
1127 1655 1402 1707 Handwoertarbueb
1421 1655 1470 1705 des
1490 1654 1555 1705 bibl.
1580 1656 1697 1705 Alterib.

370 1744 423 1815 lp,
440 1744 516 1807 tbi),
538 1745 584 1794 alii
606 1746 635 1795 in
654 1744 754 1810 blinte;
779 1744 815 1796 ol.
831 1744 988 1796 zeitschrilt
998 1745 1026 1795 d.
1042 1745 1070 1797 d.
1088 1745 1388 1797 Palaestina-Vereins
1402 1744 1427 1794 11
1445 1759 1471 1808 p.
1490 1744 1536 1802 59;
1562 1746 1590 1793 in
1612 1745 1699 1794 ruinis

370 1831 453 1882 biario
475 1835 527 1883 eie.
548 1833 674 1898 Explicat
689 1847 787 1886 vocam
804 1834 936 1900 bipbtsoet
952 1835 1077 1886 reterens
1096 1834 1132 1886 ad
1153 1835 1245 1887 loesnn
1260 1835 1374 1886 Zalmon
1394 1847 1476 1898 quem
1498 1847 1516 1884 a
1543 1834 1698 1885 talmudicis

369 1935 457 1987 prope
471 1923 643 1975 Tiberiadem
657 1923 789 1976 collocari
810 1926 940 1989 opinatur
955 1923 1045 1989 (made
1063 1925 1126 1976 seit.
1147 1926 1176 1975 in
1190 1925 1285 1976 daleth
1304 1919 1462 1983 immutato,
1487 1925 1560 1987 quod
1583 1924 1699 1986 Syriaci

371 2011 508 2063 arabibus
526 2026 583 2064 non
597 2015 633 2065 sii
656 2014 794 2075 alienum;
809 2013 1048 2084 decascborogr.
1066 2027 1127 2080 cap.
1150 2011 1186 2082 5).
1208 2013 1238 2066 Si
1253 2017 1300 2066 tua
1316 2016 1444 2073 interest,
1469 2015 1559 2063 varias
1577 2014 1699 2077 reperire

369 2103 543 2153 coniecturas
557 2093 631 2168 apud
647 2105 733 2170 sopp,
751 2103 846 2156 Leben
866 2104 929 2155 lesu
945 2104 969 2154 V
983 2119 1011 2170 p.
1029 2103 1130 2166 iti-79,
1145 2117 1216 2169 quae
1231 2106 1291 2169 ipso
1304 2117 1331 2169 p.
1347 2099 1398 2155 eii
1415 2105 1514 2154 iterum
1529 2117 1598 2154 nora
1613 2105 1698 2167 hypo-

370 2193 442 2243 thesi
455 2194 562 2257 prolata
577 2192 691 2254 relutat;
704 2174 768 2244 vide
780 2206 892 2259 qnoque
902 2194 1004 2258 Sebece
1015 2206 1043 2258 p.
1056 2193 1107 2245 352
1118 2196 1167 2259 qui
1177 2206 1273 2245 vocem
1284 2193 1403 2258 explieat
1416 2207 1422 2242 :
1439 2195 1579 2257 possessio
1588 2193 1696 2243 viduae.

416 2368 432 2403 «
462 2339 755 2418 Quemadmodum
782 2347 858 2432 post
880 2341 1199 2433 multiplicationem
1221 2341 1375 2432 quinque
1406 2363 1531 2431 panum
1557 2341 1697 2431 quidam

369 2446 462 2537 apud
485 2452 645 2515 loannem
665 2448 869 2517 miraculum
885 2448 972 2516 illud
986 2448 1149 2516 collatum
1164 2471 1242 2517 eum
1258 2471 1383 2516 manna
1406 2449 1549 2516 mosaico
1576 2448 1698 2539 quode

369 2555 463 2621 coelo
483 2554 573 2622 venit
594 2555 824 2623 extenuabant
843 2561 996 2645 petentes
1018 2557 1100 2624 satis
1116 2562 1233 2646 aperte
1257 2557 1360 2624 etiam
1376 2557 1512 2644 signum
1528 2555 1697 2646 aliquado

369 2662 461 2729 coelo
476 2662 576 2752 quale
598 2662 664 2730 luit
681 2663 820 2751 signum
845 2663 1049 2748 mosaicum,
1073 2664 1123 2731 ita
1147 2663 1328 2731 verisimile
1347 2670 1398 2731 est
1420 2670 1453 2730 et
1470 2686 1561 2730 nuria
1580 2663 1697 2753 phari·

369 2791 464 2836 saeos
481 2769 599 2836 audita
617 2769 709 2838 lama
726 2771 971 2838 miraculorum
996 2771 1121 2839 Christi
1139 2778 1174 2838 et
1193 2771 1418 2859 singulariter
1433 2772 1505 2838 eius
1523 2769 1696 2860 quodiam

370 2898 446 2944 mox
466 2877 637 2972 ediderat,
651 2879 793 2945 coeleste
816 2878 956 2969 aliquod
977 2878 1115 2966 signum
1131 2877 1176 2946 ab
1195 2901 1235 2946 eo
1249 2879 1400 2969 petiisse,
1425 2900 1492 2968 quo
1511 2877 1698 2945 declararet

368 3006 463 3051 snam
478 2985 714 3052 auctoritatem
729 2990 763 3052 et
780 3007 816 3052 se
836 3007 907 3053 esse
926 3007 1006 3053 vere
1026 2985 1194 3070 Messinm,
1209 2991 1248 3054 ut
1263 2987 1290 3053 si
1305 2986 1373 3053 tale
1388 2986 1486 3053 edere
1504 3008 1571 3053 non
1588 2993 1696 3076 posset

370 3091 501 3182 reliqna
514 3093 630 3160 omnia
644 3093 810 3160 miracula
821 3093 894 3160 eius
908 3093 1202 3161 calumniarentur
1221 3100 1396 3184 tamquam
1412 3115 1478 3160 non
1498 3093 1629 3176 divina,
1644 3099 1696 3161 at·

370 3222 436 3288 que
458 3200 667 3267 occasionem
695 3198 869 3267 haberent·
885 3200 1090 3269 extenuandi
1117 3201 1341 3289 singulariter
1359 3200 1561 3268 miraculum
1581 3223 1697 3268 recens

370 3307 493 3373 laetum
514 3312 547 3374 et
562 3306 655 3398 apud
671 3307 827 3375 homines
842 3307 1054 3376 celebratum
1070 3335 1086 3368 a
1103 3308 1242 3399 (lans.);
1261 3331 1291 3375 v.
1317 3315 1354 3376 11
1372 3320 1404 3375 et
1415 3310 1567 3376 exierunt
1577 3308 1696 3398 phari·

368 3412 456 3495 soei,
474 3436 512 3481 ex
526 3413 663 3482 sedibus
687 3414 757 3482 suis
775 3414 811 3481 in
826 3421 919 3483 terra
936 3421 1069 3498 sancta,
1094 3416 1142 3483 ita
1163 3421 1201 3483 ut
1215 3415 1260 3483 ad
1278 3415 1417 3483 insidias
1435 3421 1507 3483 lesu
1521 3416 1696 3484 struendas

370 3521 435 3588 iam
463 3544 530 3589 non
555 3527 753 3589 vererentur
775 3523 932 3611 regiones
958 3545 1096 3615 quoque
1116 3523 1297 3611 gentilium
1319 3523 1473 3611 ingredi;
1499 3524 1546 3591 ita
1570 3524 1692 3614 aliqui,

368 3630 426 3717 qui
437 3630 610 3717 regionem
623 3629 850 3698 Dalmanutha
864 3629 901 3697 in
915 3629 1029 3698 littore
1036 3630 1193 3698 orientali
1208 3631 1376 3698 collocant
1388 3631 1444 3720 (cl.
1469 3632 1593 3720 Weiss).
1612 3635 1694 3700 Cum

368 3735 502 3803 dicatur
516 3738 686 3804 Christum
706 3738 837 3805 venisse
857 3738 892 3804 in
915 3744 1030 3828 partes
1049 3743 1086 3806 b.
1111 3738 1223 3828 ipsum
1237 3740 1349 3806 vicum
1367 3738 1420 3805 vel
1444 3739 1607 3829 oppidum
1627 3760 1694 3806 nou

370 3842 504 3911 videtur
518 3846 679 3928 intrasse;
697 3867 805 3937 quare
818 3844 922 3912 simul
936 3851 1041 3936 atque
1055 3844 1240 3913 audierunt
1253 3868 1331 3913 eum
1342 3845 1527 3928 advenisse,
1542 3849 1695 3915 exierunt

369 3973 408 4016 ex
426 3951 560 4042 oppidis
576 3953 648 4020 eius
666 3951 818 4041 regionis
836 3952 998 4044 (Sekepq,
1016 3952 1170 4035 Selene,
1191 3953 1296 4044 Keil);
1324 3961 1473 4021 ceterum
1500 3955 1695 4044 pharisaeos

369 4059 470 4126 etiam
490 4081 530 4126 ex
549 4060 731 4128 ierusalem
756 4059 968 4129 descendisse
988 4061 1023 4127 in
1044 4060 1229 4128 Galilaeam
1247 4060 1292 4129 ad
1306 4061 1554 4129 observandum
1568 4067 1691 4144 lesum,

369 4165 660 4252 legimns7,1,et
684 4190 764 4236 cum
781 4189 919 4236 omnem
941 4190 1020 4235 eum
1043 4167 1245 4256 alienigenis
1267 4168 1545 4236 consuetudinem
1569 4170 1694 4236 abhor-

369 4280 498 4355 rerent,
516 4274 655 4343 fortasse
670 4278 726 4344 vix
740 4276 839 4344 multi
852 4275 1056 4344 habitabant
1067 4276 1102 4342 in
1115 4276 1279 4359 Galilaea,
1296 4299 1382 4366 quae
1398 4279 1493 4364 regio
1511 4277 1555 4343 ab
1571 4278 1610 4344 iis
1628 4279 1693 4344 iam

369 4405 436 4449 non
451 4388 561 4451 terrae
575 4388 711 4451 sanetae
725 4383 980 4467 accensebatur,
1002 4395 1035 4451 et
1052 4395 1235 4476 coeperunt
1251 4384 1446 4475 conquirere
1462 4406 1538 4450 cum
1551 4408 1605 4465 eo,
1626 4386 1695 4452 dis-

369 4497 522 4580 ceptare,
544 4490 735 4581 disputare,
753 4503 952 4583 quaerentes
970 4489 1014 4559 cb
1034 4514 1073 4559 eo
1096 4493 1233 4583 siquem
1247 4491 1288 4559 de
1308 4493 1398 4559 coelo
1421 4504 1584 4560 tentantes
1599 4515 1693 4573 error,

368 4599 627 4689 nequeenimeo
640 4601 754 4666 auimo
769 4599 932 4691 petebant
945 4604 984 4667 ut
994 4599 1183 4681 crederent,
1199 4599 1259 4667 sed
1269 4602 1343 4668 utsi
1357 4622 1422 4666 non
1439 4601 1553 4668 ederet
1569 4602 1695 4668 calum-

371 4707 487 4773 niandi
505 4708 714 4775 occasionem
728 4706 906 4775 haberent.
924 4708 1088 4776 Dicuntur
1101 4729 1238 4799 quoque
1253 4713 1385 4775 tentare
1397 4730 1487 4792 eum,
1500 4710 1579 4799 quia
1595 4709 1697 4777 modo

370 4814 523 4882 indebito
537 4817 609 4883 eius
624 4816 811 4906 potentiam
825 4815 970 4906 experiri
992 4815 1123 4883 volunt.
1140 4815 1302 4884 Plurimis
1319 4817 1410 4883 enim
1425 4817 1531 4903 signis
1549 4840 1582 4884 se
1598 4817 1665 4885 iam
1679 4841 1699 4882 a

822 4932 1253 4982 RmmmmMm-m
