3960 5654
173 529 233 589 aar
652 503 654 508 ’
721 542 811 587 uine.
837 527 886 599 10,
909 529 959 587 to.

173 679 323 746 minibus
338 676 508 740 Christum
528 679 699 742 mortuum
722 699 803 743 esse.
821 679 911 743 Mitto
930 676 1024 765 quod
1043 672 1078 739 id
1102 679 1289 743 necessario
1314 696 1501 763 cousequa-

171 793 228 852 tur
249 808 267 849 c
292 779 554 870 quamplurimis
578 780 659 848 locis
676 784 755 849 uovi
784 783 973 862 testamenti
996 782 1103 867 (loan.
1130 786 1197 860 l,9.
1229 790 1286 862 16;
1314 787 1402 863 tw.
1427 788 1498 846 Act.

172 897 285 970 1730.
317 893 410 953 hom.
441 892 536 966 5,18;
562 894 708 969 11,32.1
731 890 815 955 Tim.
833 894 908 966 ‘2‚t;
929 892 1018 965 t‚10.
1039 888 1102 953 Tit.
1129 894 1221 968 211.
1247 890 1348 959 Hebr.
1373 892 1501 967 12,8.2

171 1001 258 1063 Petr.
277 998 366 1079 3,t)),
386 992 481 1058 mitto
499 994 590 1081 quod
609 997 729 1062 Paulus
744 993 779 1059 id
793 993 1015 1080 apertissimis
1031 995 1141 1061 verbis
1155 992 1379 1062 affirmaverit
1392 997 1499 1081 (Rom.

150 1103 262 1179 ’8,39.
283 1102 392 1165 reor.
411 1106 502 1178 5,lt.
524 1108 575 1167 15.
601 1110 615 1168 1
640 1103 725 1168 Tim.
744 1100 834 1186 2,o);
856 1098 942 1165 illud
970 1101 1050 1166 satis
1076 1102 1119 1167 sit
1140 1099 1414 1168 animadvertere
1441 1123 1500 1166 no-

170 1207 263 1274 mina
281 1207 405 1273 maltos
423 1214 457 1273 et
482 1229 596 1274 omnes
614 1208 783 1274 contraria
805 1228 873 1271 non
889 1228 958 1272 esse
975 1229 1086 1295 neque
1101 1209 1190 1274 inter
1210 1229 1245 1272 se
1267 1229 1425 1295 pugnare
1444 1230 1502 1274 ne-

169 1334 236 1403 que
251 1313 397 1380 alterum
413 1315 520 1380 altero
542 1314 692 1395 excludi,
711 1314 808 1404 quasi
835 1334 915 1377 vero
935 1335 1013 1379 cum
1030 1316 1153 1382 multos
1172 1313 1317 1380 dicimus
1342 1314 1407 1381 hoc
1426 1314 1502 1404 ipso

168 1439 334 1505 negemus
352 1441 421 1485 esse
437 1442 562 1486 omnes.
585 1422 642 1487 Dic
662 1423 709 1486 ita
730 1442 738 1488 :
757 1417 855 1484 multi
869 1420 1104 1506 conflagrante
1117 1418 1290 1508 Pentapoli
1307 1420 1499 1507 perierunt;

169 1546 252 1591 num
268 1527 433 1613 sequitur,
454 1533 491 1591 ut
510 1549 577 1592 non
596 1549 714 1593 omnes
728 1525 821 1592 illius
836 1526 985 1611 regionis
1002 1528 1197 1594 incolae‘l...
1216 1527 1334 1615 itaque
1349 1526 1502 1591 Christus

170 1638 313 1698 mortem
333 1633 547 1720 oppetiturus
565 1656 627 1721 pro
643 1632 802 1698 omuibus
821 1631 1017 1698 hominibus
1035 1634 1096 1721 qui
1110 1655 1255 1700 numero
1271 1630 1369 1699 multi
1385 1631 1501 1720 utique

167 1745 262 1818 suut,
279 1738 419 1804 omuino
433 1736 477 1802 ad
493 1739 671 1805 veritatem
687 1739 818 1804 locutus
842 1743 892 1804 est
914 1760 993 1804 cum
1016 1738 1183 1826 praedixit
1199 1739 1361 1806 daturum
1380 1761 1415 1806 se
1429 1739 1503 1805 ani-

167 1866 260 1912 mam
286 1867 383 1911 suam
401 1842 675 1932 redemptionem
695 1865 759 1933 pro
782 1844 898 1910 multis
920 1873 936 1905 u
954 1845 1090 1931 (Patr).
1114 1850 1224 1934 Atque
1243 1844 1346 1912 Eutl.
1368 1844 1501 1933 simpli-

167 1952 252 2017 citer
270 1950 352 2018 dicit
370 1947 499 2022 πολλοὺς
520 1940 554 2011 δὲ
571 1957 621 2011 νῦν
640 1949 709 2022 τοὺς
727 1945 844 2022 πάντας
862 1949 946 2038 λέγει
965 1957 999 2016 et
1026 1972 1125 2039 saepe
1150 1953 1361 2039 scripturam
1387 1952 1501 2018 dicere

167 2053 299 2128 πολλοὺς
315 2055 384 2129 τοὺς
397 2061 525 2128 πάντας·
548 2058 612 2122 Alii
628 2058 742 2123 dicere
758 2058 889 2123 malunt
906 2058 1076 2123 nominari
1095 2057 1219 2122 multos
1233 2058 1315 2145 quia
1330 2057 1501 2124 efficaciae

168 2165 287 2229 mortis
299 2164 420 2229 Christi
434 2171 466 2228 et
482 2164 611 2229 lructus
624 2185 820 2230 nonomnes
836 2164 942 2230 luturi
958 2170 1036 2228 sunt
1057 2165 1240 2252 participes
1258 2164 1313 2249 (cl.
1331 2162 1408 2229 Alb.
1424 2164 1498 2231 Gai.

167 2271 259 2336 lans.
281 2268 387 2336 Mald.
411 2273 492 2359 an.
525 2270 619 2357 etc).
651 2273 805 2336 Ceterum
827 2292 896 2358 quo
922 2271 997 2360 quis
1016 2270 1125 2356 magis
1148 2292 1183 2335 se
1203 2271 1317 2336 auimo
1340 2275 1373 2335 et
1401 2270 1502 2335 mini·

166 2377 270 2443 sterio
286 2375 459 2442 demiserit
471 2398 550 2442 eum
567 2376 678 2461 magis
693 2399 829 2465 quoque
850 2377 980 2442 honore
995 2384 1028 2442 et
1047 2377 1156 2461 gloria
1176 2377 1218 2442 iri
1240 2375 1440 2455 exaltatum,
1466 2378 1502 2441 in
1596 2411 1599 2415 ν

167 2484 240 2572 ipso
266 2506 402 2572 quoque
427 2484 574 2564 Christo,
603 2488 740 2548 auctore
768 2481 846 2548 fidei
867 2491 900 2548 et
928 2489 1221 2564 consummatore,
1250 2484 1411 2563 cernitur,
1442 2485 1501 2571 qui

166 2590 239 2657 scil.
255 2612 289 2655 se
301 2590 411 2679 ipsum
424 2590 611 2656 exinanivit
622 2596 656 2655 et
668 2589 861 2656 humiliavit
873 2592 981 2656 lactus
990 2589 1154 2656 obediens
1168 2589 1330 2679 usquead
1342 2595 1498 2669 mortem,

168 2703 311 2763 mortem
332 2703 446 2762 autem
461 2697 588 2777 crucis3
609 2708 752 2785 propter
770 2695 864 2785 quod
881 2704 914 2763 et
929 2701 1015 2763 Deus
1028 2697 1186 2764 exaltavit
1201 2696 1300 2762 illum
1314 2701 1348 2761 et
1362 2695 1503 2762 donavit

167 2800 216 2866 illi
230 2823 355 2868 nomen
372 2802 462 2891 quod
481 2809 529 2868 est
544 2825 648 2891 super
664 2823 764 2868 omne
779 2825 919 2884 nomen,
937 2811 975 2868 ut
995 2805 1028 2868 in
1048 2802 1189 2869 nomine
1207 2806 1279 2868 lesu
1294 2824 1396 2869 omne
1409 2824 1502 2889 genu

145 2908 323 2974 tilectatur
338 2916 402 2974 etc.
422 2909 507 2975 Phil.
525 2915 657 2988 ‘lsi-ll.

386 3133 414 3188 Ε).
440 3129 523 3189 lesus
546 3131 578 3188 iu
600 3128 768 3189 Ierusalem
790 3137 861 3189 orate
883 3132 1055 3210 passione-ur
1079 3133 1290 3203 lodo-irat.

211 3347 299 3408 lesus
314 3365 334 3408 a
349 3347 473 3408 Peraea
488 3342 599 3408 tendit
616 3344 650 3408 in
667 3343 798 3408 urbem.
813 3342 906 3419 Quod
919 3365 940 3408 a
951 3365 1049 3408 caeco
1064 3365 1171 3432 prope
1187 3343 1318 3409 lericho
1334 3343 1501 3410 salutatur

166 3448 255 3514 filius
271 3447 376 3514 David
392 3449 499 3514 turbis
514 3448 752 3537 undiqueeum
767 3449 982 3535 stipantibus,
994 3450 1149 3537 estquasi
1162 3450 1376 3537 prooemium
1391 3449 1500 3538 quod-

165 3553 245 3620 dam
269 3564 303 3620 et
328 3554 497 3643 quaedam
519 3556 736 3644 praeparatio
756 3555 907 3620 eiusdem
930 3556 1185 3620 acclamationis
1199 3577 1269 3644 qua
1291 3557 1328 3620 in
1343 3556 1500 3622 sollemni

165 3661 201 3727 iu
216 3660 338 3726 urbem
353 3661 506 3748 ingressu
523 3683 544 3726 a
562 3660 671 3727 turbis
692 3662 869 3750 excipitur.
890 3663 941 3727 Uti
956 3662 1039 3726 alias
1058 3683 1211 3751 quoque,
1230 3663 1278 3728 ita
1301 3664 1502 3751 cumprimis

167 3768 203 3832 in
233 3768 296 3832 hac
327 3776 422 3855 parte
447 3767 578 3833 adverti
605 3772 715 3855 potest
738 3769 836 3832 llarci
868 3768 1085 3853 evangelium
1108 3789 1173 3833 non
1198 3767 1359 3835 destinari
1379 3768 1501 3836 iisdem

166 3873 292 3961 quibus
308 3895 409 3938 suum
427 3874 610 3939 llatthaeus
625 3875 776 3962 scripsit,
794 3874 847 3938 vel
869 3873 980 3962 potius
998 3878 1135 3939 Petrum
1151 3868 1276 3940 Romae
1292 3873 1392 3940 aliter
1405 3897 1502 3963 prae-

166 3978 311 4059 dicasse,
339 3980 439 4046 aliter
464 3980 669 4045 llatthaeum
693 3981 726 4045 in
753 3979 887 4046 ludaea.
913 3981 1097 4045 llatthaeus
1121 3981 1211 4045 euim
1235 4002 1275 4046 ex
1296 3980 1359 4046 hac
1380 3980 1502 4047 ultima

167 4087 288 4152 lesuin
305 4086 390 4152 urbe
405 4087 673 4152 commoratione
690 4085 797 4151 multa
816 4086 914 4151 allert
930 4108 1017 4174 quae
1034 4087 1164 4151 ratione
1179 4108 1318 4174 prorsus
1333 4087 1501 4174 singulari

167 4191 308 4258 ludaeos
323 4200 482 4278 tangunt,
501 4192 582 4257 vitia
599 4193 794 4280 principum
811 4194 1064 4280 perstringunt,
1080 4199 1204 4257 sortem
1219 4193 1337 4281 populi
1354 4193 1504 4259 infidelis

167 4297 375 4364 adumbrant
401 4299 457 4386 (cl.
491 4299 605 4365 llatth.
638 4304 817 4379 arms-3²23
857 4305 1013 4378 aul-1¹43
1044 4300 1212 4384 aar-39).
1240 4303 1366 4365 llarcus
1393 4322 1503 4389 pauca

168 4405 287 4480 refert,
305 4428 345 4470 ea
364 4407 435 4471 scil.
460 4427 548 4492 quae
566 4406 755 4471 necessaria
781 4411 859 4470 suut
877 4411 914 4469 ut
940 4405 1137 4470 ostendatur
1156 4427 1218 4470 cur
1239 4407 1409 4495 principes
1422 4405 1501 4471 odio

167 4509 261 4576 letali
278 4512 456 4577 [lominum
471 4513 637 4600 persecuti
653 4512 720 4576 sint
733 4517 766 4575 et
782 4512 902 4576 merito
918 4533 938 4576 a
954 4516 1019 4576 lleo
1035 4511 1228 4599 reprobati3
1247 4513 1293 4576 ita
1311 4533 1342 4574 v.
1360 4534 1395 4597 g.
1413 4536 1502 4601 quae

167 4617 353 4682 Matthaeus
377 4641 439 4706 per
457 4625 564 4684 totum
580 4619 651 4683 lere
670 4623 772 4705 caput
787 4623 829 4682 23
845 4618 1073 4704 prosequitur,
1090 4617 1285 4682 brevissime
1306 4617 1398 4705 apud
1413 4624 1497 4684 llar-

169 4744 247 4788 cum
269 4728 430 4802 1238!le
443 4732 695 4814 proponuntur.
