3960 5654
757 409 851 454 unae.
874 389 924 460 13,
947 392 1037 451 5-13.
1507 390 1566 449 ata

234 535 287 598 alii
302 556 339 600 ea
353 537 487 617 proponi
504 543 537 599 et
555 541 732 601 enumerari
753 544 923 621 opinantur
941 557 1022 617 quae
1044 540 1209 601 communi
1231 540 1370 615 quadam
1389 541 1510 601 ratione
1534 547 1566 598 et

235 635 273 696 ad
287 638 376 698 urbis
390 635 515 696 ruinam
531 637 614 698 etad
631 639 939 700 consummationem
955 638 1073 699 saeculi
1091 637 1354 715 praesignandam
1370 644 1401 697 et
1418 640 1566 699 inducen-

235 733 309 795 dam
324 731 504 812 pertineant
523 734 603 814 (Alb.
621 731 751 810 Scirona,
768 734 857 811 Fit).
876 736 939 796 lam
966 735 1041 795 Vici.
1059 735 1155 794 refert
1170 735 1249 794 alios
1264 734 1341 794 baec
1355 736 1511 811 explicare
1527 737 1565 795 de

236 831 522 903 consummatione,
540 833 584 894 uti
598 834 797 910 Apotinarius
813 838 844 892 et
860 833 1046 894 Theodorus
1063 839 1315 909 mopsuestenus,
1332 833 1411 892 alios
1427 832 1465 892 de
1479 835 1567 893 deso-

234 927 352 990 latione
367 927 547 1001 Ierusalem,
565 930 611 989 uti
628 931 726 993 Titus,
744 932 860 990 Verum
876 932 901 991 si
917 931 1042 1009 singula
1056 930 1303 1007 perpendantur,
1322 930 1425 990 neutri
1440 939 1567 989 seuten-

234 1024 298 1085 tiae
316 1025 422 1086 accedi
443 1032 557 1107 potest.
574 1028 642 1087 Non
660 1030 861 1107 assignantur
876 1029 967 1106 signa
983 1028 1111 1107 praevia
1127 1027 1328 1086 destructioni
1346 1029 1441 1087 urbis.
1460 1030 1567 1104 Neque

235 1121 320 1182 enim
338 1140 418 1200 quae
434 1125 473 1186 ab
488 1124 647 1202 aliquibus
665 1128 842 1187 atteruntur
856 1126 895 1186 de
916 1126 1008 1186 bellis
1029 1126 1062 1184 in
1083 1126 1178 1184 variis
1197 1125 1321 1201 imperii
1338 1126 1459 1184 romani
1474 1127 1568 1204 parti-

235 1217 294 1278 bus
313 1222 410 1299 gestis
428 1223 477 1283 vel
495 1221 534 1282 de
554 1221 761 1284 seditionibus
778 1223 810 1282 in
828 1224 960 1284 ludaeos
979 1224 1126 1282 excitatis
1143 1222 1365 1290 Alexandriae,
1386 1223 1470 1299 'syri
1494 1223 1566 1281 Cae·

236 1333 355 1393 sareae,
372 1319 570 1398 Scythopoli‚
588 1322 739 1382 Ascalone
755 1321 807 1399 (ci.
827 1318 958 1398 Calin),
977 1320 1172 1380 considerari
1190 1325 1324 1396 possunt
1343 1326 1508 1395 tamquam
1524 1321 1569 1377 in·

235 1413 319 1476 dicia
332 1418 419 1478 urbis
434 1434 509 1477 mox
522 1417 743 1480 destruendae.
762 1419 894 1496 insuper
906 1435 988 1495 quae
1008 1417 1093 1477 belia
1108 1417 1312 1495 intelligenda
1325 1418 1400 1487 sint,
1417 1417 1569 1477 discimus

237 1529 277 1573 ex
290 1532 319 1573 v.
332 1515 504 1594 8easur9et
518 1516 597 1575 enim
610 1524 688 1588 etc.;
702 1518 765 1576 iam
781 1534 855 1577 vero
868 1517 958 1577 hisce
974 1517 1094 1575 maiora
1110 1514 1266 1591 quaedam
1278 1515 1493 1575 enuntiantur.
1511 1516 1570 1574 Ne-

238 1627 302 1689 que
316 1611 412 1671 obiici
428 1616 533 1690 potest
547 1631 618 1675 cum
635 1612 734 1675 Celm.
752 1614 865 1674 saltem
885 1631 968 1691 quae
984 1615 1017 1674 in
1033 1632 1062 1672 v.
1080 1617 1099 1674 9
1114 1612 1262 1673 dicantur
1274 1612 1312 1672 ad
1331 1613 1484 1673 amussim
1501 1631 1569 1672 esse

238 1706 378 1786 expleta;
394 1731 410 1765 n
424 1712 584 1788 apostolos
599 1713 685 1772 enim
701 1712 805 1772 ludaei
823 1712 1027 1790 ierosolymis
1047 1712 1131 1790 apud
1150 1711 1269 1772 iudices
1285 1711 1495 1788 postulavere,
1511 1711 1570 1769 vir-

237 1804 287 1884 gis
301 1806 442 1868 cecidere
458 1809 492 1868 in
507 1810 688 1889 synagogis,
705 1810 788 1889 apud
808 1811 939 1871 iudaeae
956 1809 1137 1888 praesides,
1154 1826 1243 1887 reges
1255 1813 1287 1868 et
1300 1809 1505 1887 imperatores
1521 1825 1570 1867 ac·

236 1918 383 1965 cusavere
399 1905 479 1985 (Act.
496 1908 547 1978 l,3
562 1925 628 1984 seq.
647 1910 753 1980 l5,13;
768 1909 860 1975 2219
876 1907 968 1986 etc.);
985 1914 1018 1967 et
1036 1907 1062 1966 si
1075 1914 1255 1968 ceterorum
1271 1908 1485 1984 apostolorum
1501 1911 1570 1965 acta

235 2005 408 2076 exstarent,
424 2021 475 2065 res
490 2003 636 2082 planede
652 2004 714 2064 illis
728 2007 896 2083 perspicua
911 2007 1002 2065 lieret
1019 2025 1050 2076 »3
1065 2024 1139 2064 nam
1155 2006 1229 2064 inv.
1249 2006 1285 2063 10
1301 2005 1332 2064 id
1348 2005 1487 2082 primum
1503 2004 1568 2063 lieri

234 2097 350 2161 debere
364 2101 527 2172 asseritur,
541 2103 625 2179 quod
638 2104 813 2185 certissime
829 2107 900 2163 ante
914 2104 1181 2182 oppugnationem
1198 2102 1285 2162 urbis
1299 2108 1422 2162 nonest
1436 2101 1569 2170 lactum3

235 2196 334 2258 immo
347 2200 434 2277 quod
448 2218 489 2260 ne
504 2201 620 2260 nostris
634 2200 765 2278 quidem
776 2201 975 2278 temporibus
992 2201 1170 2278 perlectum
1184 2206 1243 2260 est.
1256 2200 1389 2260 Proinde
1406 2201 1569 2277 perspicue

235 2300 323 2374 patet
336 2297 415 2358 haee
429 2316 495 2359 non
510 2305 652 2376 spectare
668 2300 705 2359 ad
722 2299 973 2359 destructionem
991 2299 1090 2358 urbis.

275 2397 383 2474 Neque
407 2397 496 2474 signa
520 2397 636 2458 dantur
654 2398 942 2457 consummationis
968 2397 1100 2455 saeculi.
1125 2396 1211 2464 Quae
1239 2396 1326 2454 enim
1352 2401 1571 2472 proponuntur

236 2491 396 2554 eiusmodi
412 2500 486 2555 sunt
506 2513 586 2573 quae
606 2495 802 2572 experientia
824 2500 904 2554 teste
927 2511 984 2570 per
1004 2493 1205 2553 saeculorum
1226 2509 1354 2552 cursum
1373 2493 1488 2552 iterum
1511 2494 1569 2552 ite·

237 2606 376 2669 rumque
401 2597 585 2652 evenerunt.
611 2593 695 2652 lnter
717 2593 850 2652 ludaeos
875 2592 965 2652 multi
992 2592 1055 2650 iam
1079 2592 1269 2651 exstiterunt
1294 2591 1568 2668 pseudomessiae;

236 2687 302 2749 lere
316 2688 447 2766 triginta
462 2690 560 2767 aliqui
579 2698 789 2750 numerarunt
808 2690 860 2768 (ol.
883 2690 1063 2750 Commeat.
1091 2691 1122 2747 in
1146 2688 1254 2748 llattb.
1279 2690 1304 2748 ll
1325 2706 1355 2765 p.
1375 2690 1460 2765 illul:
1478 2705 1570 2765 porro

236 2785 306 2865 ipso
332 2786 483 2864 loquendi
505 2789 600 2848 modo
621 2786 709 2846 1111ιίιὶ
731 2789 848 2847 verriana
869 2794 928 2848 etc.
953 2789 1030 2846 satis
1054 2788 1241 2864 exprimitur
1260 2786 1292 2845 id
1310 2804 1373 2845 non
1392 2786 1430 2845 ad
1451 2793 1569 2846 certum

237 2883 366 2963 aliquod
389 2889 516 2964 tempus
541 2886 772 2964 designandum
799 2886 950 2965 proferri,
977 2902 1088 2944 verum
1115 2885 1271 2943 enuntiari
1293 2884 1378 2962 quod
1404 2884 1571 2961 perlonga

236 2983 390 3060 temporis
406 2983 505 3061 spatia
519 2989 551 3043 et
566 2985 700 3061 repetito
716 2984 857 3044 luturum
876 2985 926 3042 sit.
948 2984 1046 3042 Porro
1061 2983 1158 3054 belia,
1174 2983 1288 3052 lanies,
1305 2987 1512 3042 terraemotus
1529 2984 1570 3041 ita

233 3077 366 3141 historia
384 3085 463 3141 teste
478 3080 588 3141 crebro
608 3081 740 3161 singulis
758 3081 890 3140 saeculis
910 3080 1112 3145 acciderunt.
1131 3085 1164 3139 ut
1184 3079 1345 3156 quomodo
1367 3080 1570 3158 praeambula

236 3193 306 3238 esse
324 3177 447 3256 possint
465 3179 746 3239 consummationis
762 3179 877 3239 saeculi
894 3185 924 3238 et
945 3183 978 3237 ut
992 3178 1069 3236 talia
1085 3178 1231 3250 cognosci
1250 3178 1314 3236 iam
1335 3194 1427 3236 nemo
1444 3177 1568 3236 dixerit.

236 3276 343 3353 Neque
358 3275 445 3336 dieas
463 3278 660 3355 gravissimas
681 3277 841 3337 eiusmodi
863 3277 1061 3336 calamitates
1079 3277 1109 3333 in
1127 3276 1207 3354 signi
1223 3275 1291 3334 loco
1310 3275 1471 3334 habendas
1487 3292 1567 3334 esse.

236 3373 316 3433 Nam
331 3390 433 3451 neque
446 3373 485 3435 de
499 3375 696 3453 gravissimis
712 3391 816 3434 sermo
833 3377 984 3450 litaeque
1000 3375 1026 3433 si
1045 3378 1133 3432 lieret
1151 3373 1325 3432 ullomodo
1340 3375 1485 3450 cognosci
1503 3389 1569 3450 pos-

235 3475 285 3532 set
305 3488 463 3549 quaenam
485 3473 551 3532 sint
572 3472 716 3532 omnium
734 3473 939 3550 gravissimae
960 3472 1168 3531 adversitates
1189 3471 1303 3547 quibus
1322 3471 1480 3548 graviores
1506 3471 1567 3529 iam

235 3584 299 3629 non
319 3570 543 3631 subsecuturae
563 3571 636 3629 sint.
661 3572 769 3647 Neque
788 3571 1024 3647 persecutiones
1046 3574 1179 3645 possunt
1201 3585 1269 3627 esse
1289 3569 1394 3645 sigua3
1418 3569 1568 3646 plurimas

237 3665 324 3726 enim
335 3667 398 3726 iam
409 3667 561 3728 sustinuit
576 3667 718 3727 Ecclesia
730 3673 762 3727 et
776 3669 808 3726 in
818 3669 910 3727 rariis
926 3668 1012 3726 orbis
1028 3669 1170 3744 partibus
1184 3683 1235 3725 eas
1250 3666 1314 3726 lere
1329 3667 1481 3726 continuo
1498 3667 1569 3725 sub-

236 3763 260 3825 it
274 3764 370 3825 modo
384 3766 557 3826 atrociores
578 3765 673 3825 modo
689 3766 794 3842 specie
814 3766 943 3842 quidem
967 3783 1028 3824 uon
1048 3765 1126 3823 adeo
1146 3764 1238 3823 duras
1262 3765 1317 3823 sed
1338 3770 1443 3823 tamen
1460 3765 1568 3841 plenas

237 3862 396 3939 periculis.

277 3959 378 4031 Quare
399 3961 592 4038 illaquoque
613 3962 768 4021 sententia
781 3961 976 4022 excludenda
993 3967 1041 4018 est
1059 3978 1121 4036 qua
1141 3961 1216 4019 haec
1232 3960 1270 4018 ad
1290 3967 1459 4037 utrumque
1475 3978 1568 4019 ereu-

237 4061 305 4118 tum
321 4060 481 4119 communi
497 4060 635 4136 quodam
657 4059 752 4120 modo
774 4066 915 4138 spectare
934 4064 966 4118 et
983 4059 1080 4117 vrtuti
1096 4059 1182 4136 sigua
1199 4058 1329 4137 proferri
1351 4057 1447 4135 aliqui
1465 4058 1568 4116 existi-

239 4160 338 4216 mant.
353 4156 445 4216 Nulla
464 4157 497 4215 in
517 4157 575 4216 hac
594 4164 681 4234 parte
701 4158 856 4217 sermonis
876 4157 1053 4216 elleruutur
1075 4157 1178 4233 signa3
1197 4155 1252 4213 sed
1272 4154 1414 4214 Christus
1437 4173 1568 4214 monens

240 4270 319 4332 quae
334 4254 472 4332 pericula
483 4272 610 4332 semper
627 4256 772 4334 ingruant
787 4262 818 4315 et
831 4255 993 4332 quomodo
1008 4258 1119 4313 contra
1135 4254 1188 4312 illa
1203 4259 1346 4331 oporteat
1364 4270 1432 4312 sese
1449 4272 1568 4313 arumre

239 4351 336 4412 simul
351 4352 443 4412 docet
461 4352 621 4430 apostolos
639 4370 760 4429 uosque
783 4370 895 4412 ornnes
916 4353 989 4429 quid
1012 4352 1183 4429 praecipue
1199 4352 1239 4410 ob
1260 4350 1367 4410 oculos
1387 4350 1568 4411 babendum

241 4449 283 4510 sit
302 4467 375 4528 prae
397 4450 450 4510 illa
475 4451 513 4510 de
538 4451 636 4528 signis
657 4457 848 4529 attempero
876 4451 1031 4510 adrentus
1053 4451 1180 4509 curiosa
1208 4449 1405 4525 quaestione.
1425 4451 1568 4510 Ceterum

240 4547 319 4608 haec
333 4547 383 4607 hic
398 4548 568 4621 sufficiant3
586 4549 676 4627 plura
691 4549 761 4608 ride
777 4550 806 4607 in
820 4550 998 4608 Continent.
1018 4548 1125 4606 lluttlr.
1145 4549 1167 4607 ll
1186 4566 1216 4624 p.
1230 4551 1288 4606 :tm
1304 4564 1371 4622 seq.
1388 4549 1445 4606 :tas
1463 4566 1527 4624 seq.

280 4647 374 4706 Notat
387 4644 477 4705 Patr.
492 4667 501 4704 :
516 4672 530 4699 «
545 4664 654 4707 versus
670 4649 708 4706 l0
723 4647 797 4706 sede
812 4665 867 4706 sua
883 4648 1024 4706 dimotus
1041 4663 1109 4704 esse
1125 4646 1258 4705 videtur.
1278 4646 1403 4704 Etenim
1419 4647 1488 4704 eius
1505 4663 1569 4704 rua·

242 4744 336 4805 teries
348 4761 421 4804 cum
437 4747 568 4804 materie
586 4746 800 4822 proximorum
818 4762 967 4804 versuum
984 4745 1117 4802 minime
1132 4743 1289 4808 cohaeret,
1309 4744 1408 4801 immo
1425 4743 1505 4802 banc
1523 4745 1569 4801 in-

242 4843 412 4920 terrumpit
429 4866 456 4902 ».
474 4842 534 4903 Sed
556 4843 633 4903 baec
653 4844 731 4903 ratio
752 4860 819 4903 rem
843 4862 905 4903 non
922 4843 1055 4911 erincit;
1074 4859 1190 4900 nexum
1209 4842 1295 4900 euim
1317 4841 1467 4901 exsistere
1486 4857 1572 4901 eum·
1670 4825 1673 4829 ’
