3960 5654
1253 118 1270 151 .”
1289 122 1323 152 2:
1345 113 1435 154 'siivas
1459 99 1637 205 &swa
1658 124 1662 133 ¹

1251 156 1255 168 ι
1277 156 1280 163 ¹
1317 146 1325 159 ⁹
1348 132 1506 175 *l'u'j‘hrhfl
1639 136 1659 177 U<

1452 251 1457 258 .
1492 286 1496 291 ,
1574 252 1658 296 flavit·

156 454 216 518 tis
688 478 778 524 naec.
800 462 830 530 8,
853 458 956 518 ets-29.

156 631 244 701 quae
256 611 423 679 sententia
438 631 477 674 ex
492 608 565 676 llal.
584 617 640 694 t‚5
656 618 805 690 ortaest;
822 608 887 676 alii
896 630 973 676 vero
983 611 1105 702 (quasi)
1123 631 1229 675 ararem
1242 610 1283 677 de
1294 606 1481 699 prophetie,

156 718 335 809 superfluit
348 716 463 805 prensi,
487 717 534 784 uti
550 718 615 786 iam
634 722 707 790 Coi.
724 720 875 787 adnotat.
896 721 939 783 Er
957 717 1008 785 his
1022 718 1114 804 vulgi
1129 717 1346 805 opinionibus
1358 717 1482 781 iterum

156 830 300 917 apparet
314 845 416 913 quam
434 827 599 894 tenaciter
615 835 649 895 et
668 828 769 895 veluti
786 823 956 892 mordicus
974 825 1188 894 adhaeserint
1205 827 1356 913 opinioni
1371 822 1413 889 de
1430 844 1481 887 re·

154 954 225 1019 gno
247 931 410 998 messiano
435 956 513 1001 cum
536 958 662 1026 pompa
682 941 715 1001 et
735 931 915 1022 splendore
930 936 1070 1000 orituro.
1094 931 1252 1010 Quamvis
1268 934 1360 998 enim
1377 928 1482 997 habe·

157 1043 232 1105 rent
247 1043 280 1104 et
300 1039 488 1108 testimonia
511 1043 647 1110 loannis
670 1041 836 1128 baptistae
856 1046 889 1106 et
912 1047 960 1107 tot
983 1045 1053 1106 lesu
1070 1037 1249 1117 miracula,
1273 1045 1384 1106 amen
1404 1057 1482 1104 eum

156 1144 303 1212 ilessiam
318 1169 385 1213 non
405 1154 610 1236 agnoscunt,
629 1148 711 1236 qnia
724 1146 773 1212 illi
788 1147 1024 1237 exspectationi
1038 1168 1104 1211 non
1119 1144 1310 1235 respondet.

199 1255 235 1318 Et
251 1253 334 1342 quid
357 1255 536 1346 discipuli?
559 1278 589 1321 v.
608 1259 650 1320 29
671 1266 751 1319 tuoe
767 1253 849 1321 dicit
869 1255 937 1321 illis
958 1274 1043 1319 :vos
1063 1276 1140 1320 uero
1160 1274 1260 1343 quem
1281 1274 1334 1318 me
1349 1274 1416 1319 esse
1432 1251 1483 1317 di-

156 1359 254 1427 citis?
272 1362 476 1453 respondeas
493 1365 613 1430 Petrus
630 1360 681 1427 ait
696 1360 729 1427 ei
751 1383 761 1428 :
786 1375 822 1428 tu
842 1385 875 1428 es
893 1360 1042 1430 Christus
1062 1363 1077 1423 ὁ
1095 1357 1244 1448 Χριστός,
1268 1359 1325 1426 ille
1341 1359 1482 1438 Messias,

156 1466 214 1535 ille
234 1491 321 1537 unus
347 1475 469 1538 Unctus
497 1490 600 1557 quem
626 1470 813 1558 prophetae
840 1469 1087 1536 annuntiarunt
1111 1457 1268 1558 atquem
1293 1488 1408 1533 omnes
1429 1488 1484 1532 ex-

156 1583 321 1666 spectant.
338 1582 427 1645 Unus
443 1575 582 1666 quidem
603 1577 782 1666 respondet
799 1580 932 1656 Petrus,
952 1574 1008 1642 sed
1025 1577 1083 1666 qni
1105 1576 1173 1642 iam
1190 1581 1363 1664 tamquam
1383 1577 1486 1663 capnt

156 1689 190 1751 et
202 1683 596 1774 princepsapostolornm
612 1685 704 1750 vario
722 1682 904 1750 modoerat
918 1682 1109 1750 declaratus
1121 1683 1299 1768 etagnitus
1311 1681 1368 1769 (cl.
1387 1686 1482 1762 1‚3s;

159 1796 367 1873 a‚1a;5,37.
395 1790 509 1857 Matth.
532 1796 628 1873 8‚lt;
661 1797 755 1872 10,a;
783 1795 893 1871 ttae.
920 1794 998 1856 Luc.
1028 1790 1186 1876 5,3.1θ).
1213 1793 1322 1866 Quare
1340 1788 1411 1855 eius
1430 1809 1483 1854 re·

157 1899 344 1988 sponsione
358 1897 459 1965 etiam
475 1897 690 1985 significatur
705 1897 845 1987 quaesit
857 1903 891 1964 et
906 1919 993 1987 quae
1007 1918 1077 1963 esse
1090 1896 1214 1964 debeat
1227 1896 1370 1963 aliorum
1387 1893 1482 1974 fides,

158 2010 189 2072 et
213 2026 291 2072 cum
317 2005 481 2073 confessio
506 2006 593 2072 Petri
615 2029 635 2072 a
664 2010 735 2071 lesu
758 2004 916 2072 laudetur
935 2011 967 2072 et
988 2004 1031 2071 ad
1053 2005 1157 2071 Patris
1179 2002 1417 2070 revelationem
1432 2024 1484 2069 re-

159 2112 289 2179 feratur
317 2113 445 2201 (Matth.
477 2112 609 2201 tarr),
639 2112 823 2179 clarissime
849 2111 1013 2179 docentur
1035 2111 1159 2201 reliqui
1182 2133 1319 2201 quoque
1341 2109 1486 2200 quidde

160 2224 231 2287 lesu
247 2217 460 2287 sentiendum
477 2220 529 2287 sit.
552 2225 686 2287 Veteres
701 2221 769 2286 iem
785 2225 972 2308 quaerunt,
1000 2241 1061 2286 cur
1079 2217 1171 2309 apud
1187 2225 1332 2285 llareum
1350 2240 1417 2284 non
1437 2217 1486 2284 le·

158 2331 260 2416 gatar
272 2327 451 2417 promissio
466 2326 524 2394 illa
539 2328 724 2413 magnifica
740 2349 828 2416 quae
848 2332 929 2394 teste
949 2327 1115 2393 Matthaeo
1131 2327 1219 2393 iacta
1235 2327 1278 2393 sit
1299 2332 1407 2393 Petro.
1429 2330 1487 2392 Vc-

159 2456 233 2502 rum
257 2456 455 2524 responsum
482 2435 566 2501 mihi
597 2435 732 2502 videtur
754 2435 822 2500 iam
848 2433 981 2501 dedisse
1006 2433 1185 2515 Eusebius,
1213 2434 1273 2524 qui
1299 2435 1335 2500 in
1357 2433 1445 2516 libro
1467 2441 1485 2501 3

157 2541 324 2611 demonst.
343 2564 467 2630 evang.
483 2542 532 2633 (p.
557 2549 636 2623 1213
652 2544 699 2609 M.
719 2547 855 2623 22216.
872 2543 951 2631 217)
964 2542 1128 2610 rationem
1142 2543 1313 2633 repetitex
1326 2563 1377 2624 eo,
1392 2540 1486 2631 qaod

157 2655 290 2731 Petrus,
314 2656 351 2717 ut
373 2649 552 2717 verisimile
574 2656 641 2732 est,
663 2650 743 2717 talia
765 2650 799 2716 in
819 2651 888 2717 suis
910 2649 1161 2717 narrationibus
1175 2672 1242 2717 non
1259 2650 1488 2717 enuntiaverit

157 2779 269 2848 neque
284 2779 432 2848 aequum
448 2758 619 2847 putaverit
631 2780 716 2848 quac
738 2757 781 2823 ad
797 2779 831 2825 se
847 2757 939 2825 etad
953 2779 1049 2824 suam
1064 2757 1199 2825 laudem
1218 2781 1238 2824 a
1256 2758 1385 2825 Christo
1397 2756 1488 2823 dicta

157 2865 225 2932 sint
252 2865 392 2955 proprio
425 2865 616 2932 testimonio
640 2866 807 2955 prolerre.
833 2869 961 2931 llarcus
984 2866 1098 2955 itaque
1123 2865 1242 2955 quiea
1264 2887 1351 2954 quae
1371 2869 1488 2932 Petrus

157 2971 370 3063 praedicavit
385 2973 418 3038 in
440 2972 680 3062 compendium
704 2972 842 3038 redacta
863 2973 1078 3062 conscripsit,
1101 2994 1179 3039 cum
1200 2977 1316 3040 Petrus
1334 2994 1374 3039 aa
1388 2971 1431 3038 de
1450 2959 1495 3039 re‘

158 3084 300 3159 taceret,
320 3101 361 3146 ne
376 3079 447 3169 ipse
463 3078 601 3169 quidem
619 3079 709 3169 quod
724 3078 889 3146 scriberet
902 3079 1060 3148 habehat.
1074 3084 1109 3146 ln
1125 3079 1270 3147 eandem
1287 3081 1487 3147 sententiam

158 3188 262 3256 etiam
278 3191 370 3254 Patr.
392 3187 570 3268 concessit;
589 3187 629 3253 cl.
652 3187 711 3254 lib.
731 3195 745 3254 t
764 3187 807 3253 de
824 3209 946 3274 evang.
967 3210 1041 3277 cap.
1062 3194 1081 3253 Ξ
1100 3210 1133 3253 n.
1152 3193 1205 3254 63.
1226 3187 1310 3268 alii,
1330 3188 1378 3254 uti
1404 3187 1484 3254 vict.

161 3295 325 3384 Tloeopd„
352 3300 473 3385 putant
497 3299 642 3361 llarcum
666 3317 705 3361 ea
725 3295 1005 3383 praetermisisse,
1029 3317 1071 3362 ne
1092 3294 1263 3362 videretur
1282 3295 1324 3361 ad
1340 3295 1487 3381 gratiam

161 3404 246 3471 Petri
262 3402 493 3493 praeceptoris
504 3403 556 3469 sui
572 3403 655 3469 haec
670 3402 808 3486 dixisse;
825 3425 913 3493 quae
937 3403 1022 3469 ratio
1040 3401 1155 3469 abesse
1172 3402 1306 3469 videtur
1324 3401 1488 3491 asimpti-

159 3511 262 3579 citate
294 3509 486 3597 evangelici
517 3511 715 3577 narratoris.
747 3510 926 3577 Existimat
954 3510 1086 3601 Sclreqq
1119 3532 1195 3603 eum
1230 3510 1379 3578 omisisse
1406 3510 1489 3598 quia

157 3640 277 3686 revera
293 3617 452 3685 nescisset
466 3618 560 3683 illam
576 3619 851 3708 promissionem;
866 3616 925 3685 sed
942 3618 1004 3685 etsi
1016 3622 1133 3685 Petrus
1147 3617 1189 3685 de
1208 3617 1267 3686 illa
1284 3640 1351 3684 non
1368 3618 1488 3708 loque·

41 3794 45 3804 ,
160 3726 273 3807 batur,
290 3732 404 3792 tannen
420 3723 620 3792 incredibile
630 3725 764 3793 videtur
778 3732 924 3794 Marcum
934 3727 993 3816 qui
1008 3727 1186 3794 Ierusalem
1200 3726 1235 3792 in
1252 3726 1335 3793 urbe
1345 3725 1489 3791 domici·

158 3833 241 3901 lium
260 3832 412 3900 habebat
426 3839 550 3900 etcum
571 3833 713 3923 reliquis
729 3856 865 3923 qnoque
876 3832 1037 3924 apostolis
1050 3833 1267 3900 familiariter
1279 3838 1428 3901 versatus
1441 3842 1490 3901 est

159 3941 242 4008 nihil
267 3940 308 4009 de
331 3963 371 4007 ea
390 3962 424 4007 ra
445 3941 662 4030 comperisse.
692 3942 848 4008 Consulto
873 3942 1084 4032 praeteriisse
1106 3948 1219 4008 censet
1240 3940 1375 4009 Sclronz
1395 3964 1437 4007 ne
1453 3942 1488 4007 in

160 4047 250 4116 libro
269 4071 330 4116 suo
352 4048 512 4138 proderat
530 4048 735 4134 alienigenis
756 4050 916 4116 llemanis
936 4049 1125 4115 institutum
1147 4070 1217 4115 esse
1238 4047 1393 4116 ordinem
1411 4072 1490 4139 pro-

161 4158 273 4248 prium
302 4156 552 4223 hierarchicum
579 4157 668 4223 inter
696 4156 921 4238 Christianam
946 4157 980 4223 in
1006 4156 1148 4246 imperio
1172 4157 1263 4223 enim
1289 4178 1430 4224 romano
1454 4164 1491 4224 ut

159 4264 341 4332 Christiani
358 4287 495 4355 ‹proque
513 4264 668 4350 collegiis
688 4263 787 4330 licitis
807 4271 1068 4332 accensarentur
1088 4286 1220 4332 necesse
1242 4265 1341 4332 luisse
1363 4271 1398 4331 ut
1421 4287 1489 4332 non

160 4379 335 4461 tamquam
350 4395 369 4439 a
382 4372 568 4461 synagogis
585 4371 785 4439 ludaeorum
803 4372 949 4462 separati
966 4395 1004 4439 ac
1024 4373 1165 4440 seiuncti
1179 4373 1487 4440 considerarentur.

201 4616 260 4677 Alii
278 4616 356 4675 alias
378 4618 408 4676 in
431 4617 574 4677 medium
596 4617 762 4695 proterrmt
784 4616 940 4686 rationes;
960 4615 1003 4675 ita
1029 4614 1137 4691 Weiss,
1158 4617 1232 4695 qnia
1250 4615 1418 4695 promissio
1439 4616 1491 4677 illa

161 4734 223 4777 non
249 4712 417 4775 rvitiarroat
441 4734 513 4776 cunr
538 4717 576 4775 iis
598 4716 636 4777 da
661 4716 777 4794 quibus
801 4714 949 4794 discipuli
975 4715 1006 4774 in
1031 4717 1300 4794 subsequentibus
1325 4717 1489 4794 usquead

164 4816 251 4885 tots
266 4813 470 4886 «decanatum
488 4814 568 4879 livit„
586 4817 660 4893 quia
674 4815 842 4895 promissio
855 4814 907 4873 illa
922 4813 998 4874 nihil
1015 4816 1156 4876 conserat
1170 4816 1208 4876 ad
1226 4816 1257 4876 id
1270 4815 1354 4892 quad
1371 4817 1491 4877 Marcus

163 4913 317 4975 illustrare
335 4914 517 4991 reprobare
540 4915 682 4976 intendat
704 4922 734 4975 et
755 4915 814 4975 sibi
838 4915 1053 4992 proposuerit,
1075 4916 1141 4975 scit.
1160 4915 1345 4993 alienigenis
1360 4915 1491 4975 demon-
