3960 5654
829 346 921 391 nanc.
944 330 994 396 rs,
1017 327 1125 387 3d3t.
1586 328 1644 386 327

355 477 500 548 Additur
522 480 629 571 (quod
650 481 761 568 glossa
784 477 920 547 videtur
943 477 998 543 vel
1023 499 1062 542 ex
1089 476 1203 542 llatth.
1233 481 1334 552 2238
1359 477 1577 566 deprompta,
1602 481 1641 542 ut

310 585 395 653 alibi
412 609 550 677 qnoque
568 609 608 653 eo
623 585 723 652 modo
739 590 846 652 textus
860 585 959 652 Marci
975 590 1097 649 auctus
1112 591 1176 660 est,
1200 581 1253 647 vel
1270 605 1309 647 ex
1326 604 1357 645 v.
1374 589 1415 649 28
1433 591 1467 648 et
1481 590 1522 651 29
1541 582 1639 650 effor-

310 695 414 782 mata)
435 692 527 783 apud
551 695 673 760 multos
694 697 793 758 testes
811 693 873 758 boc
895 703 944 757 est
963 690 1119 776 primum
1148 689 1367 767 mandatam,
1398 692 1638 778 praecipuum,

310 802 456 866 maxime
469 801 648 887 egregium
661 819 702 863 ac
719 799 845 875 nobile3
867 827 883 858 a
899 797 1051 885 primum
1066 797 1098 860 in
1117 797 1306 860 intentione
1322 796 1541 880 legislatore,
1560 797 1642 885 quia

311 907 376 973 hoc
391 906 572 995 praecipue
587 902 735 971 intendit
748 911 781 970 et
798 924 961 990 magnum
979 903 1170 991 quantitate
1186 902 1322 966 virtutis
1342 902 1374 966 in
1397 923 1522 986 genere
1543 922 1638 967 man-

310 1012 486 1092 datorum,
514 1018 627 1102 utpote
645 1010 810 1077 excedens
833 1009 964 1097 reliqua
988 1016 1021 1075 et
1043 1008 1235 1073 virtualiter
1260 1008 1435 1073 continens
1463 1009 1595 1096 reliqua
1617 1036 1632 1067 a

311 1117 426 1205 (Coit.
444 1116 607 1204 Adiungit
630 1120 719 1182 lesus
733 1116 826 1184 aliud
852 1114 944 1204 quod
965 1138 1005 1181 ex
1027 1115 1209 1180 dilectione
1226 1115 1284 1179 nei
1304 1114 1378 1179 tlnit
1397 1121 1430 1179 et
1446 1136 1524 1180 cum
1540 1136 1579 1179 ea
1599 1115 1633 1178 in

310 1244 380 1289 una
405 1223 527 1290 virtute
548 1223 741 1307 theologica
762 1221 977 1289 connectitur
1000 1245 1029 1284 r.
1057 1228 1096 1286 31
1124 1220 1309 1286 secrcudum
1331 1233 1442 1285 orclem
1462 1220 1569 1286 sterile
1592 1233 1640 1286 est

311 1328 377 1410 illi,
394 1317 520 1418 δευτέρα
534 1329 631 1408 αὕτη,
648 1329 725 1394 vide
745 1330 821 1396 lect.
838 1349 925 1406 var.‚
944 1324 1037 1413 ὁμοῖαι
1053 1329 1180 1416 pariter
1195 1326 1330 1392 videtur
1342 1326 1453 1412 glossa
1471 1350 1509 1392 ex
1526 1326 1639 1393 llatth.

311 1441 555 1526 transsumpta3
573 1458 633 1502 cur
647 1436 739 1501 enim
754 1437 836 1502 talia
854 1433 1026 1500 addantur
1045 1457 1085 1499 ex
1104 1434 1176 1499 loco
1196 1433 1360 1523 parallelo
1375 1433 1472 1499 lacile
1488 1432 1638 1522 expliea-

309 1550 382 1623 tur;
399 1565 460 1610 cur
472 1564 553 1608 vero
571 1541 662 1631 apud
676 1544 815 1609 eximios
830 1547 929 1608 testes
950 1543 1077 1607 omissa
1094 1541 1176 1618 sint,
1191 1542 1219 1606 si
1238 1540 1273 1605 in
1288 1541 1476 1628 archetypo
1493 1540 1637 1606 exstitis-

308 1656 398 1730 sent,
415 1649 511 1715 nulla
526 1648 611 1714 ratio
626 1647 733 1714 solida
748 1648 861 1714 afferri
875 1654 997 1736 potest.
1017 1645 1195 1712 addidisse
1208 1649 1317 1712 lesum
1336 1646 1400 1713 hoc
1414 1654 1634 1735 praeceptum

308 1755 391 1845 quia
411 1755 470 1843 qni
491 1756 642 1820 miserint
663 1754 707 1820 ad
729 1753 1014 1838 interrogandum
1038 1774 1105 1818 non
1131 1752 1331 1818 habuissent
1355 1754 1529 1819 caritatem
1553 1775 1635 1838 erga

304 1862 390 1930 elios
402 1884 471 1951 qua
483 1863 553 1951 ipse
569 1883 706 1950 qnoque
718 1861 831 1927 scriba
846 1860 1024 1937 caruisset,
1042 1858 1229 1947 opinantur
1249 1860 1333 1925 Vici.
1353 1858 1497 1949 Theopb.
1516 1858 1639 1940 nutt‚‚·

305 1991 394 2058 quae
404 1969 489 2035 ratio
504 1973 593 2034 certe
605 1969 704 2033 nimis
718 1967 911 2052 estexigua.
930 1967 1043 2032 ltelius
1056 1969 1146 2032 Patr.
1165 1972 1258 2031 notat
1281 1988 1288 2032 :
1308 1996 1323 2025 α
1342 1965 1637 2033 satisfacitdeinde

304 2074 395 2141 illius
412 2075 542 2141 scribae
558 2073 725 2139 desiderio
748 2080 849 2162 atque
866 2075 1106 2161 exspectationi
1125 2072 1221 2139 aliud
1240 2071 1371 2138 addens
1390 2072 1492 2162 idque
1510 2072 1635 2139 docens

305 2180 399 2271 quod
414 2180 567 2247 nondum
581 2177 765 2269 quisquam
776 2180 956 2256 docuerat,
977 2181 1087 2245 similo
1097 2179 1189 2245 illius
1202 2180 1304 2269 primi
1322 2179 1365 2244 de
1379 2184 1442 2246 [teo
1458 2179 1635 2265 diligendo

305 2309 376 2355 esse
386 2286 531 2354 alterum
543 2293 762 2377 praeceptum
774 2287 817 2352 de
841 2286 1017 2372 diligendo
1035 2287 1190 2376 proximo
1206 2289 1239 2351 in
1255 2291 1330 2352 Lev.
1351 2291 1501 2365 19‚18»;
1526 2286 1568 2351 cf.
1593 2285 1636 2351 ad

306 2394 418 2461 llatth.
440 2400 519 2477 5,t3
539 2396 735 2480 (Comment.
755 2399 763 2458 l
787 2417 819 2483 p.
840 2400 903 2461 att)
918 2395 1019 2482 seq.).
1041 2394 1168 2458 llicitur
1189 2399 1305 2459 antem
1320 2393 1429 2458 simile
1448 2391 1638 2459 seeundum

305 2500 381 2568 Alb.
404 2507 542 2591 propter
567 2502 632 2568 tria
659 2522 667 2568 :
690 2500 772 2590 quia
797 2503 830 2566 in
851 2500 1007 2589 proximo
1036 2521 1101 2564 non
1133 2499 1290 2585 diligitur
1315 2500 1378 2565 nisi
1407 2504 1506 2579 Deus,
1531 2500 1635 2564 reter-

306 2613 362 2673 tur
382 2608 473 2674 enim
494 2607 630 2674 dilectio
649 2608 808 2693 imaginis
831 2607 886 2673 llei
908 2606 952 2672 ad
971 2607 1137 2671 honorem
1163 2612 1196 2671 et
1219 2605 1438 2672 dilectionem
1460 2608 1532 2687 llei;
1556 2605 1634 2672 dein

306 2715 386 2803 quia
410 2720 459 2781 est
482 2736 568 2779 unus
592 2714 729 2780 habitus
754 2714 903 2789 virtutis,
935 2720 969 2778 et
993 2714 1075 2800 qnia
1099 2714 1185 2779 sieut
1210 2718 1297 2779 Dens
1317 2712 1473 2798 diligitur
1495 2720 1634 2801 propter

305 2825 427 2903 Deum,
455 2821 503 2886 sic
525 2827 558 2887 et
577 2823 748 2910 proximus
771 2843 837 2885 non
861 2819 1020 2904 diligitur
1044 2820 1105 2884 nisi
1132 2828 1274 2908 propter
1300 2824 1415 2885 lleum.
1442 2824 1495 2886 Est
1518 2820 1632 2907 itaque

303 2927 411 2992 simile
431 2929 465 2993 in
481 2927 622 3007 dilecto,
644 2927 680 2992 in
696 2928 806 2992 torma
821 2925 1014 2992 dilectionis
1029 2933 1062 2990 et
1078 2927 1111 2990 in
1128 2925 1207 2991 sine.
1227 2931 1273 2990 lta
1291 2925 1367 3004 ille;
1385 2925 1505 3013 dilr'pes
1517 2925 1635 3014 prozi-

304 3056 400 3100 mum
414 3046 510 3100 tuum
526 3048 702 3123 toinqzcom
726 3034 889 3121 teipsum·
915 3035 971 3120 qui
998 3035 1089 3098 enim
1107 3038 1211 3098 Deum
1231 3032 1361 3118 diligit,
1378 3032 1492 3118 diligit
1517 3041 1551 3098 et
1565 3033 1636 3098 lac·

200 3185 207 3194 .
303 3147 417 3208 turam
444 3143 530 3221 eius3
555 3142 657 3207 horno
680 3148 793 3206 antem
816 3141 961 3206 maxime
984 3141 1124 3228 propria
1148 3140 1278 3205 lactura
1302 3140 1359 3204 Dei
1383 3147 1431 3204 est
1452 3138 1631 3227 (Tlreopli.)

306 3269 416 3336 neque
432 3269 512 3313 vera
530 3254 579 3313 est
600 3248 736 3314 dilectio
756 3248 810 3313 Dei
831 3270 919 3336 quae
946 3269 1014 3313 non
1046 3247 1169 3313 habeat
1193 3246 1388 3312 adiunctam
1413 3245 1633 3313 dilectionem

306 3355 448 3444 proximi
474 3355 483 3441 t
495 3354 601 3439 Vici).
633 3353 745 3419 Modus
773 3361 806 3420 et
831 3376 951 3421 norma
978 3355 1049 3418 eins
1070 3353 1262 3419 dilectionis
1285 3376 1353 3442 qua
1380 3352 1483 3418 simul
1508 3361 1638 3420 constet

307 3467 420 3527 utrum
440 3459 667 3527 veredilectio
684 3461 851 3527 habeatur
869 3484 990 3539 necne,
1013 3463 1208 3526 continetur
1228 3464 1263 3525 in
1288 3461 1442 3526 membro
1458 3472 1634 3549 toroquam

309 3568 473 3656 teipsum,
491 3568 586 3632 euius
604 3568 700 3657 quasi
721 3567 1003 3633 commentarium
1020 3567 1188 3655 praebent
1211 3566 1270 3632 illa
1292 3572 1362 3633 lesu
1379 3567 1482 3632 rerba
1498 3589 1505 3633 :
1524 3568 1636 3633 omnia

305 3696 539 3764 quaecumque
557 3673 657 3740 vultis
677 3681 713 3740 ut
735 3675 861 3739 faciant
884 3673 979 3738 soliis
1002 3674 1156 3740 liornines
1174 3682 1207 3739 et
1229 3698 1285 3740 vos
1306 3675 1404 3740 tacite
1425 3673 1490 3739 illis
1504 3673 1633 3760 (llatth.

308 3788 400 3864 212.
423 3786 500 3847 Luc.
517 3781 623 3868 631).
647 3785 700 3847 Est
714 3783 841 3870 quippe
855 3779 1003 3865 diligere
1023 3779 1109 3846 velle
1130 3782 1230 3846 alteri
1248 3783 1390 3847 bonnm.

349 3887 509 3977 Explicite
524 3888 664 3955 demum
682 3893 769 3954 lesus
779 3887 932 3954 declarat
948 3888 1011 3951 liae
1027 3910 1086 3952 sua
1107 3889 1324 3975 responsione
1336 3888 1544 3953 satisfactum
1560 3908 1629 3953 esse

305 3995 493 4084 quaestioni
513 3995 577 4061 sibi
599 3996 785 4084 propositae
806 3994 918 4059 neruus
937 3993 1059 4058 lrorrtm
1079 3995 1179 4060 aliud
1191 3994 1393 4060 pranderem
1414 4016 1482 4059 riou
1501 4005 1547 4058 est
1563 3995 1585 4060 i.
1604 4016 1633 4059 e.

303 4102 358 4168 his
373 4102 496 4179 maius,
520 4104 627 4168 maius
651 4125 752 4191 quam
779 4103 877 4180 liaee,
908 4101 1107 4166 nrandutum
1130 4123 1196 4167 non
1220 4103 1405 4167 invenitur.
1436 4107 1489 4166 list
1515 4107 1628 4166 autem

306 4208 396 4273 istud
421 4209 529 4273 maius
552 4210 770 4294 generalitate
789 4208 939 4274 ambitus
961 4217 993 4273 et
1015 4208 1194 4294 dignitatis
1216 4208 1414 4274 excellentia
1436 4215 1470 4273 et
1499 4228 1633 4295 perma-

307 4315 422 4380 nentia
436 4314 642 4380 aeternitatis
664 4315 776 4402 (Ald.):
796 4317 1035 4405 complectitur
1050 4317 1178 4404 quippe
1196 4323 1416 4404 praeceptum
1439 4312 1630 4378 dilectionis

309 4422 365 4486 Dei
392 4421 507 4487 omnia
530 4421 659 4510 primae
687 4423 821 4489 tabulae
849 4423 1025 4488 mandata:
1057 4429 1276 4512 praeceptum
1302 4429 1413 4488 autem
1443 4410 1634 4484 dilectionis

309 4529 452 4617 proximi
476 4528 734 4617 comprehendit
758 4533 870 4596 omnia
900 4530 1061 4594 inundata
1084 4530 1253 4595 secundae
1279 4528 1431 4601 tabulae;
1457 4527 1516 4614 qui
1545 4526 1634 4592 enim

309 4634 424 4722 diligit
443 4637 632 4724 proximum
650 4635 758 4721 legem
774 4637 943 4726 implerit,
963 4637 995 4700 id
1008 4637 1098 4725 «prod
1113 4636 1286 4725 apostolus
1300 4635 1446 4701 ostendit
1464 4638 1559 4700 ltom.
1581 4638 1633 4711 1³,

311 4749 342 4807 9,
368 4750 407 4808 10
427 4750 459 4807 et
481 4751 492 4809 1
520 4747 594 4809 Cor.
621 4748 791 4824 13‚t-8et
814 4744 884 4809 tlal.
915 4749 1215 4815 attestantem
1241 4744 1434 4810 excellentia
1459 4740 1637 4828 dignitatis
