<?xml version="1.0" encoding="UTF-8"?>
<!DOCTYPE html PUBLIC "-//W3C//DTD XHTML 1.0 Transitional//EN"
    "http://www.w3.org/TR/xhtml1/DTD/xhtml1-transitional.dtd">
<html xmlns="http://www.w3.org/1999/xhtml" xml:lang="en" lang="en">
 <head>
  <title>
</title>
<meta http-equiv="Content-Type" content="text/html;charset=utf-8" />
  <meta name='ocr-system' content='tesseract 3.04.00' />
  <meta name='ocr-capabilities' content='ocr_page ocr_carea ocr_par ocr_line ocrx_word'/>
</head>
<body>
  <div class='ocr_page' id='page_1' title='image "./commentariusinq01knabgoog_0085.png"; bbox 0 0 3960 5654; ppageno 0'>
   <div class='ocr_carea' id='block_1_1' title="bbox 824 466 1057 536">
    <p class='ocr_par' dir='ltr' id='par_1_1' title="bbox 824 466 1057 536">
     <span class='ocr_line' id='line_1_1' title="bbox 824 466 1057 536; baseline -0.021 -5"><span class='ocrx_word' id='word_1_1' title='bbox 824 486 914 531; x_wconf 74' lang='lat' dir='ltr'><strong>usne.</strong></span> <span class='ocrx_word' id='word_1_2' title='bbox 938 469 967 536; x_wconf 69' lang='grc' dir='ltr'><strong>Ξ,</strong></span> <span class='ocrx_word' id='word_1_3' title='bbox 991 466 1057 524; x_wconf 72' lang='grc'>4-5.</span> 
     </span>
    </p>
   </div>
   <div class='ocr_carea' id='block_1_2' title="bbox 269 614 1606 1853">
    <p class='ocr_par' dir='ltr' id='par_1_2' title="bbox 269 614 1606 1853">
     <span class='ocr_line' id='line_1_2' title="bbox 270 614 1606 695; baseline -0.005 -12"><span class='ocrx_word' id='word_1_4' title='bbox 270 623 316 684; x_wconf 85' lang='lat' dir='ltr'><strong>ier</strong></span> <span class='ocrx_word' id='word_1_5' title='bbox 327 624 392 684; x_wconf 90' lang='lat' dir='ltr'><strong>iore</strong></span> <span class='ocrx_word' id='word_1_6' title='bbox 408 622 534 685; x_wconf 83' lang='lat' dir='ltr'>facilius</span> <span class='ocrx_word' id='word_1_7' title='bbox 549 622 672 695; x_wconf 89' lang='lat' dir='ltr'><strong>poterat</strong></span> <span class='ocrx_word' id='word_1_8' title='bbox 690 622 798 681; x_wconf 81' lang='lat' dir='ltr'><strong>turbas</strong></span> <span class='ocrx_word' id='word_1_9' title='bbox 814 623 943 689; x_wconf 87' lang='lat' dir='ltr'><strong>docerc;</strong></span> <span class='ocrx_word' id='word_1_10' title='bbox 965 615 998 674; x_wconf 91' lang='lat' dir='ltr'><strong>in</strong></span> <span class='ocrx_word' id='word_1_11' title='bbox 1016 618 1225 679; x_wconf 90' lang='lat' dir='ltr'><strong>coenaculum</strong></span> <span class='ocrx_word' id='word_1_12' title='bbox 1241 618 1389 694; x_wconf 91' lang='lat' dir='ltr'><strong>superius</strong></span> <span class='ocrx_word' id='word_1_13' title='bbox 1407 614 1514 692; x_wconf 89' lang='lat' dir='ltr'><strong>potius</strong></span> <span class='ocrx_word' id='word_1_14' title='bbox 1529 617 1606 676; x_wconf 92' lang='lat' dir='ltr'><strong>soti-</strong></span> 
     </span>
     <span class='ocr_line' id='line_1_3' title="bbox 271 709 1604 792; baseline -0.005 -11"><span class='ocrx_word' id='word_1_15' title='bbox 271 721 397 781; x_wconf 80' lang='lat' dir='ltr'><strong>tudinis</strong></span> <span class='ocrx_word' id='word_1_16' title='bbox 412 725 443 779; x_wconf 90' lang='lat' dir='ltr'><strong>et</strong></span> <span class='ocrx_word' id='word_1_17' title='bbox 458 715 695 791; x_wconf 77' lang='lat' dir='ltr'><strong>tranquillitatis</strong></span> <span class='ocrx_word' id='word_1_18' title='bbox 709 736 801 780; x_wconf 89' lang='lat' dir='ltr'><strong>causa</strong></span> <span class='ocrx_word' id='word_1_19' title='bbox 821 736 854 778; x_wconf 89' lang='lat' dir='ltr'><strong>se</strong></span> <span class='ocrx_word' id='word_1_20' title='bbox 874 715 1015 791; x_wconf 90' lang='lat' dir='ltr'><strong>recipere</strong></span> <span class='ocrx_word' id='word_1_21' title='bbox 1031 716 1175 776; x_wconf 92' lang='lat' dir='ltr'><strong>solebant</strong></span> <span class='ocrx_word' id='word_1_22' title='bbox 1192 712 1276 790; x_wconf 63' lang='lat' dir='ltr'><strong>(eth</strong></span> <span class='ocrx_word' id='word_1_23' title='bbox 1295 717 1369 792; x_wconf 86' lang='lat' dir='ltr'><strong>[teg.</strong></span> <span class='ocrx_word' id='word_1_24' title='bbox 1384 709 1498 788; x_wconf 63' lang='lat' dir='ltr'><strong>reda).</strong></span> <span class='ocrx_word' id='word_1_25' title='bbox 1516 713 1604 773; x_wconf 83' lang='lat' dir='ltr'>Unde</span> 
     </span>
     <span class='ocr_line' id='line_1_4' title="bbox 269 810 1604 887; baseline -0.007 -8"><span class='ocrx_word' id='word_1_26' title='bbox 269 835 343 879; x_wconf 92' lang='lat' dir='ltr'><strong>cum</strong></span> <span class='ocrx_word' id='word_1_27' title='bbox 364 816 459 877; x_wconf 88' lang='lat' dir='ltr'><strong>Cotm.</strong></span> <span class='ocrx_word' id='word_1_28' title='bbox 475 813 533 871; x_wconf 84' lang='lat' dir='ltr'><strong>Fit.</strong></span> <span class='ocrx_word' id='word_1_29' title='bbox 547 814 614 874; x_wconf 82' lang='lat' dir='ltr'><strong>Keil</strong></span> <span class='ocrx_word' id='word_1_30' title='bbox 627 816 796 877; x_wconf 89' lang='lat' dir='ltr'><strong>dicendum</strong></span> <span class='ocrx_word' id='word_1_31' title='bbox 808 815 868 875; x_wconf 92' lang='lat' dir='ltr'><strong>erit</strong></span> <span class='ocrx_word' id='word_1_32' title='bbox 881 812 1039 872; x_wconf 83' lang='lat' dir='ltr'><strong>Christum</strong></span> <span class='ocrx_word' id='word_1_33' title='bbox 1053 831 1116 873; x_wconf 91' lang='lat' dir='ltr'><strong>non</strong></span> <span class='ocrx_word' id='word_1_34' title='bbox 1128 814 1159 871; x_wconf 92' lang='lat' dir='ltr'><strong>in</strong></span> <span class='ocrx_word' id='word_1_35' title='bbox 1173 810 1278 886; x_wconf 90' lang='lat' dir='ltr'><strong>aliquo</strong></span> <span class='ocrx_word' id='word_1_36' title='bbox 1289 811 1428 872; x_wconf 87' lang='lat' dir='ltr'><strong>conclavi</strong></span> <span class='ocrx_word' id='word_1_37' title='bbox 1442 810 1604 887; x_wconf 90' lang='lat' dir='ltr'><strong>superiore</strong></span> 
     </span>
     <span class='ocr_line' id='line_1_5' title="bbox 269 907 1605 992; baseline -0.007 -16"><span class='ocrx_word' id='word_1_38' title='bbox 269 916 382 976; x_wconf 85' lang='lat' dir='ltr'><strong>luisse.</strong></span> <span class='ocrx_word' id='word_1_39' title='bbox 404 911 551 970; x_wconf 90' lang='lat' dir='ltr'><strong>Ceterum</strong></span> <span class='ocrx_word' id='word_1_40' title='bbox 574 918 654 974; x_wconf 85' lang='lat' dir='ltr'><strong>tecta</strong></span> <span class='ocrx_word' id='word_1_41' title='bbox 673 914 796 992; x_wconf 89' lang='lat' dir='ltr'><strong>aperire</strong></span> <span class='ocrx_word' id='word_1_42' title='bbox 817 916 849 969; x_wconf 90' lang='lat' dir='ltr'><strong>et</strong></span> <span class='ocrx_word' id='word_1_43' title='bbox 869 909 960 970; x_wconf 85' lang='lat' dir='ltr'><strong>tacite</strong></span> <span class='ocrx_word' id='word_1_44' title='bbox 980 918 1047 969; x_wconf 87' lang='lat' dir='ltr'><strong>erat</strong></span> <span class='ocrx_word' id='word_1_45' title='bbox 1073 927 1177 987; x_wconf 89' lang='lat' dir='ltr'><strong>neque</strong></span> <span class='ocrx_word' id='word_1_46' title='bbox 1198 907 1276 966; x_wconf 89' lang='lat' dir='ltr'><strong>adeo</strong></span> <span class='ocrx_word' id='word_1_47' title='bbox 1301 909 1472 970; x_wconf 89' lang='lat' dir='ltr'><strong>insuetum.</strong></span> <span class='ocrx_word' id='word_1_48' title='bbox 1496 908 1605 967; x_wconf 85' lang='lat' dir='ltr'><strong>Narrat</strong></span> 
     </span>
     <span class='ocr_line' id='line_1_6' title="bbox 270 1004 1603 1088; baseline -0.008 -16"><span class='ocrx_word' id='word_1_49' title='bbox 270 1008 426 1085; x_wconf 73' lang='lat' dir='ltr'><strong>Iosephus,</strong></span> <span class='ocrx_word' id='word_1_50' title='bbox 443 1026 513 1068; x_wconf 91' lang='lat' dir='ltr'><strong>cum</strong></span> <span class='ocrx_word' id='word_1_51' title='bbox 530 1010 643 1071; x_wconf 89' lang='lat' dir='ltr'><strong>domus</strong></span> <span class='ocrx_word' id='word_1_52' title='bbox 661 1008 819 1088; x_wconf 83' lang='lat' dir='ltr'><strong>quaedam</strong></span> <span class='ocrx_word' id='word_1_53' title='bbox 836 1006 1150 1084; x_wconf 77' lang='lat' dir='ltr'><strong>deprehenderentur</strong></span> <span class='ocrx_word' id='word_1_54' title='bbox 1171 1004 1302 1064; x_wconf 80' lang='lat' dir='ltr'><strong>refertae</strong></span> <span class='ocrx_word' id='word_1_55' title='bbox 1324 1007 1480 1067; x_wconf 85' lang='lat' dir='ltr'><strong>militibus</strong></span> <span class='ocrx_word' id='word_1_56' title='bbox 1497 1004 1603 1083; x_wconf 86' lang='lat' dir='ltr'><strong>lugiti-</strong></span> 
     </span>
     <span class='ocr_line' id='line_1_7' title="bbox 269 1100 1603 1184; baseline -0.007 -18"><span class='ocrx_word' id='word_1_57' title='bbox 269 1108 336 1176; x_wconf 84' lang='lat' dir='ltr'><strong>vis‚</strong></span> <span class='ocrx_word' id='word_1_58' title='bbox 358 1106 516 1167; x_wconf 89' lang='lat' dir='ltr'><strong>Herodem</strong></span> <span class='ocrx_word' id='word_1_59' title='bbox 536 1109 650 1169; x_wconf 88' lang='lat' dir='ltr'><strong>evulsis</strong></span> <span class='ocrx_word' id='word_1_60' title='bbox 669 1106 835 1165; x_wconf 91' lang='lat' dir='ltr'><strong>domorum</strong></span> <span class='ocrx_word' id='word_1_61' title='bbox 860 1106 1006 1166; x_wconf 88' lang='lat' dir='ltr'><strong>tabulatis</strong></span> <span class='ocrx_word' id='word_1_62' title='bbox 1027 1105 1097 1184; x_wconf 77' lang='grc' dir='ltr'>(τοὺς</span> <span class='ocrx_word' id='word_1_63' title='bbox 1118 1101 1226 1181; x_wconf 61' lang='grc' dir='ltr'>ὀρόφους</span> <span class='ocrx_word' id='word_1_64' title='bbox 1245 1104 1296 1158; x_wconf 77' lang='grc' dir='ltr'><strong>τῶν</strong></span> <span class='ocrx_word' id='word_1_65' title='bbox 1314 1103 1393 1161; x_wconf 75' lang='grc' dir='ltr'>οἴκων</span> <span class='ocrx_word' id='word_1_66' title='bbox 1413 1100 1603 1180; x_wconf 74' lang='grc' dir='ltr'>ἀνασκάπτων)</span> 
     </span>
     <span class='ocr_line' id='line_1_8' title="bbox 271 1200 1604 1285; baseline -0.002 -22"><span class='ocrx_word' id='word_1_67' title='bbox 271 1203 344 1264; x_wconf 92' lang='lat' dir='ltr'><strong>illos</strong></span> <span class='ocrx_word' id='word_1_68' title='bbox 360 1203 446 1264; x_wconf 90' lang='lat' dir='ltr'><strong>iactis</strong></span> <span class='ocrx_word' id='word_1_69' title='bbox 464 1224 598 1285; x_wconf 89' lang='lat' dir='ltr'><strong>superne</strong></span> <span class='ocrx_word' id='word_1_70' title='bbox 622 1203 705 1264; x_wconf 87' lang='lat' dir='ltr'><strong>saxis</strong></span> <span class='ocrx_word' id='word_1_71' title='bbox 726 1205 894 1263; x_wconf 86' lang='lat' dir='ltr'><strong>acervatim</strong></span> <span class='ocrx_word' id='word_1_72' title='bbox 915 1205 1027 1264; x_wconf 90' lang='lat' dir='ltr'><strong>conlici</strong></span> <span class='ocrx_word' id='word_1_73' title='bbox 1049 1200 1178 1262; x_wconf 88' lang='lat' dir='ltr'><strong>iussisse</strong></span> <span class='ocrx_word' id='word_1_74' title='bbox 1199 1201 1317 1279; x_wconf 68' lang='lat' dir='ltr'><strong>(antiq.</strong></span> <span class='ocrx_word' id='word_1_75' title='bbox 1336 1202 1438 1269; x_wconf 68' lang='lat' dir='ltr'><strong>tate.</strong></span> <span class='ocrx_word' id='word_1_76' title='bbox 1458 1203 1517 1280; x_wconf 68' lang='lat' dir='ltr'><strong>th).</strong></span> <span class='ocrx_word' id='word_1_77' title='bbox 1536 1201 1604 1261; x_wconf 88' lang='lat' dir='ltr'><strong>Alia</strong></span> 
     </span>
     <span class='ocr_line' id='line_1_9' title="bbox 270 1299 1602 1380; baseline -0.004 -18"><span class='ocrx_word' id='word_1_78' title='bbox 270 1303 462 1380; x_wconf 86' lang='lat' dir='ltr'><strong>exemplain</strong></span> <span class='ocrx_word' id='word_1_79' title='bbox 481 1304 622 1364; x_wconf 88' lang='lat' dir='ltr'><strong>medium</strong></span> <span class='ocrx_word' id='word_1_80' title='bbox 640 1300 732 1359; x_wconf 89' lang='lat' dir='ltr'><strong>atlert</strong></span> <span class='ocrx_word' id='word_1_81' title='bbox 745 1300 860 1380; x_wconf 82' lang='lat' dir='ltr'><strong>Sotepp</strong></span> <span class='ocrx_word' id='word_1_82' title='bbox 880 1319 919 1362; x_wconf 88' lang='lat' dir='ltr'><strong>ex</strong></span> <span class='ocrx_word' id='word_1_83' title='bbox 938 1302 1035 1360; x_wconf 87' lang='lat' dir='ltr'><strong>Thuc.</strong></span> <span class='ocrx_word' id='word_1_84' title='bbox 1058 1300 1166 1371; x_wconf 80' lang='lat' dir='ltr'><strong>l‚l3l;</strong></span> <span class='ocrx_word' id='word_1_85' title='bbox 1184 1301 1269 1370; x_wconf 67' lang='lat' dir='ltr'><strong>tt&amp;</strong></span> <span class='ocrx_word' id='word_1_86' title='bbox 1293 1299 1371 1357; x_wconf 85' lang='lat' dir='ltr'><strong>lter.</strong></span> <span class='ocrx_word' id='word_1_87' title='bbox 1395 1300 1472 1359; x_wconf 88' lang='lat' dir='ltr'><strong>tlell.</strong></span> <span class='ocrx_word' id='word_1_88' title='bbox 1492 1303 1554 1369; x_wconf 80' lang='grc'>6,5.</span> <span class='ocrx_word' id='word_1_89' title='bbox 1572 1301 1602 1359; x_wconf 86' lang='grc'><strong>9.</strong></span> 
     </span>
     <span class='ocr_line' id='line_1_10' title="bbox 273 1395 1605 1476; baseline -0.003 -17"><span class='ocrx_word' id='word_1_90' title='bbox 273 1401 316 1459; x_wconf 79' lang='lat' dir='ltr'><strong>Ex</strong></span> <span class='ocrx_word' id='word_1_91' title='bbox 329 1405 461 1462; x_wconf 85' lang='lat' dir='ltr'><strong>tractatu</strong></span> <span class='ocrx_word' id='word_1_92' title='bbox 478 1400 565 1461; x_wconf 85' lang='lat' dir='ltr'><strong>bloed</strong></span> <span class='ocrx_word' id='word_1_93' title='bbox 583 1400 678 1457; x_wconf 80' lang='lat' dir='ltr'><strong>lxatou</strong></span> <span class='ocrx_word' id='word_1_94' title='bbox 698 1398 833 1459; x_wconf 75' lang='lat' dir='ltr'><strong>atterunt</strong></span> <span class='ocrx_word' id='word_1_95' title='bbox 847 1397 1017 1476; x_wconf 80' lang='lat' dir='ltr'><strong>Lipttsoot,</strong></span> <span class='ocrx_word' id='word_1_96' title='bbox 1033 1395 1166 1475; x_wconf 80' lang='lat' dir='ltr'><strong>Sedepp,</strong></span> <span class='ocrx_word' id='word_1_97' title='bbox 1192 1395 1334 1456; x_wconf 81' lang='lat' dir='ltr'><strong>Waiaselre</strong></span> <span class='ocrx_word' id='word_1_98' title='bbox 1349 1414 1441 1456; x_wconf 91' lang='lat' dir='ltr'><strong>:cum</strong></span> <span class='ocrx_word' id='word_1_99' title='bbox 1458 1402 1605 1458; x_wconf 92' lang='lat' dir='ltr'><strong>mortuus</strong></span> 
     </span>
     <span class='ocr_line' id='line_1_11' title="bbox 274 1495 1605 1574; baseline -0.003 -16"><span class='ocrx_word' id='word_1_100' title='bbox 274 1504 358 1559; x_wconf 89' lang='lat' dir='ltr'><strong>esset</strong></span> <span class='ocrx_word' id='word_1_101' title='bbox 379 1499 468 1559; x_wconf 88' lang='lat' dir='ltr'><strong>rabbi</strong></span> <span class='ocrx_word' id='word_1_102' title='bbox 492 1499 595 1565; x_wconf 86' lang='lat' dir='ltr'><strong>Huna‚</strong></span> <span class='ocrx_word' id='word_1_103' title='bbox 613 1496 767 1556; x_wconf 83' lang='lat' dir='ltr'><strong>teretrum</strong></span> <span class='ocrx_word' id='word_1_104' title='bbox 786 1498 856 1556; x_wconf 89' lang='lat' dir='ltr'><strong>cius</strong></span> <span class='ocrx_word' id='word_1_105' title='bbox 877 1513 933 1574; x_wconf 90' lang='lat' dir='ltr'><strong>per</strong></span> <span class='ocrx_word' id='word_1_106' title='bbox 952 1496 1069 1554; x_wconf 89' lang='lat' dir='ltr'><strong>ostium</strong></span> <span class='ocrx_word' id='word_1_107' title='bbox 1089 1497 1192 1555; x_wconf 85' lang='lat' dir='ltr'><strong>etl&#39;erri</strong></span> <span class='ocrx_word' id='word_1_108' title='bbox 1215 1513 1277 1555; x_wconf 92' lang='lat' dir='ltr'><strong>non</strong></span> <span class='ocrx_word' id='word_1_109' title='bbox 1296 1495 1414 1572; x_wconf 89' lang='lat' dir='ltr'><strong>potuit;</strong></span> <span class='ocrx_word' id='word_1_110' title='bbox 1436 1495 1540 1553; x_wconf 88' lang='lat' dir='ltr'><strong>visum</strong></span> <span class='ocrx_word' id='word_1_111' title='bbox 1556 1499 1605 1554; x_wconf 88' lang='lat' dir='ltr'><strong>est</strong></span> 
     </span>
     <span class='ocr_line' id='line_1_12' title="bbox 270 1590 1604 1675; baseline -0.004 -18"><span class='ocrx_word' id='word_1_112' title='bbox 270 1612 344 1675; x_wconf 88' lang='lat' dir='ltr'><strong>ergo</strong></span> <span class='ocrx_word' id='word_1_113' title='bbox 362 1597 425 1657; x_wconf 92' lang='lat' dir='ltr'><strong>illis</strong></span> <span class='ocrx_word' id='word_1_114' title='bbox 439 1613 497 1674; x_wconf 91' lang='lat' dir='ltr'><strong>per</strong></span> <span class='ocrx_word' id='word_1_115' title='bbox 511 1598 630 1654; x_wconf 90' lang='lat' dir='ltr'><strong>tectum</strong></span> <span class='ocrx_word' id='word_1_116' title='bbox 644 1594 721 1653; x_wconf 91' lang='lat' dir='ltr'><strong>illud</strong></span> <span class='ocrx_word' id='word_1_117' title='bbox 737 1594 916 1655; x_wconf 85' lang='lat' dir='ltr'><strong>demittere.</strong></span> <span class='ocrx_word' id='word_1_118' title='bbox 932 1628 970 1636; x_wconf 92' lang='lat'>—</span> <span class='ocrx_word' id='word_1_119' title='bbox 986 1590 1144 1670; x_wconf 67' lang='lat' dir='ltr'><strong>spatam&lt;</strong></span> <span class='ocrx_word' id='word_1_120' title='bbox 1157 1611 1216 1652; x_wconf 88' lang='lat' dir='ltr'><strong>vox</strong></span> <span class='ocrx_word' id='word_1_121' title='bbox 1232 1598 1279 1653; x_wconf 88' lang='lat' dir='ltr'><strong>est</strong></span> <span class='ocrx_word' id='word_1_122' title='bbox 1294 1592 1514 1665; x_wconf 86' lang='lat' dir='ltr'><strong>macedoniea;</strong></span> <span class='ocrx_word' id='word_1_123' title='bbox 1531 1608 1604 1651; x_wconf 90' lang='lat' dir='ltr'><strong>cum</strong></span> 
     </span>
     <span class='ocr_line' id='line_1_13' title="bbox 269 1690 1605 1772; baseline -0.003 -18"><span class='ocrx_word' id='word_1_124' title='bbox 269 1694 391 1755; x_wconf 89' lang='lat' dir='ltr'><strong>Latinis</strong></span> <span class='ocrx_word' id='word_1_125' title='bbox 405 1694 553 1772; x_wconf 85' lang='lat' dir='ltr'><strong>grabatus</strong></span> <span class='ocrx_word' id='word_1_126' title='bbox 569 1709 629 1751; x_wconf 89' lang='lat' dir='ltr'><strong>vox</strong></span> <span class='ocrx_word' id='word_1_127' title='bbox 643 1692 685 1751; x_wconf 91' lang='lat' dir='ltr'><strong>sit</strong></span> <span class='ocrx_word' id='word_1_128' title='bbox 700 1693 776 1752; x_wconf 90' lang='lat' dir='ltr'><strong>satis</strong></span> <span class='ocrx_word' id='word_1_129' title='bbox 797 1692 928 1763; x_wconf 74' lang='lat' dir='ltr'><strong>usitata,</strong></span> <span class='ocrx_word' id='word_1_130' title='bbox 948 1693 1069 1752; x_wconf 85' lang='lat' dir='ltr'><strong>Marcus</strong></span> <span class='ocrx_word' id='word_1_131' title='bbox 1085 1709 1155 1752; x_wconf 93' lang='lat' dir='ltr'><strong>eam</strong></span> <span class='ocrx_word' id='word_1_132' title='bbox 1176 1709 1213 1751; x_wconf 89' lang='lat' dir='ltr'><strong>ex</strong></span> <span class='ocrx_word' id='word_1_133' title='bbox 1228 1690 1459 1751; x_wconf 90' lang='lat' dir='ltr'><strong>consuetudine</strong></span> <span class='ocrx_word' id='word_1_134' title='bbox 1475 1707 1605 1750; x_wconf 90' lang='lat' dir='ltr'><strong>romana</strong></span> 
     </span>
     <span class='ocr_line' id='line_1_14' title="bbox 269 1791 567 1853; baseline -0.003 -2"><span class='ocrx_word' id='word_1_135' title='bbox 269 1791 415 1853; x_wconf 88' lang='lat' dir='ltr'><strong>hausisse</strong></span> <span class='ocrx_word' id='word_1_136' title='bbox 431 1791 567 1852; x_wconf 87' lang='lat' dir='ltr'><strong>videtur.</strong></span> 
     </span>
    </p>
   </div>
   <div class='ocr_carea' id='block_1_3' title="bbox 242 1947 1605 4277">
    <p class='ocr_par' dir='ltr' id='par_1_3' title="bbox 242 1947 1605 4277">
     <span class='ocr_line' id='line_1_15' title="bbox 317 1947 1604 2036; baseline -0.002 -19"><span class='ocrx_word' id='word_1_137' title='bbox 317 1955 361 2017; x_wconf 84' lang='lat' dir='ltr'><strong>Ex</strong></span> <span class='ocrx_word' id='word_1_138' title='bbox 376 1955 498 2016; x_wconf 89' lang='lat' dir='ltr'><strong>conatu</strong></span> <span class='ocrx_word' id='word_1_139' title='bbox 517 1950 581 2015; x_wconf 91' lang='lat' dir='ltr'><strong>hoc</strong></span> <span class='ocrx_word' id='word_1_140' title='bbox 603 1949 706 2014; x_wconf 89' lang='lat' dir='ltr'><strong>simul</strong></span> <span class='ocrx_word' id='word_1_141' title='bbox 727 1949 900 2034; x_wconf 83' lang='lat' dir='ltr'><strong>colligitur</strong></span> <span class='ocrx_word' id='word_1_142' title='bbox 920 1955 1047 2036; x_wconf 91' lang='lat' dir='ltr'><strong>quanto</strong></span> <span class='ocrx_word' id='word_1_143' title='bbox 1073 1947 1241 2013; x_wconf 88' lang='lat' dir='ltr'><strong>desiderio</strong></span> <span class='ocrx_word' id='word_1_144' title='bbox 1259 1948 1468 2014; x_wconf 87' lang='lat' dir='ltr'><strong>sanationem</strong></span> <span class='ocrx_word' id='word_1_145' title='bbox 1491 1972 1511 2013; x_wconf 91' lang='lat' dir='ltr'><strong>a</strong></span> <span class='ocrx_word' id='word_1_146' title='bbox 1532 1954 1604 2014; x_wconf 89' lang='lat' dir='ltr'><strong>lesu</strong></span> 
     </span>
     <span class='ocr_line' id='line_1_16' title="bbox 270 2053 1603 2146; baseline -0.001 -24"><span class='ocrx_word' id='word_1_147' title='bbox 270 2063 439 2146; x_wconf 79' lang='lat' dir='ltr'><strong>expetant.</strong></span> <span class='ocrx_word' id='word_1_148' title='bbox 461 2060 548 2122; x_wconf 89' lang='lat' dir='ltr'><strong>llaec</strong></span> <span class='ocrx_word' id='word_1_149' title='bbox 573 2057 664 2122; x_wconf 89' lang='lat' dir='ltr'><strong>euim</strong></span> <span class='ocrx_word' id='word_1_150' title='bbox 689 2055 891 2144; x_wconf 83' lang='lat' dir='ltr'><strong>exspectatio</strong></span> <span class='ocrx_word' id='word_1_151' title='bbox 910 2077 968 2120; x_wconf 90' lang='lat' dir='ltr'><strong>eos</strong></span> <span class='ocrx_word' id='word_1_152' title='bbox 988 2055 1141 2143; x_wconf 89' lang='lat' dir='ltr'><strong>impulit,</strong></span> <span class='ocrx_word' id='word_1_153' title='bbox 1169 2060 1206 2119; x_wconf 89' lang='lat' dir='ltr'><strong>ut</strong></span> <span class='ocrx_word' id='word_1_154' title='bbox 1231 2053 1312 2121; x_wconf 86' lang='lat' dir='ltr'><strong>Viot.</strong></span> <span class='ocrx_word' id='word_1_155' title='bbox 1338 2053 1434 2132; x_wconf 89' lang='lat' dir='ltr'><strong>dicit,</strong></span> <span class='ocrx_word' id='word_1_156' title='bbox 1462 2053 1603 2121; x_wconf 87' lang='lat' dir='ltr'><strong>adrem</strong></span> 
     </span>
     <span class='ocr_line' id='line_1_17' title="bbox 271 2161 1605 2250; baseline -0.001 -22"><span class='ocrx_word' id='word_1_157' title='bbox 271 2163 395 2229; x_wconf 91' lang='lat' dir='ltr'><strong>miram</strong></span> <span class='ocrx_word' id='word_1_158' title='bbox 408 2162 611 2229; x_wconf 87' lang='lat' dir='ltr'><strong>faciendam.</strong></span> <span class='ocrx_word' id='word_1_159' title='bbox 626 2164 722 2227; x_wconf 87' lang='lat' dir='ltr'><strong>Certo</strong></span> <span class='ocrx_word' id='word_1_160' title='bbox 733 2163 847 2250; x_wconf 88' lang='lat' dir='ltr'><strong>itaque</strong></span> <span class='ocrx_word' id='word_1_161' title='bbox 860 2161 1047 2227; x_wconf 89' lang='lat' dir='ltr'><strong>credebant</strong></span> <span class='ocrx_word' id='word_1_162' title='bbox 1057 2166 1166 2227; x_wconf 87' lang='lat' dir='ltr'><strong>lesum</strong></span> <span class='ocrx_word' id='word_1_163' title='bbox 1182 2167 1214 2227; x_wconf 89' lang='lat' dir='ltr'><strong>et</strong></span> <span class='ocrx_word' id='word_1_164' title='bbox 1222 2183 1317 2250; x_wconf 85' lang='lat' dir='ltr'><strong>posse</strong></span> <span class='ocrx_word' id='word_1_165' title='bbox 1330 2169 1364 2227; x_wconf 89' lang='lat' dir='ltr'><strong>et</strong></span> <span class='ocrx_word' id='word_1_166' title='bbox 1378 2161 1466 2228; x_wconf 88' lang='lat' dir='ltr'><strong>velle</strong></span> <span class='ocrx_word' id='word_1_167' title='bbox 1482 2162 1605 2227; x_wconf 90' lang='lat' dir='ltr'><strong>misero</strong></span> 
     </span>
     <span class='ocr_line' id='line_1_18' title="bbox 271 2266 1602 2355; baseline -0.002 -21"><span class='ocrx_word' id='word_1_168' title='bbox 271 2268 401 2335; x_wconf 90' lang='lat' dir='ltr'><strong>homiui</strong></span> <span class='ocrx_word' id='word_1_169' title='bbox 414 2270 591 2334; x_wconf 88' lang='lat' dir='ltr'><strong>sanitatem</strong></span> <span class='ocrx_word' id='word_1_170' title='bbox 608 2268 767 2347; x_wconf 88' lang='lat' dir='ltr'><strong>reddere;</strong></span> <span class='ocrx_word' id='word_1_171' title='bbox 785 2290 816 2334; x_wconf 80' lang='lat' dir='ltr'><strong>x.</strong></span> <span class='ocrx_word' id='word_1_172' title='bbox 831 2275 849 2335; x_wconf 90' lang='grc'>5</span> <span class='ocrx_word' id='word_1_173' title='bbox 865 2289 943 2334; x_wconf 83' lang='lat' dir='ltr'><strong>cum</strong></span> <span class='ocrx_word' id='word_1_174' title='bbox 959 2282 1073 2333; x_wconf 80' lang='lat' dir='ltr'><strong>aretem</strong></span> <span class='ocrx_word' id='word_1_175' title='bbox 1088 2266 1220 2333; x_wconf 83' lang='lat' dir='ltr'><strong>vidisset</strong></span> <span class='ocrx_word' id='word_1_176' title='bbox 1242 2270 1331 2334; x_wconf 84' lang='lat' dir='ltr'><strong>lesus</strong></span> <span class='ocrx_word' id='word_1_177' title='bbox 1341 2267 1446 2355; x_wconf 73' lang='lat' dir='ltr'><strong>pidem</strong></span> <span class='ocrx_word' id='word_1_178' title='bbox 1464 2267 1602 2335; x_wconf 75' lang='lat' dir='ltr'><strong>illorum</strong></span> 
     </span>
     <span class='ocr_line' id='line_1_19' title="bbox 270 2374 1602 2464; baseline -0.001 -23"><span class='ocrx_word' id='word_1_179' title='bbox 270 2376 479 2464; x_wconf 88' lang='lat' dir='ltr'><strong>portantium</strong></span> <span class='ocrx_word' id='word_1_180' title='bbox 499 2375 627 2464; x_wconf 72' lang='lat' dir='ltr'><strong>(Victi,</strong></span> <span class='ocrx_word' id='word_1_181' title='bbox 655 2375 714 2441; x_wconf 90' lang='lat' dir='ltr'><strong>sed</strong></span> <span class='ocrx_word' id='word_1_182' title='bbox 741 2381 831 2441; x_wconf 91' lang='lat' dir='ltr'><strong>certe</strong></span> <span class='ocrx_word' id='word_1_183' title='bbox 855 2381 1095 2463; x_wconf 86' lang='lat' dir='ltr'><strong>utrorumque,</strong></span> <span class='ocrx_word' id='word_1_184' title='bbox 1127 2380 1159 2441; x_wconf 91' lang='lat' dir='ltr'><strong>et</strong></span> <span class='ocrx_word' id='word_1_185' title='bbox 1183 2376 1389 2463; x_wconf 89' lang='lat' dir='ltr'><strong>portantium</strong></span> <span class='ocrx_word' id='word_1_186' title='bbox 1408 2381 1441 2441; x_wconf 90' lang='lat' dir='ltr'><strong>et</strong></span> <span class='ocrx_word' id='word_1_187' title='bbox 1469 2374 1602 2461; x_wconf 82' lang='lat' dir='ltr'><strong>aegroti</strong></span> 
     </span>
     <span class='ocr_line' id='line_1_20' title="bbox 272 2480 1600 2571; baseline 0 -23"><span class='ocrx_word' id='word_1_188' title='bbox 272 2481 434 2571; x_wconf 78' lang='lat' dir='ltr'><strong>(Theopli.</strong></span> <span class='ocrx_word' id='word_1_189' title='bbox 452 2483 562 2551; x_wconf 85' lang='lat' dir='ltr'><strong>Solm.</strong></span> <span class='ocrx_word' id='word_1_190' title='bbox 585 2483 675 2548; x_wconf 83' lang='lat' dir='ltr'><strong>lans.</strong></span> <span class='ocrx_word' id='word_1_191' title='bbox 699 2481 776 2547; x_wconf 88' lang='lat' dir='ltr'><strong>vide</strong></span> <span class='ocrx_word' id='word_1_192' title='bbox 796 2480 841 2547; x_wconf 87' lang='lat' dir='ltr'><strong>ad</strong></span> <span class='ocrx_word' id='word_1_193' title='bbox 856 2484 970 2548; x_wconf 88' lang='lat' dir='ltr'><strong>llatth.</strong></span> <span class='ocrx_word' id='word_1_194' title='bbox 992 2481 1064 2569; x_wconf 61' lang='grc'><strong>93)</strong></span> <span class='ocrx_word' id='word_1_195' title='bbox 1084 2481 1135 2547; x_wconf 82' lang='lat' dir='ltr'><strong>ait</strong></span> <span class='ocrx_word' id='word_1_196' title='bbox 1150 2481 1345 2570; x_wconf 78' lang='lat' dir='ltr'><strong>paralytico</strong></span> <span class='ocrx_word' id='word_1_197' title='bbox 1363 2505 1374 2547; x_wconf 91' lang='lat'><em>:</em></span> <span class='ocrx_word' id='word_1_198' title='bbox 1389 2482 1459 2568; x_wconf 76' lang='lat' dir='ltr'><strong>fili,</strong></span> <span class='ocrx_word' id='word_1_199' title='bbox 1485 2482 1600 2548; x_wconf 87' lang='lat' dir='ltr'><strong>dimit-</strong></span> 
     </span>
     <span class='ocr_line' id='line_1_21' title="bbox 272 2587 1605 2678; baseline 0.001 -24"><span class='ocrx_word' id='word_1_200' title='bbox 272 2599 389 2655; x_wconf 77' lang='lat' dir='ltr'><strong>tuntur</strong></span> <span class='ocrx_word' id='word_1_201' title='bbox 408 2587 470 2655; x_wconf 74' lang='lat' dir='ltr'><strong>ride·</strong></span> <span class='ocrx_word' id='word_1_202' title='bbox 484 2603 626 2678; x_wconf 87' lang='lat' dir='ltr'><strong>peccata</strong></span> <span class='ocrx_word' id='word_1_203' title='bbox 647 2600 726 2671; x_wconf 84' lang='lat' dir='ltr'><strong>tuo,·</strong></span> <span class='ocrx_word' id='word_1_204' title='bbox 740 2591 860 2668; x_wconf 80' lang='grc' dir='ltr'>τέκνον,</span> <span class='ocrx_word' id='word_1_205' title='bbox 880 2612 920 2655; x_wconf 91' lang='lat' dir='ltr'><strong>en</strong></span> <span class='ocrx_word' id='word_1_206' title='bbox 947 2596 1076 2678; x_wconf 89' lang='lat' dir='ltr'><strong>quauta</strong></span> <span class='ocrx_word' id='word_1_207' title='bbox 1093 2590 1218 2655; x_wconf 91' lang='lat' dir='ltr'><strong>amoris</strong></span> <span class='ocrx_word' id='word_1_208' title='bbox 1239 2588 1488 2674; x_wconf 82' lang='lat' dir='ltr'><strong>significatione</strong></span> <span class='ocrx_word' id='word_1_209' title='bbox 1515 2594 1605 2655; x_wconf 89' lang='lat' dir='ltr'><strong>lesus</strong></span> 
     </span>
     <span class='ocr_line' id='line_1_22' title="bbox 271 2694 1599 2785; baseline -0.002 -22"><span class='ocrx_word' id='word_1_210' title='bbox 271 2718 347 2763; x_wconf 88' lang='lat' dir='ltr'><strong>cum</strong></span> <span class='ocrx_word' id='word_1_211' title='bbox 368 2694 569 2785; x_wconf 89' lang='lat' dir='ltr'><strong>alloquitur;</strong></span> <span class='ocrx_word' id='word_1_212' title='bbox 595 2723 612 2756; x_wconf 72' lang='grc' dir='ltr'><strong>ν(</strong></span> <span class='ocrx_word' id='word_1_213' title='bbox 637 2718 656 2761; x_wconf 92' lang='lat' dir='ltr'><strong>o</strong></span> <span class='ocrx_word' id='word_1_214' title='bbox 677 2697 764 2762; x_wconf 90' lang='lat' dir='ltr'><strong>mira</strong></span> <span class='ocrx_word' id='word_1_215' title='bbox 790 2695 980 2762; x_wconf 87' lang='lat' dir='ltr'><strong>humilitas!</strong></span> <span class='ocrx_word' id='word_1_216' title='bbox 1004 2697 1199 2785; x_wconf 90' lang='lat' dir='ltr'><strong>despectum</strong></span> <span class='ocrx_word' id='word_1_217' title='bbox 1226 2704 1259 2763; x_wconf 91' lang='lat' dir='ltr'><strong>et</strong></span> <span class='ocrx_word' id='word_1_218' title='bbox 1279 2695 1429 2763; x_wconf 88' lang='lat' dir='ltr'><strong>debilem</strong></span> <span class='ocrx_word' id='word_1_219' title='bbox 1454 2697 1599 2785; x_wconf 89' lang='lat' dir='ltr'><strong>totisque</strong></span> 
     </span>
     <span class='ocr_line' id='line_1_23' title="bbox 242 2799 1603 2892; baseline 0.001 -24"><span class='ocrx_word' id='word_1_220' title='bbox 242 2799 246 2806; x_wconf 79' lang='grc'><strong>’</strong></span> <span class='ocrx_word' id='word_1_221' title='bbox 271 2802 499 2869; x_wconf 90' lang='lat' dir='ltr'><strong>membrorum</strong></span> <span class='ocrx_word' id='word_1_222' title='bbox 527 2803 790 2891; x_wconf 84' lang='lat' dir='ltr'><strong>compaginibus</strong></span> <span class='ocrx_word' id='word_1_223' title='bbox 814 2802 1015 2870; x_wconf 90' lang='lat' dir='ltr'><strong>dissolutum</strong></span> <span class='ocrx_word' id='word_1_224' title='bbox 1041 2802 1148 2868; x_wconf 87' lang='lat' dir='ltr'><strong>filium</strong></span> <span class='ocrx_word' id='word_1_225' title='bbox 1170 2810 1269 2868; x_wconf 89' lang='lat' dir='ltr'><strong>vocat</strong></span> <span class='ocrx_word' id='word_1_226' title='bbox 1290 2823 1393 2892; x_wconf 87' lang='lat' dir='ltr'><strong>quem</strong></span> <span class='ocrx_word' id='word_1_227' title='bbox 1414 2802 1603 2869; x_wconf 88' lang='lat' dir='ltr'><strong>sacerdotes</strong></span> 
     </span>
     <span class='ocr_line' id='line_1_24' title="bbox 272 2907 1602 2997; baseline -0.001 -22"><span class='ocrx_word' id='word_1_228' title='bbox 272 2929 341 2975; x_wconf 89' lang='lat' dir='ltr'><strong>non</strong></span> <span class='ocrx_word' id='word_1_229' title='bbox 355 2907 580 2995; x_wconf 89' lang='lat' dir='ltr'><strong>dignarentur</strong></span> <span class='ocrx_word' id='word_1_230' title='bbox 601 2911 784 2995; x_wconf 86' lang='lat' dir='ltr'><strong>attingere;</strong></span> <span class='ocrx_word' id='word_1_231' title='bbox 801 2917 861 2975; x_wconf 89' lang='lat' dir='ltr'><strong>aut</strong></span> <span class='ocrx_word' id='word_1_232' title='bbox 877 2917 965 2975; x_wconf 88' lang='lat' dir='ltr'><strong>recte</strong></span> <span class='ocrx_word' id='word_1_233' title='bbox 987 2910 1063 2975; x_wconf 92' lang='lat' dir='ltr'><strong>ideo</strong></span> <span class='ocrx_word' id='word_1_234' title='bbox 1086 2910 1212 2990; x_wconf 85' lang='lat' dir='ltr'><strong>lilium,</strong></span> <span class='ocrx_word' id='word_1_235' title='bbox 1230 2910 1312 2997; x_wconf 92' lang='lat' dir='ltr'><strong>quia</strong></span> <span class='ocrx_word' id='word_1_236' title='bbox 1333 2908 1550 2975; x_wconf 89' lang='lat' dir='ltr'><strong>dimittuntur</strong></span> <span class='ocrx_word' id='word_1_237' title='bbox 1569 2909 1602 2976; x_wconf 92' lang='lat' dir='ltr'><strong>ei</strong></span> 
     </span>
     <span class='ocr_line' id='line_1_25' title="bbox 272 3015 1601 3106; baseline 0.002 -25"><span class='ocrx_word' id='word_1_238' title='bbox 272 3021 411 3104; x_wconf 87' lang='lat' dir='ltr'><strong>peecata</strong></span> <span class='ocrx_word' id='word_1_239' title='bbox 426 3037 487 3081; x_wconf 91' lang='lat' dir='ltr'><strong>sua</strong></span> <span class='ocrx_word' id='word_1_240' title='bbox 503 3043 519 3075; x_wconf 76' lang='lat' dir='ltr'><strong>o</strong></span> <span class='ocrx_word' id='word_1_241' title='bbox 539 3015 672 3103; x_wconf 76' lang='lat' dir='ltr'><strong>(Beda).</strong></span> <span class='ocrx_word' id='word_1_242' title='bbox 695 3015 846 3083; x_wconf 87' lang='lat' dir='ltr'><strong>Ostendit</strong></span> <span class='ocrx_word' id='word_1_243' title='bbox 866 3022 955 3083; x_wconf 90' lang='lat' dir='ltr'><strong>lesus</strong></span> <span class='ocrx_word' id='word_1_244' title='bbox 978 3017 1084 3082; x_wconf 92' lang='lat' dir='ltr'><strong>multo</strong></span> <span class='ocrx_word' id='word_1_245' title='bbox 1109 3017 1247 3082; x_wconf 90' lang='lat' dir='ltr'><strong>maioris</strong></span> <span class='ocrx_word' id='word_1_246' title='bbox 1263 3018 1424 3082; x_wconf 88' lang='lat' dir='ltr'><strong>momenti</strong></span> <span class='ocrx_word' id='word_1_247' title='bbox 1448 3038 1518 3084; x_wconf 87' lang='lat' dir='ltr'><strong>csse</strong></span> <span class='ocrx_word' id='word_1_248' title='bbox 1539 3038 1601 3106; x_wconf 90' lang='lat' dir='ltr'><strong>pro</strong></span> 
     </span>
     <span class='ocr_line' id='line_1_26' title="bbox 272 3121 1601 3212; baseline -0.001 -24"><span class='ocrx_word' id='word_1_249' title='bbox 272 3127 427 3209; x_wconf 84' lang='lat' dir='ltr'><strong>aegroto,</strong></span> <span class='ocrx_word' id='word_1_250' title='bbox 442 3121 589 3188; x_wconf 88' lang='lat' dir='ltr'><strong>utanimi</strong></span> <span class='ocrx_word' id='word_1_251' title='bbox 602 3122 742 3188; x_wconf 89' lang='lat' dir='ltr'><strong>morbus</strong></span> <span class='ocrx_word' id='word_1_252' title='bbox 752 3129 902 3189; x_wconf 91' lang='lat' dir='ltr'><strong>sanetur.</strong></span> <span class='ocrx_word' id='word_1_253' title='bbox 913 3128 1028 3212; x_wconf 87' lang='lat' dir='ltr'><strong>Neque</strong></span> <span class='ocrx_word' id='word_1_254' title='bbox 1042 3122 1268 3212; x_wconf 90' lang='lat' dir='ltr'><strong>improbabile</strong></span> <span class='ocrx_word' id='word_1_255' title='bbox 1277 3130 1325 3188; x_wconf 91' lang='lat' dir='ltr'><strong>cst</strong></span> <span class='ocrx_word' id='word_1_256' title='bbox 1334 3123 1431 3189; x_wconf 90' lang='lat' dir='ltr'><strong>innui</strong></span> <span class='ocrx_word' id='word_1_257' title='bbox 1443 3123 1601 3189; x_wconf 92' lang='lat' dir='ltr'><strong>morbum</strong></span> 
     </span>
     <span class='ocr_line' id='line_1_27' title="bbox 273 3227 1604 3318; baseline -0.001 -23"><span class='ocrx_word' id='word_1_258' title='bbox 273 3227 370 3295; x_wconf 93' lang='lat' dir='ltr'><strong>illum</strong></span> <span class='ocrx_word' id='word_1_259' title='bbox 379 3250 526 3318; x_wconf 88' lang='lat' dir='ltr'><strong>poenam</strong></span> <span class='ocrx_word' id='word_1_260' title='bbox 540 3250 610 3294; x_wconf 88' lang='lat' dir='ltr'><strong>esse</strong></span> <span class='ocrx_word' id='word_1_261' title='bbox 621 3233 759 3317; x_wconf 89' lang='lat' dir='ltr'><strong>propter</strong></span> <span class='ocrx_word' id='word_1_262' title='bbox 772 3237 910 3317; x_wconf 90' lang='lat' dir='ltr'><strong>peccata</strong></span> <span class='ocrx_word' id='word_1_263' title='bbox 924 3230 1107 3310; x_wconf 83' lang='lat' dir='ltr'><strong>inflictam,</strong></span> <span class='ocrx_word' id='word_1_264' title='bbox 1124 3230 1173 3295; x_wconf 93' lang='lat' dir='ltr'><strong>uti</strong></span> <span class='ocrx_word' id='word_1_265' title='bbox 1183 3230 1250 3295; x_wconf 90' lang='lat' dir='ltr'><strong>alia</strong></span> <span class='ocrx_word' id='word_1_266' title='bbox 1265 3231 1439 3295; x_wconf 86' lang='lat' dir='ltr'><strong>occasione</strong></span> <span class='ocrx_word' id='word_1_267' title='bbox 1451 3231 1604 3296; x_wconf 84' lang='lat' dir='ltr'><strong>Christus</strong></span> 
     </span>
     <span class='ocr_line' id='line_1_28' title="bbox 274 3327 1599 3424; baseline 0 -23"><span class='ocrx_word' id='word_1_268' title='bbox 274 3335 377 3402; x_wconf 91' lang='lat' dir='ltr'><strong>dicit:</strong></span> <span class='ocrx_word' id='word_1_269' title='bbox 396 3357 472 3402; x_wconf 88' lang='lat' dir='ltr'><strong>ecce</strong></span> <span class='ocrx_word' id='word_1_270' title='bbox 489 3357 591 3402; x_wconf 89' lang='lat' dir='ltr'><strong>sanus</strong></span> <span class='ocrx_word' id='word_1_271' title='bbox 608 3335 715 3400; x_wconf 89' lang='lat' dir='ltr'><strong>lactus</strong></span> <span class='ocrx_word' id='word_1_272' title='bbox 732 3354 781 3411; x_wconf 85' lang='lat' dir='ltr'><strong>es;</strong></span> <span class='ocrx_word' id='word_1_273' title='bbox 800 3336 868 3401; x_wconf 93' lang='lat' dir='ltr'><strong>iam</strong></span> <span class='ocrx_word' id='word_1_274' title='bbox 890 3337 956 3401; x_wconf 94' lang='lat' dir='ltr'><strong>noli</strong></span> <span class='ocrx_word' id='word_1_275' title='bbox 976 3358 1117 3424; x_wconf 87' lang='lat' dir='ltr'><strong>peccare</strong></span> <span class='ocrx_word' id='word_1_276' title='bbox 1133 3327 1258 3423; x_wconf 78' lang='grc' dir='ltr'>(μηκέτι</span> <span class='ocrx_word' id='word_1_277' title='bbox 1274 3334 1445 3423; x_wconf 65' lang='grc' dir='ltr'>ἁμάρτανε,</span> <span class='ocrx_word' id='word_1_278' title='bbox 1466 3357 1507 3400; x_wconf 89' lang='lat' dir='ltr'><strong>ne</strong></span> <span class='ocrx_word' id='word_1_279' title='bbox 1526 3357 1599 3401; x_wconf 88' lang='lat' dir='ltr'><strong>am·</strong></span> 
     </span>
     <span class='ocr_line' id='line_1_29' title="bbox 272 3441 1599 3531; baseline 0.002 -25"><span class='ocrx_word' id='word_1_280' title='bbox 272 3441 362 3531; x_wconf 90' lang='lat' dir='ltr'><strong>plius</strong></span> <span class='ocrx_word' id='word_1_281' title='bbox 377 3442 523 3530; x_wconf 86' lang='lat' dir='ltr'><strong>pecces),</strong></span> <span class='ocrx_word' id='word_1_282' title='bbox 543 3462 587 3506; x_wconf 90' lang='lat' dir='ltr'><strong>nc</strong></span> <span class='ocrx_word' id='word_1_283' title='bbox 606 3441 755 3507; x_wconf 90' lang='lat' dir='ltr'><strong>deterius</strong></span> <span class='ocrx_word' id='word_1_284' title='bbox 776 3441 839 3507; x_wconf 93' lang='lat' dir='ltr'><strong>tibi</strong></span> <span class='ocrx_word' id='word_1_285' title='bbox 862 3442 991 3530; x_wconf 89' lang='lat' dir='ltr'><strong>aliquid</strong></span> <span class='ocrx_word' id='word_1_286' title='bbox 1006 3444 1183 3529; x_wconf 87' lang='lat' dir='ltr'><strong>contingat</strong></span> <span class='ocrx_word' id='word_1_287' title='bbox 1197 3442 1302 3530; x_wconf 90' lang='lat' dir='ltr'><strong>(toan.</strong></span> <span class='ocrx_word' id='word_1_288' title='bbox 1329 3449 1427 3524; x_wconf 81' lang='lat' dir='ltr'><strong>5,1a;</strong></span> <span class='ocrx_word' id='word_1_289' title='bbox 1453 3441 1599 3531; x_wconf 81' lang='lat' dir='ltr'><strong>Theopd.</strong></span> 
     </span>
     <span class='ocr_line' id='line_1_30' title="bbox 273 3547 1603 3638; baseline 0.001 -23"><span class='ocrx_word' id='word_1_290' title='bbox 273 3547 390 3638; x_wconf 85' lang='lat' dir='ltr'><strong>Beda).</strong></span> <span class='ocrx_word' id='word_1_291' title='bbox 411 3548 562 3614; x_wconf 90' lang='lat' dir='ltr'><strong>Christus</strong></span> <span class='ocrx_word' id='word_1_292' title='bbox 573 3570 634 3614; x_wconf 90' lang='lat' dir='ltr'><strong>sua</strong></span> <span class='ocrx_word' id='word_1_293' title='bbox 652 3549 851 3615; x_wconf 91' lang='lat' dir='ltr'><strong>auctoritate</strong></span> <span class='ocrx_word' id='word_1_294' title='bbox 870 3547 1011 3614; x_wconf 89' lang='lat' dir='ltr'><strong>dimittit</strong></span> <span class='ocrx_word' id='word_1_295' title='bbox 1027 3556 1181 3638; x_wconf 82' lang='lat' dir='ltr'><strong>peccata3</strong></span> <span class='ocrx_word' id='word_1_296' title='bbox 1200 3551 1247 3615; x_wconf 91' lang='lat' dir='ltr'><strong>ita</strong></span> <span class='ocrx_word' id='word_1_297' title='bbox 1260 3550 1456 3636; x_wconf 87' lang='lat' dir='ltr'><strong>intelligunt</strong></span> <span class='ocrx_word' id='word_1_298' title='bbox 1471 3549 1603 3616; x_wconf 89' lang='lat' dir='ltr'><strong>scribae</strong></span> 
     </span>
     <span class='ocr_line' id='line_1_31' title="bbox 273 3653 1599 3746; baseline 0.002 -25"><span class='ocrx_word' id='word_1_299' title='bbox 273 3661 307 3721; x_wconf 85' lang='lat' dir='ltr'><strong>et</strong></span> <span class='ocrx_word' id='word_1_300' title='bbox 321 3653 491 3721; x_wconf 87' lang='lat' dir='ltr'><strong>dehebant</strong></span> <span class='ocrx_word' id='word_1_301' title='bbox 510 3653 701 3740; x_wconf 88' lang='lat' dir='ltr'><strong>intelligere</strong></span> <span class='ocrx_word' id='word_1_302' title='bbox 719 3655 801 3743; x_wconf 90' lang='lat' dir='ltr'><strong>quia</strong></span> <span class='ocrx_word' id='word_1_303' title='bbox 819 3654 947 3721; x_wconf 91' lang='lat' dir='ltr'><strong>nullam</strong></span> <span class='ocrx_word' id='word_1_304' title='bbox 972 3657 1180 3722; x_wconf 89' lang='lat' dir='ltr'><strong>mentionem</strong></span> <span class='ocrx_word' id='word_1_305' title='bbox 1204 3656 1283 3722; x_wconf 88' lang='lat' dir='ltr'><strong>lacit</strong></span> <span class='ocrx_word' id='word_1_306' title='bbox 1297 3678 1336 3722; x_wconf 90' lang='lat' dir='ltr'><strong>ac</strong></span> <span class='ocrx_word' id='word_1_307' title='bbox 1351 3658 1378 3722; x_wconf 91' lang='lat' dir='ltr'><strong>si</strong></span> <span class='ocrx_word' id='word_1_308' title='bbox 1402 3662 1505 3723; x_wconf 87' lang='lat' dir='ltr'><strong>Deum</strong></span> <span class='ocrx_word' id='word_1_309' title='bbox 1522 3678 1599 3746; x_wconf 88' lang='lat' dir='ltr'><strong>prc-</strong></span> 
     </span>
     <span class='ocr_line' id='line_1_32' title="bbox 274 3761 1600 3845; baseline 0.002 -18"><span class='ocrx_word' id='word_1_310' title='bbox 274 3767 409 3828; x_wconf 85' lang='lat' dir='ltr'><strong>caretur</strong></span> <span class='ocrx_word' id='word_1_311' title='bbox 422 3768 459 3827; x_wconf 97' lang='lat' dir='ltr'><strong>ut</strong></span> <span class='ocrx_word' id='word_1_312' title='bbox 474 3761 658 3827; x_wconf 88' lang='lat' dir='ltr'><strong>remitteret</strong></span> <span class='ocrx_word' id='word_1_313' title='bbox 672 3761 725 3827; x_wconf 91' lang='lat' dir='ltr'><strong>vel</strong></span> <span class='ocrx_word' id='word_1_314' title='bbox 738 3761 802 3826; x_wconf 90' lang='lat' dir='ltr'><strong>sibi</strong></span> <span class='ocrx_word' id='word_1_315' title='bbox 815 3783 836 3826; x_wconf 95' lang='lat' dir='ltr'><strong>a</strong></span> <span class='ocrx_word' id='word_1_316' title='bbox 848 3765 913 3827; x_wconf 83' lang='lat' dir='ltr'><strong>[leo</strong></span> <span class='ocrx_word' id='word_1_317' title='bbox 928 3784 1044 3828; x_wconf 91' lang='lat' dir='ltr'><strong>eorum</strong></span> <span class='ocrx_word' id='word_1_318' title='bbox 1061 3764 1292 3828; x_wconf 88' lang='lat' dir='ltr'><strong>remissionem</strong></span> <span class='ocrx_word' id='word_1_319' title='bbox 1312 3785 1382 3828; x_wconf 89' lang='lat' dir='ltr'><strong>esse</strong></span> <span class='ocrx_word' id='word_1_320' title='bbox 1398 3762 1600 3845; x_wconf 77' lang='lat' dir='ltr'><strong>revelatam3</strong></span> 
     </span>
     <span class='ocr_line' id='line_1_33' title="bbox 274 3868 1599 3958; baseline 0.002 -24"><span class='ocrx_word' id='word_1_321' title='bbox 274 3868 434 3957; x_wconf 91' lang='lat' dir='ltr'><strong>idemque</strong></span> <span class='ocrx_word' id='word_1_322' title='bbox 453 3869 603 3934; x_wconf 88' lang='lat' dir='ltr'><strong>Christus</strong></span> <span class='ocrx_word' id='word_1_323' title='bbox 620 3868 655 3933; x_wconf 92' lang='lat' dir='ltr'><strong>in</strong></span> <span class='ocrx_word' id='word_1_324' title='bbox 676 3889 707 3932; x_wconf 92' lang='lat' dir='ltr'><strong>v.</strong></span> <span class='ocrx_word' id='word_1_325' title='bbox 734 3875 773 3933; x_wconf 87' lang='lat' dir='ltr'><strong>tt)</strong></span> <span class='ocrx_word' id='word_1_326' title='bbox 797 3869 926 3933; x_wconf 87' lang='lat' dir='ltr'><strong>asserit.</strong></span> <span class='ocrx_word' id='word_1_327' title='bbox 952 3875 1061 3947; x_wconf 85' lang='lat' dir='ltr'><strong>Quare</strong></span> <span class='ocrx_word' id='word_1_328' title='bbox 1091 3870 1194 3935; x_wconf 81' lang='lat' dir='ltr'><strong>Weiss</strong></span> <span class='ocrx_word' id='word_1_329' title='bbox 1217 3891 1396 3958; x_wconf 87' lang='lat' dir='ltr'><strong>perperam</strong></span> <span class='ocrx_word' id='word_1_330' title='bbox 1424 3870 1599 3958; x_wconf 83' lang='lat' dir='ltr'><strong>explicat:</strong></span> 
     </span>
     <span class='ocr_line' id='line_1_34' title="bbox 276 3975 1602 4066; baseline 0 -25"><span class='ocrx_word' id='word_1_331' title='bbox 276 3975 424 4041; x_wconf 89' lang='lat' dir='ltr'><strong>Christus</strong></span> <span class='ocrx_word' id='word_1_332' title='bbox 433 3976 611 4041; x_wconf 87' lang='lat' dir='ltr'><strong>annuntiat</strong></span> <span class='ocrx_word' id='word_1_333' title='bbox 625 3979 765 4060; x_wconf 86' lang='lat' dir='ltr'><strong>aegroto</strong></span> <span class='ocrx_word' id='word_1_334' title='bbox 780 3976 1011 4041; x_wconf 87' lang='lat' dir='ltr'><strong>remissionem</strong></span> <span class='ocrx_word' id='word_1_335' title='bbox 1029 3987 1264 4064; x_wconf 84' lang='lat' dir='ltr'><strong>peccatorum,</strong></span> <span class='ocrx_word' id='word_1_336' title='bbox 1281 3999 1370 4064; x_wconf 88' lang='lat' dir='ltr'><strong>quae</strong></span> <span class='ocrx_word' id='word_1_337' title='bbox 1385 3977 1417 4041; x_wconf 91' lang='lat' dir='ltr'><strong>ei</strong></span> <span class='ocrx_word' id='word_1_338' title='bbox 1436 3998 1527 4043; x_wconf 87' lang='lat' dir='ltr'><strong>nunc</strong></span> <span class='ocrx_word' id='word_1_339' title='bbox 1541 3998 1602 4066; x_wconf 91' lang='lat' dir='ltr'><strong>per</strong></span> 
     </span>
     <span class='ocr_line' id='line_1_35' title="bbox 275 4080 1604 4171; baseline 0.001 -24"><span class='ocrx_word' id='word_1_340' title='bbox 275 4082 385 4170; x_wconf 92' lang='lat' dir='ltr'><strong>ipsum</strong></span> <span class='ocrx_word' id='word_1_341' title='bbox 413 4106 431 4147; x_wconf 92' lang='lat' dir='ltr'><strong>a</strong></span> <span class='ocrx_word' id='word_1_342' title='bbox 452 4086 518 4147; x_wconf 87' lang='lat' dir='ltr'><strong>[leo</strong></span> <span class='ocrx_word' id='word_1_343' title='bbox 537 4080 770 4162; x_wconf 88' lang='lat' dir='ltr'><strong>conceditur¹‚</strong></span> <span class='ocrx_word' id='word_1_344' title='bbox 798 4104 886 4169; x_wconf 87' lang='lat' dir='ltr'><strong>quae</strong></span> <span class='ocrx_word' id='word_1_345' title='bbox 912 4081 1090 4171; x_wconf 82' lang='lat' dir='ltr'><strong>explicatio</strong></span> <span class='ocrx_word' id='word_1_346' title='bbox 1113 4088 1147 4149; x_wconf 92' lang='lat' dir='ltr'><strong>et</strong></span> <span class='ocrx_word' id='word_1_347' title='bbox 1174 4105 1252 4149; x_wconf 89' lang='lat' dir='ltr'><strong>cum</strong></span> <span class='ocrx_word' id='word_1_348' title='bbox 1277 4083 1391 4149; x_wconf 88' lang='lat' dir='ltr'><strong>verbis</strong></span> <span class='ocrx_word' id='word_1_349' title='bbox 1414 4091 1545 4171; x_wconf 88' lang='lat' dir='ltr'><strong>pugnat</strong></span> <span class='ocrx_word' id='word_1_350' title='bbox 1570 4087 1604 4150; x_wconf 91' lang='lat' dir='ltr'><strong>et</strong></span> 
     </span>
     <span class='ocr_line' id='line_1_36' title="bbox 276 4189 1597 4277; baseline 0.002 -23"><span class='ocrx_word' id='word_1_351' title='bbox 276 4210 378 4277; x_wconf 89' lang='lat' dir='ltr'><strong>quam</strong></span> <span class='ocrx_word' id='word_1_352' title='bbox 392 4189 538 4254; x_wconf 86' lang='lat' dir='ltr'><strong>maxime</strong></span> <span class='ocrx_word' id='word_1_353' title='bbox 555 4209 632 4253; x_wconf 91' lang='lat' dir='ltr'><strong>cum</strong></span> <span class='ocrx_word' id='word_1_354' title='bbox 655 4209 696 4252; x_wconf 89' lang='lat' dir='ltr'><strong>ea</strong></span> <span class='ocrx_word' id='word_1_355' title='bbox 710 4189 911 4253; x_wconf 88' lang='lat' dir='ltr'><strong>auctoritate</strong></span> <span class='ocrx_word' id='word_1_356' title='bbox 923 4212 1026 4276; x_wconf 88' lang='lat' dir='ltr'><strong>quam</strong></span> <span class='ocrx_word' id='word_1_357' title='bbox 1042 4190 1268 4256; x_wconf 88' lang='lat' dir='ltr'><strong>Christussihi</strong></span> <span class='ocrx_word' id='word_1_358' title='bbox 1284 4190 1319 4255; x_wconf 93' lang='lat' dir='ltr'><strong>in</strong></span> <span class='ocrx_word' id='word_1_359' title='bbox 1330 4212 1362 4254; x_wconf 90' lang='lat' dir='ltr'><strong>v.</strong></span> <span class='ocrx_word' id='word_1_360' title='bbox 1382 4197 1421 4255; x_wconf 90' lang='lat'><strong>10</strong></span> <span class='ocrx_word' id='word_1_361' title='bbox 1437 4190 1597 4257; x_wconf 90' lang='lat' dir='ltr'><strong>vindicat.</strong></span> 
     </span>
    </p>
   </div>
   <div class='ocr_carea' id='block_1_4' title="bbox 276 4383 1604 4561">
    <p class='ocr_par' dir='ltr' id='par_1_4' title="bbox 276 4383 1604 4561">
     <span class='ocr_line' id='line_1_37' title="bbox 315 4383 1603 4463; baseline 0 -19"><span class='ocrx_word' id='word_1_362' title='bbox 315 4386 357 4444; x_wconf 81' lang='lat' dir='ltr'><strong>Ex</strong></span> <span class='ocrx_word' id='word_1_363' title='bbox 374 4402 411 4444; x_wconf 90' lang='lat' dir='ltr'><strong>eo</strong></span> <span class='ocrx_word' id='word_1_364' title='bbox 432 4385 517 4463; x_wconf 94' lang='lat' dir='ltr'><strong>quod</strong></span> <span class='ocrx_word' id='word_1_365' title='bbox 536 4385 676 4445; x_wconf 87' lang='lat' dir='ltr'><strong>Christus</strong></span> <span class='ocrx_word' id='word_1_366' title='bbox 696 4383 725 4443; x_wconf 92' lang='lat' dir='ltr'><strong>ei</strong></span> <span class='ocrx_word' id='word_1_367' title='bbox 744 4391 870 4461; x_wconf 90' lang='lat' dir='ltr'><strong>peccata</strong></span> <span class='ocrx_word' id='word_1_368' title='bbox 890 4387 1040 4452; x_wconf 85' lang='lat' dir='ltr'><strong>remittit,</strong></span> <span class='ocrx_word' id='word_1_369' title='bbox 1060 4386 1153 4462; x_wconf 90' lang='lat' dir='ltr'><strong>plane</strong></span> <span class='ocrx_word' id='word_1_370' title='bbox 1173 4386 1379 4463; x_wconf 77' lang='lat' dir='ltr'><strong>consequitur</strong></span> <span class='ocrx_word' id='word_1_371' title='bbox 1397 4385 1484 4459; x_wconf 75' lang='lat' dir='ltr'><strong>fidem</strong></span> <span class='ocrx_word' id='word_1_372' title='bbox 1502 4404 1603 4447; x_wconf 82' lang='lat' dir='ltr'><strong>eorum</strong></span> 
     </span>
     <span class='ocr_line' id='line_1_38' title="bbox 276 4483 1604 4561; baseline 0.002 -18"><span class='ocrx_word' id='word_1_373' title='bbox 276 4499 337 4543; x_wconf 91' lang='lat' dir='ltr'><strong>non</strong></span> <span class='ocrx_word' id='word_1_374' title='bbox 352 4499 445 4560; x_wconf 85' lang='lat' dir='ltr'><strong>posse</strong></span> <span class='ocrx_word' id='word_1_375' title='bbox 462 4483 571 4543; x_wconf 89' lang='lat' dir='ltr'><strong>reterri</strong></span> <span class='ocrx_word' id='word_1_376' title='bbox 586 4484 624 4542; x_wconf 91' lang='lat' dir='ltr'><strong>ad</strong></span> <span class='ocrx_word' id='word_1_377' title='bbox 646 4483 730 4543; x_wconf 88' lang='lat' dir='ltr'><strong>solos</strong></span> <span class='ocrx_word' id='word_1_378' title='bbox 744 4499 797 4541; x_wconf 89' lang='lat' dir='ltr'><strong>eos</strong></span> <span class='ocrx_word' id='word_1_379' title='bbox 813 4483 866 4559; x_wconf 91' lang='lat' dir='ltr'><strong>qui</strong></span> <span class='ocrx_word' id='word_1_380' title='bbox 884 4487 1011 4559; x_wconf 86' lang='lat' dir='ltr'><strong>portent</strong></span> <span class='ocrx_word' id='word_1_381' title='bbox 1024 4489 1199 4561; x_wconf 87' lang='lat' dir='ltr'><strong>aegrotum.</strong></span> <span class='ocrx_word' id='word_1_382' title='bbox 1217 4487 1311 4544; x_wconf 86' lang='lat' dir='ltr'><strong>ltecte</strong></span> <span class='ocrx_word' id='word_1_383' title='bbox 1334 4486 1417 4545; x_wconf 87' lang='lat' dir='ltr'><strong>enim</strong></span> <span class='ocrx_word' id='word_1_384' title='bbox 1434 4485 1604 4545; x_wconf 73' lang='lat' dir='ltr'><strong>advertunt</strong></span> 
     </span>
    </p>
   </div>
   <div class='ocr_carea' id='block_1_5' title="bbox 275 4659 1604 4952">
    <p class='ocr_par' dir='ltr' id='par_1_5' title="bbox 275 4659 1604 4952">
     <span class='ocr_line' id='line_1_39' title="bbox 308 4659 1604 4724; baseline 0.004 -17"><span class='ocrx_word' id='word_1_385' title='bbox 308 4666 328 4708; x_wconf 88' lang='lat'><strong>1.</strong></span> <span class='ocrx_word' id='word_1_386' title='bbox 345 4663 476 4708; x_wconf 80' lang='lat' dir='ltr'><strong>Erasmus</strong></span> <span class='ocrx_word' id='word_1_387' title='bbox 490 4660 514 4707; x_wconf 91' lang='lat' dir='ltr'><strong>in</strong></span> <span class='ocrx_word' id='word_1_388' title='bbox 528 4659 675 4722; x_wconf 83' lang='lat' dir='ltr'><strong>paraphrasi</strong></span> <span class='ocrx_word' id='word_1_389' title='bbox 691 4659 762 4722; x_wconf 77' lang='lat' dir='ltr'><strong>{teuit</strong></span> <span class='ocrx_word' id='word_1_390' title='bbox 778 4661 965 4709; x_wconf 81' lang='lat' dir='ltr'><strong>remittuntur.</strong></span> <span class='ocrx_word' id='word_1_391' title='bbox 981 4660 1047 4709; x_wconf 76' lang='lat' dir='ltr'><strong>Alias</strong></span> <span class='ocrx_word' id='word_1_392' title='bbox 1062 4660 1153 4709; x_wconf 85' lang='lat' dir='ltr'><strong>scribit</strong></span> <span class='ocrx_word' id='word_1_393' title='bbox 1172 4680 1177 4709; x_wconf 74' lang='grc' dir='ltr'>ε</span> <span class='ocrx_word' id='word_1_394' title='bbox 1193 4675 1207 4709; x_wconf 82' lang='lat' dir='ltr'><strong>u</strong></span> <span class='ocrx_word' id='word_1_395' title='bbox 1226 4667 1254 4710; x_wconf 87' lang='lat' dir='ltr'><strong>nt</strong></span> <span class='ocrx_word' id='word_1_396' title='bbox 1275 4675 1321 4709; x_wconf 88' lang='lat' dir='ltr'><strong>nos</strong></span> <span class='ocrx_word' id='word_1_397' title='bbox 1341 4674 1493 4724; x_wconf 85' lang='lat' dir='ltr'><strong>poneremus</strong></span> <span class='ocrx_word' id='word_1_398' title='bbox 1513 4663 1604 4712; x_wconf 81' lang='lat' dir='ltr'><strong>remit-</strong></span> 
     </span>
     <span class='ocr_line' id='line_1_40' title="bbox 276 4739 1604 4802; baseline 0 -10"><span class='ocrx_word' id='word_1_399' title='bbox 276 4742 381 4801; x_wconf 78' lang='lat' dir='ltr'><strong>tantur,</strong></span> <span class='ocrx_word' id='word_1_400' title='bbox 393 4740 417 4788; x_wconf 92' lang='lat' dir='ltr'><strong>in</strong></span> <span class='ocrx_word' id='word_1_401' title='bbox 430 4752 504 4789; x_wconf 87' lang='lat' dir='ltr'><strong>causa</strong></span> <span class='ocrx_word' id='word_1_402' title='bbox 517 4739 566 4788; x_wconf 93' lang='lat' dir='ltr'><strong>tuit</strong></span> <span class='ocrx_word' id='word_1_403' title='bbox 578 4739 683 4802; x_wconf 88' lang='lat' dir='ltr'><strong>quidam</strong></span> <span class='ocrx_word' id='word_1_404' title='bbox 701 4740 831 4799; x_wconf 77' lang='lat' dir='ltr'><strong>insigniter</strong></span> <span class='ocrx_word' id='word_1_405' title='bbox 844 4752 931 4801; x_wconf 83' lang='lat' dir='ltr'><strong>graece</strong></span> <span class='ocrx_word' id='word_1_406' title='bbox 948 4739 1048 4797; x_wconf 80' lang='lat' dir='ltr'><strong>doctus,</strong></span> <span class='ocrx_word' id='word_1_407' title='bbox 1065 4741 1096 4790; x_wconf 92' lang='lat' dir='ltr'><strong>ad</strong></span> <span class='ocrx_word' id='word_1_408' title='bbox 1113 4741 1174 4790; x_wconf 83' lang='lat' dir='ltr'><strong>haec</strong></span> <span class='ocrx_word' id='word_1_409' title='bbox 1187 4755 1237 4790; x_wconf 90' lang='lat' dir='ltr'><strong>non</strong></span> <span class='ocrx_word' id='word_1_410' title='bbox 1256 4742 1376 4791; x_wconf 87' lang='lat' dir='ltr'><strong>mediocri</strong></span> <span class='ocrx_word' id='word_1_411' title='bbox 1395 4742 1433 4790; x_wconf 89' lang='lat' dir='ltr'><strong>vir</strong></span> <span class='ocrx_word' id='word_1_412' title='bbox 1451 4743 1604 4792; x_wconf 86' lang='lat' dir='ltr'><strong>auctoritate</strong></span> 
     </span>
     <span class='ocr_line' id='line_1_41' title="bbox 275 4820 1603 4886; baseline 0.002 -16"><span class='ocrx_word' id='word_1_413' title='bbox 275 4820 320 4886; x_wconf 91' lang='lat' dir='ltr'><strong>qui</strong></span> <span class='ocrx_word' id='word_1_414' title='bbox 334 4820 467 4870; x_wconf 85' lang='lat' dir='ltr'><strong>consultus</strong></span> <span class='ocrx_word' id='word_1_415' title='bbox 482 4833 557 4882; x_wconf 85' lang='lat' dir='ltr'><strong>super</strong></span> <span class='ocrx_word' id='word_1_416' title='bbox 568 4820 616 4869; x_wconf 89' lang='lat' dir='ltr'><strong>boc</strong></span> <span class='ocrx_word' id='word_1_417' title='bbox 627 4820 682 4869; x_wconf 89' lang='lat' dir='ltr'><strong>loco</strong></span> <span class='ocrx_word' id='word_1_418' title='bbox 697 4821 771 4870; x_wconf 87' lang='lat' dir='ltr'><strong>iussit</strong></span> <span class='ocrx_word' id='word_1_419' title='bbox 785 4824 811 4868; x_wconf 91' lang='lat' dir='ltr'><strong>ut</strong></span> <span class='ocrx_word' id='word_1_420' title='bbox 828 4835 873 4870; x_wconf 90' lang='lat' dir='ltr'><strong>suo</strong></span> <span class='ocrx_word' id='word_1_421' title='bbox 889 4821 1002 4885; x_wconf 86' lang='lat' dir='ltr'><strong>periculo</strong></span> <span class='ocrx_word' id='word_1_422' title='bbox 1019 4826 1143 4871; x_wconf 83' lang='lat' dir='ltr'><strong>verterem</strong></span> <span class='ocrx_word' id='word_1_423' title='bbox 1156 4824 1349 4876; x_wconf 74' lang='lat' dir='ltr'><strong>remittantur:</strong></span> <span class='ocrx_word' id='word_1_424' title='bbox 1359 4822 1496 4872; x_wconf 89' lang='lat' dir='ltr'><strong>obsecutus</strong></span> <span class='ocrx_word' id='word_1_425' title='bbox 1509 4837 1565 4872; x_wconf 88' lang='lat' dir='ltr'><strong>sum</strong></span> <span class='ocrx_word' id='word_1_426' title='bbox 1577 4827 1603 4873; x_wconf 92' lang='lat' dir='ltr'><strong>et</strong></span> 
     </span>
     <span class='ocr_line' id='line_1_42' title="bbox 276 4900 393 4952; baseline -0.017 0"><span class='ocrx_word' id='word_1_427' title='bbox 276 4900 358 4952; x_wconf 86' lang='lat' dir='ltr'><strong>lassus</strong></span> <span class='ocrx_word' id='word_1_428' title='bbox 372 4918 393 4950; x_wconf 81' lang='grc' dir='ltr'><strong>ν.</strong></span> 
     </span>
    </p>
   </div>
   <div class='ocr_carea' id='block_1_6' title="bbox 0 0 1987 5654">
    <p class='ocr_par' dir='ltr' id='par_1_6' title="bbox 0 0 1987 5654">
     <span class='ocr_line' id='line_1_43' title="bbox 0 0 1987 5654; baseline 0 0"><span class='ocrx_word' id='word_1_429' title='bbox 0 0 1987 5654; x_wconf 95' lang='lat' dir='ltr'><strong> </strong></span> 
     </span>
    </p>
   </div>
  </div>
 </body>
</html>
