3960 5654
379 499 419 567 aa
641 515 685 571 ,ne
706 511 938 564 conscmrrroua
958 477 1294 566 eranceursrcunnuu
1314 512 1448 579 saecun.

380 649 554 717 intellectu
575 646 727 728 facilem,
748 645 896 717 dilucide
913 656 1069 737 recteque
1086 643 1285 734 dispositum
1305 645 1482 713 detorsisse
1494 664 1642 733 eumque
1656 647 1707 713 el-

379 756 495 824 fecisse
519 757 718 834 obscurum,
740 755 960 846 impeditum,
988 750 1159 821 intellectu
1180 752 1372 834 difficilem,
1397 752 1572 818 hiulcum?
1592 755 1707 841 Neque

377 862 445 930 alia
463 869 515 928 sat
527 858 707 927 commode
723 862 887 951 explicari
902 867 1050 951 possunt.
1070 857 1103 924 Si
1121 857 1248 927 llarcus
1267 859 1350 944 legit
1366 858 1459 948 apud
1479 857 1705 927 llatthaeum:

378 970 481 1035 nolite
508 963 720 1053 possidere...
744 989 855 1055 neque
880 968 1014 1054 virgam
1041 964 1185 1054 (10,10),
1211 961 1382 1056 quomodo
1407 965 1471 1054 ipsi
1497 966 1533 1031 in
1558 967 1707 1030 mentem

376 1073 492 1156 venire
512 1073 624 1160 potuit
644 1073 793 1141 scribere
816 1094 824 1139 :
847 1073 911 1139 nisi
930 1076 1063 1160 virgam
1082 1066 1215 1148 tantum
1235 1071 1338 1162 (6,8)‘?
1358 1068 1492 1145 sividit
1510 1071 1604 1162 apud
1625 1075 1707 1136 llat-

376 1179 515 1244 thaeum
539 1179 721 1269 Christum
742 1177 941 1266 praedicere
968 1199 1063 1246 suam
1087 1163 1342 1244 erucifirionem
1359 1165 1566 1264 (σταυρῶσαι,
1583 1184 1705 1261 20,19;

374 1286 486 1373 262),
519 1308 580 1370 cur
604 1290 714 1351 lesum
739 1282 847 1349 solum
874 1268 1068 1374 loquentem
1090 1282 1172 1350 lecit
1202 1285 1245 1351 de
1270 1282 1436 1349 occisione
1456 1273 1703 1370 (ἀποκτενοῦσιν,

178 1414 181 1418 ·
280 1466 283 1471 ,
375 1396 470 1471 9,30;
491 1391 629 1480 10,3t)t
641 1391 667 1455 si
682 1387 767 1454 vidit
782 1389 875 1478 apud
885 1391 1087 1458 llatthaeum
1098 1391 1200 1457 scribi
1218 1395 1359 1456 matrem
1375 1389 1525 1456 liliorum
1540 1391 1706 1458 Zebedaei

375 1500 550 1565 accessisse
563 1496 608 1563 ad
621 1501 730 1562 lesum
742 1501 776 1561 et
789 1518 947 1583 rogasse:
967 1497 1023 1563 dic
1038 1500 1075 1561 ut
1091 1497 1127 1563 hi
1143 1497 1211 1563 duo
1225 1495 1287 1561 tilii
1303 1496 1369 1562 mei
1385 1495 1542 1578 sedeant,
1559 1519 1647 1564 unus
1661 1497 1707 1563 ad

375 1603 548 1671 dexteram
564 1608 659 1668 tuam
671 1606 734 1667 etc.
753 1602 897 1692 (2031),
914 1601 1085 1692 quomodo
1096 1625 1164 1669 non
1176 1603 1344 1669 dubitavit
1357 1625 1498 1670 narrare
1508 1597 1577 1671 alio'
1590 1603 1704 1684 mode,

374 1717 412 1777 ut
426 1712 489 1799 ipsi
506 1709 567 1776 lilii
586 1708 747 1799 petierint
767 1731 775 1776 :
795 1708 840 1775 da
859 1710 973 1791 nobis,
992 1715 1029 1774 ut
1043 1731 1131 1776 unus
1145 1708 1190 1776 ad
1207 1707 1379 1776 dexteram
1398 1715 1493 1777 tuam
1509 1717 1543 1777 et
1559 1709 1648 1778 alius
1661 1709 1706 1777 ad

373 1817 548 1883 sinistram
560 1815 738 1882 sedeamus
754 1815 789 1881 in
808 1814 920 1902 gloria
935 1821 993 1881 tua
1013 1816 1167 1905 (10,37)?
1183 1836 1245 1881 cur
1263 1817 1368 1882 verba
1384 1817 1517 1884 Domini
1536 1817 1636 1883 aliter
1653 1816 1706 1883 al-

373 1925 439 1989 lert
453 1929 556 2010 atque
575 1922 669 2010 apud
686 1920 891 1988 llatthaeum
910 1923 1109 2008 consignata
1125 1924 1225 1988 sunt?
1244 1921 1321 1988 vide
1342 1944 1373 1988 v.
1390 1943 1426 2009 g.
1446 1929 1540 2003 225.
1557 1929 1616 2002 26;
1634 1930 1704 2005 tn,

374 2035 413 2112 8;
431 2035 529 2111 '1‚10;
555 2034 673 2107 10,19;
695 2050 756 2095 cur
775 2026 893 2118 aliqua
915 2032 987 2094 lesu
1010 2028 1111 2094 etlata
1127 2028 1266 2094 omuino
1285 2049 1354 2094 non
1367 2028 1464 2095 atlert
1481 2050 1571 2117 quae
1592 2035 1707 2097 tamen

375 2137 520 2202 maxime
539 2141 622 2224 apta
651 2135 793 2200 fuissent
822 2135 865 2200 ad
899 2134 935 2200 id
958 2134 1049 2223 quod
1075 2134 1158 2201 alias
1181 2155 1259 2201 eum
1283 2137 1441 2225 prosequi
1471 2135 1645 2204 videmus?
1659 2136 1707 2203 ita

373 2263 490 2308 omnes
515 2240 636 2307 dicunt
661 2262 739 2308 eum
762 2241 958 2308 tarditatem
990 2232 1234 2330 discipulorum
1264 2242 1416 2308 consulto
1444 2242 1564 2309 efferre
1588 2243 1707 2334 (idque

373 2348 510 2431 merito,
541 2348 623 2437 quia
643 2368 761 2414 eorum
787 2347 830 2413 de
850 2352 923 2413 lesu
943 2347 1175 2413 testimonium
1195 2369 1235 2414 eo
1260 2349 1399 2434 gravius
1420 2349 1620 2439 evaditque
1639 2348 1707 2416 dii-

372 2455 493 2521 ficilius
516 2454 581 2543 ipsi
600 2476 649 2521 ac·
662 2453 788 2519 lentius
810 2453 1054 2540 crediderubt);
1075 2459 1191 2521 tamen
1219 2460 1298 2536 938
1321 2455 1535 2544 praeclaram
1557 2457 1706 2525 occasio·

372 2584 451 2627 nem
475 2562 616 2644 omittit,
638 2559 795 2650 quamvis
810 2560 925 2627 tlatth.
953 2567 1050 2643 1220
1070 2562 1102 2627 ei
1120 2566 1205 2628 esset
1222 2559 1346 2628 oblata.
1364 2566 1404 2628 Et
1417 2584 1521 2652 quam
1538 2564 1705 2630 rationem

372 2667 555 2735 reddemus
572 2667 615 2735 dc
630 2667 747 2733 multis
758 2667 826 2732 illis
845 2689 933 2756 quae
951 2666 1043 2756 apud
1062 2668 1261 2735 llettheeum
1280 2668 1441 2755 leguntur
1452 2675 1485 2735 et
1496 2668 1541 2735 ad
1558 2669 1594 2736 id
1612 2670 1706 2759 quod

371 2780 499 2842 llarcus
522 2773 670 2861 intendit
690 2774 895 2863 plane'apta
917 2781 996 2839 sunt
1019 2779 1052 2840 et
1073 2773 1295 2841 nihilominus
1316 2796 1336 2841 a
1357 2779 1467 2859 llarco
1490 2775 1592 2864 plane
1610 2798 1706 2867 prae-

372 2884 574 2948 tereuntur‘l

418 2989 512 3053 Hisce
526 2988 670 3076 aliisque
687 2988 866 3075 perpensis
880 2986 1107 3076 praeterendo
1124 2993 1174 3054 est
1188 2986 1329 3053 illorum
1347 2988 1517 3055 sententia
1542 2990 1601 3079 qui
1622 2989 1706 3057 insi-

372 3086 497 3162 stentes
516 3092 717 3160 testimoniis
731 3093 895 3159 dellarco
919 3093 1206 3182 praedicationem
1228 3095 1317 3161 Petri
1343 3094 1463 3161 litteris
1485 3086 1706 3183 consignante

371 3199 591 3287 evangelium
602 3222 640 3265 ex
648 3199 927 3266 traditioneorali
934 3207 1046 3266 ortum
1055 3221 1125 3266 esse
1133 3200 1324 3267 existimant
1334 3201 1392 3290 (cl.
1406 3203 1567 3291 Cornely,
1576 3202 1704 3270 Introd.

373 3311 413 3374 lll
429 3330 462 3396 p.
482 3312 543 3374 tat
558 3305 647 3395 seq.)
659 3312 692 3371 et
704 3305 897 3372 catechesin
912 3307 1131 3395 apostolicam
1147 3307 1276 3373 iontem
1292 3309 1514 3397 praecipuum
1530 3310 1706 3396 assignant

373 3414 427 3502 (ct.
441 3413 592 3494 Kaulen,
607 3412 846 3499 Einleitungn.
865 3411 956 3500 t51);
970 3415 1072 3479 etiam
1085 3413 1263 3480 Schanzin
1274 3416 1519 3481 commentario
1534 3416 1705 3502 evangelii

374 3527 480 3588 Lucae
501 3520 571 3586 iam
596 3519 741 3585 maiores
765 3524 878 3615 partes
897 3519 1070 3586 traditioni
1092 3519 1177 3586 orali
1202 3519 1368 3586 attribuit.
1400 3520 1438 3586 ld
1458 3542 1538 3588 vero
1560 3521 1700 3589 concedi

373 3627 476 3694 debet
488 3627 612 3692 seriem
624 3623 851 3714 ordinemque
862 3647 929 3714 quo
940 3627 1055 3692 variae
1069 3625 1469 3715 narrationesdispositae
1481 3633 1560 3694 sunt
1570 3633 1603 3695 et
1614 3630 1705 3695 inter

372 3756 407 3801 se
417 3754 588 3802 connexae
598 3731 735 3821 facilius
748 3730 908 3821 explicari
923 3734 951 3798 si
966 3732 1150 3814 assumitur
1164 3736 1307 3810 blarcum
1323 3755 1363 3800 ee
1376 3734 1412 3799 in
1427 3755 1464 3800 re
1481 3733 1610 3801 librum
1623 3740 1704 3802 llat-

373 3841 462 3908 thaei
471 3839 515 3907 ob
528 3838 644 3906 oculos
654 3837 830 3921 habuisse,
841 3839 1003 3927 ¹quamvis
1015 3844 1163 3929 nequeat
1171 3839 1336 3906 allirmari
1344 3840 1564 3908 traditionem
1574 3840 1703 3909 orclem

372 3947 415 4015 ad
431 3947 466 4014 id
482 3945 730 4013 declarandum
746 3967 816 4011 esse
830 3945 970 4011 omnino
983 3945 1256 4012 insufficientem.
1274 3950 1388 4036 Neque
1398 3947 1644 4035 negligendum
1655 3954 1706 4015 est

372 4053 464 4144 quod
478 4052 682 4121 testimoniis
696 4051 739 4118 de
749 4052 883 4138 origine
895 4053 1064 4138 evangelii
1080 4052 1238 4135 traditur,
1251 4053 1424 4142 inquibus
1438 4054 1525 4120 nihil
1536 4055 1705 4144 reperitur

371 4161 647 4228 indiciillarcum
658 4158 808 4225 hausisse
821 4182 860 4226 ex
874 4159 1029 4225 Matthaei
1044 4159 1151 4241 libro;
1163 4159 1271 4226 solum
1286 4159 1435 4228 traditur
1445 4164 1606 4228 loannem
1621 4161 1705 4229 dum

372 4266 645 4335 adscribendum
661 4265 878 4351 evangelium
886 4287 921 4331 se
934 4267 1129 4353 accingeret
1137 4267 1304 4333 rationem
1321 4266 1480 4333 habuisse
1493 4269 1705 4357 reliquorum

372 4397 461 4464 qnae
475 4375 545 4440 iam·
559 4373 737 4440 exstabant
752 4373 1010 4458 evangeliorum
1028 4373 1086 4462 (cl.
1104 4373 1258 4439 Clemens
1271 4373 1356 4440 alex.
1373 4373 1467 4464 apud
1480 4376 1602 4442 Euseb.
1620 4376 1654 4442 h.
1672 4398 1702 4442 e.

372 4481 478 4565 (Μὴ),
501 4479 537 4546 id
556 4480 652 4569 quod
671 4501 710 4545 ex
730 4480 803 4569 ipso
822 4501 958 4568 quoque
979 4478 1068 4545 libro
1088 4486 1243 4546 constare
1264 4487 1453 4567 agnoscunt
1474 4500 1606 4560 omnes3
1627 4481 1704 4549 vide

373 4612 404 4656 v.
422 4591 568 4675 giloan.
593 4592 686 4667 1‚t5;
712 4593 808 4668 2113
826 4592 930 4667 3,2t;w
950 4592 1045 4667 t,sc;
1065 4593 1139 4660 11.1
1162 4586 1220 4675 (cl.
1243 4586 1389 4677 Comely
1405 4587 1429 4653 l.
1450 4611 1480 4656 c.
1499 4610 1535 4677 p.
1558 4590 1648 4675 uto).
1666 4593 1706 4656 Et

372 4697 400 4762 si
413 4700 539 4761 blarcus
554 4715 586 4757 v.
599 4714 634 4779 g.
646 4715 667 4759 a
680 4698 714 4759 S.
733 4694 920 4779 Augustino
934 4699 1073 4759 vocetur
1085 4693 1289 4782 pedisequus
1302 4701 1335 4760 et
1349 4695 1521 4762 breviator
1536 4695 1701 4775 Matthaei,

373 4804 504 4884 Schanz
525 4820 664 4888 quoque
688 4800 813 4866 latetur
836 4798 1002 4878 eiusmodi
1026 4800 1220 4877 testimonia
1238 4801 1363 4889 quibus
1387 4823 1473 4868 unus
1494 4802 1706 4890 evengelista

373 4909 462 4976 libro
482 4907 621 4975 alterius
641 4928 720 4973 usus
735 4929 805 4974 esse
820 4906 945 4973 dieitur
960 4907 1081 4973 hausta
1095 4929 1165 4974 esse
1180 4909 1290 4976 solum
1311 4931 1351 4976 ex
1367 4908 1557 4976 rationibus
1571 4910 1607 4977 in
1626 4931 1708 4982 nar.
