3960 5654
178 460 247 531 220'

177 644 291 706 suain,
312 617 454 709 nequid
470 618 536 684 illis
555 617 597 687 de
614 620 698 689 falsa
713 624 852 689 notione
868 615 1084 703 adhaereret3
1103 644 1133 686 v.
1159 628 1198 687 31
1216 637 1248 688 ct
1261 622 1370 712 coepit
1386 621 1505 688 (locere

177 752 231 798 eos
249 728 413 821 quantam
428 738 561 814 oportet
579 726 706 796 Filium
727 728 873 796 bominis
889 728 967 816 pati
984 731 1113 811 multa;
1137 729 1183 792 ita
1202 731 1408 813 generatim3
1425 727 1503 793 dein

176 834 313 923 singula
335 830 505 922 quaedam
528 842 795 917 enumerantur;
827 841 1008 924 antequam
1038 837 1144 922 igitur
1169 833 1269 900 Filius
1295 833 1443 903 hominis
1462 835 1506 900 ad

178 965 253 1011 eam
272 939 419 1027 gloriam
439 946 473 1007 et
496 941 762 1010 dominationem
781 942 960 1031 perveniat
979 966 1066 1035 quae
1080 941 1121 1007 de
1138 940 1210 1030 ipso
1225 943 1317 1031 apud
1333 941 1505 1010 Danielem

179 1055 257 1134 ’1,13
284 1046 501 1133 describitur,
530 1072 609 1117 eum
632 1053 768 1139 oportet
792 1048 899 1116 multa
927 1054 1013 1141 pati,
1043 1061 1074 1115 et
1100 1047 1291 1138 reprobari,
1314 1050 1503 1141 repudiari,

178 1156 291 1236 reiiei,
307 1177 329 1221 α
343 1155 529 1224 senioribus
546 1169 578 1224 et
596 1180 618 1224 α
632 1154 774 1222 summis
789 1156 1017 1225 sacerdotibus
1036 1168 1068 1222 et
1086 1155 1219 1236 scribis,
1239 1177 1355 1241 ergon
1374 1179 1507 1223 summo

179 1262 381 1331 ludaeorum
396 1266 616 1352 magistratu,
635 1261 679 1329 ab
696 1261 736 1328 iis
753 1264 813 1353 qui
832 1264 869 1331 in
887 1286 922 1331 re
942 1263 1033 1330 civili
1047 1269 1080 1329 et
1099 1264 1257 1352 religiosa
1276 1265 1506 1354 principatum

178 1369 271 1461 apud
286 1370 424 1438 ludaeos
450 1374 576 1458 gerunt
596 1373 630 1437 et
654 1369 714 1458 qui
735 1370 968 1458 cognitionem
990 1357 1022 1437 et
1045 1372 1300 1461 explicationem
1318 1370 1403 1457 legis
1419 1377 1506 1438 tam-

178 1500 283 1567 quam
307 1479 463 1545 doctores
481 1475 705 1568 profitentur;
731 1499 773 1544 en
802 1476 853 1544 illi
876 1476 941 1567 ipsi
962 1478 1021 1566 qui
1044 1478 1179 1545 oracula
1201 1479 1364 1554 messiane
1379 1479 1507 1567 optime

178 1585 265 1653 scire
280 1585 407 1653 debent
420 1590 454 1653 et
468 1584 527 1676 qui
541 1605 712 1651 summam
728 1584 824 1652 illam
838 1584 1095 1674 promissionem
1115 1584 1241 1676 populo
1263 1587 1319 1652 Dei
1336 1585 1378 1652 de
1392 1586 1508 1651 Messio

179 1692 302 1760 lectam
327 1711 432 1782 quam
457 1691 596 1759 maximi
624 1691 805 1760 aestimare
832 1690 1019 1773 dehebant,
1048 1692 1194 1760 llessiam
1222 1692 1383 1759 dicuntur
1408 1715 1510 1782 repu-

179 1798 291 1867 diare!
314 1811 346 1866 et
365 1798 521 1866 occidte!
529 1811 610 1889 post
622 1813 689 1866 tres
704 1798 774 1866 dies
792 1820 982 1888 reserpere,
999 1800 1066 1880 vel,
1083 1806 1122 1867 ut
1139 1799 1251 1866 llatth.
1273 1799 1390 1881 habet,
1410 1800 1509 1865 tertia

179 1904 236 1973 die
256 1927 445 1993 resurgere.
473 1905 560 1984 Quid
585 1906 684 1972 tertio
709 1904 763 1972 die
781 1905 973 1992 significare
996 1907 1114 1996 possit,
1135 1907 1255 1992 collige
1275 1929 1312 1971 cx
1330 1907 1409 1972 Tob.
1429 1913 1508 1988 3,10

183 2019 224 2080 12
238 2019 272 2080 et
286 2015 376 2080 Esth.
398 2020 454 2095 t,o
471 2019 504 2081 et
522 2019 577 2095 5‚1
595 2019 628 2080 et
643 2036 682 2080 ex
697 2035 738 2079 eo
755 2013 902 2103 quodein
926 2013 1027 2081 Sedet·
1053 2014 1142 2081 olam
1165 2013 1295 2080 fertur:
1319 2013 1509 2080 nudiuster-

181 2120 247 2188 tius
261 2126 340 2187 sunt
353 2125 420 2188 tres
435 2121 520 2189 dies.
539 2123 695 2188 Ceterum
710 2119 788 2187 vide
803 2142 891 2211 quae
908 2120 952 2187 ad
968 2122 1081 2188 llatth.
1106 2126 1203 2203 12,αο
1220 2122 1345 2188 notavi.

226 2233 261 2296 ln
282 2226 362 2295 odio
382 2227 524 2318 quidem
544 2233 578 2295 et
596 2227 889 2319 persecutionibus
907 2233 941 2295 et
958 2228 1135 2295 calumniis
1154 2229 1424 2318 pharisaeorum,
1450 2229 1510 2317 qui

179 2340 290 2403 lesum
310 2334 480 2403 societatis
492 2357 570 2402 eum
581 2334 771 2403 Beelzebub
786 2334 891 2403 initae
907 2340 1118 2418 accusarunt,
1132 2342 1165 2403 et
1177 2336 1236 2426 qui
1247 2337 1315 2403 iam
1331 2336 1507 2403 consilium

180 2448 346 2534 ceperant
364 2465 443 2511 cum
460 2442 697 2526 interimendi,
726 2441 806 2510 dein
831 2444 868 2510 in
891 2443 1008 2511 habitu
1032 2443 1214 2511 homiliae
1240 2466 1392 2534 paupere
1407 2465 1508 2532 quem

182 2556 271 2619 lesus
289 2555 485 2618 constanter
498 2572 581 2641 prae
595 2573 630 2617 se
647 2549 795 2632 terebat,
815 2551 850 2616 in
870 2551 1034 2618 occisione
1051 2552 1294 2641 praecursoris,
1312 2558 1345 2618 et
1361 2573 1510 2640 praeser-

182 2660 243 2725 tim
255 2659 291 2725 in
305 2661 405 2745 signo
424 2662 539 2741 lonae,
562 2658 612 2725 uti
626 2656 713 2725 illud
727 2662 818 2725 lesus
833 2659 979 2747 explicat
990 2658 1116 2747 (llatth.
1136 2659 1246 2746 tito)
1264 2660 1330 2725 iam
1354 2663 1511 2748 poteraut

94 2763 96 2767 ’
181 2766 299 2860 aliqua
318 2765 446 2834 indicia
460 2767 622 2853 cognosci
634 2765 706 2834 lore
723 2771 759 2832 ut
775 2770 864 2832 lesus
876 2766 1027 2855 patiatur
1038 2767 1154 2833 multa.
1172 2771 1293 2832 Verum
1306 2788 1396 2832 nuuc
1407 2765 1510 2855 plane

180 2878 215 2941 ct
230 2881 345 2964 aperte
362 2896 460 2940 suam
479 2875 670 2964 passionem
690 2874 873 2941 annuntiat
889 2874 1001 2964 prima
1020 2875 1110 2956 vice3
1137 2895 1169 2941 v.
1192 2880 1233 2940 32
1251 2887 1284 2940 et
1294 2872 1416 2963 palem
1435 2896 1509 2939 ver-

181 2979 259 3048 bum
279 2979 484 3071 loquebatur
502 2976 653 3069 παρρησίᾳ
672 2981 696 3048 i.
717 3002 748 3048 e.
774 2981 846 3047 sine
868 2980 1087 3068 ambagibus,
1105 2982 1177 3047 sine
1196 2983 1358 3047 orationis
1375 2981 1509 3047 involu-

181 3088 264 3172 cris,
300 3088 416 3161 libere,
436 3093 469 3155 et
490 3094 622 3177 aperte,
644 3091 776 3175 φανερῶς
796 3083 851 3149 καὶ
870 3084 1132 3176 ἀπαρακαλύπτως
1152 3086 1303 3176 (Bulla),
1333 3088 1510 3154 manifeste

182 3196 254 3263 siue
268 3195 338 3262 ullo
354 3199 553 3283 tegumento
576 3195 669 3262 hunc
682 3216 876 3262 sermonem
900 3194 1046 3262 dicebat.
1073 3225 1088 3256 «
1113 3197 1199 3261 Dum
1216 3195 1274 3260 alii
1290 3194 1510 3260 turbarentur

182 3309 216 3370 et
228 3303 362 3370 attoniti
378 3304 577 3384 haererent,
593 3303 718 3370 iterum
731 3306 849 3370 Petrus
862 3308 980 3393 utpote
995 3303 1136 3389 ingenio
1153 3302 1285 3368 fervens
1300 3302 1391 3369 solus
1406 3301 1509 3368 audet

183 3410 226 3478 de
240 3433 281 3478 ea
295 3433 331 3478 re
350 3432 544 3478 sermonem
559 3411 716 3492 miscere;
740 3416 777 3477 at
797 3411 938 3476 minime
950 3409 1064 3499 palam
1085 3414 1119 3476 et
1132 3417 1264 3499 aperte,
1293 3410 1349 3475 sed
1371 3410 1512 3475 assumit

183 3522 292 3586 lesum
311 3540 472 3585 seorsum·
484 3546 500 3578 »
524 3518 640 3607 (Vici.)
657 3529 690 3584 et
707 3516 963 3608 apprehendens
982 3539 1057 3583 eum
1081 3520 1197 3584 Petrus
1214 3518 1320 3607 coepit
1337 3519 1512 3606 increpare

183 3646 279 3710 eum,·
300 3656 315 3687 «
330 3624 503 3716 quomodo
518 3625 747 3716 increpaverit
764 3646 842 3693 eum
858 3625 1041 3692 Matthaeus
1053 3626 1188 3715 exponit
1200 3627 1348 3714 apertius
1366 3647 1373 3691 :
1395 3626 1512 3690 absita

80 3761 81 3764 ¹
184 3740 227 3816 te,
246 3729 401 3817 Domine,
419 3754 489 3800 nou
500 3734 567 3800 erit
579 3732 733 3816 tibihoc;
744 3755 845 3822 saepe
859 3732 1004 3799 diximus
1018 3734 1113 3799 nimii
1128 3732 1257 3800 ardoris
1275 3742 1377 3822 atque
1388 3734 1513 3797 amoris

184 3864 289 3933 quam
305 3840 444 3908 maximi
459 3840 560 3908 luisse
575 3843 710 3907 Petrum
738 3840 774 3906 in
798 3841 1018 3907 Dominum...
1036 3862 1146 3930 neque
1166 3847 1261 3928 putat
1277 3840 1348 3906 lieri
1364 3862 1460 3929 posse
1478 3846 1513 3904 ut

184 3950 286 4018 Filius
306 3950 364 4017 nei
385 3947 573 4032 occidatur,
594 3953 628 4014 et
649 3948 833 4038 separatim
857 3946 953 4014 ducit
973 3969 1015 4014 ne
1043 3948 1276 4038 praesentibus
1295 3949 1414 4013 ceteris
1431 3969 1512 4014 eou-

185 4057 360 4148 diseipulis
375 4055 578 4143 magistrum
594 4054 753 4122 videatur
767 4076 932 4142 arguerc;
945 4054 1056 4144 eoepit
1068 4054 1244 4144 increpare
1258 4055 1355 4121 illum
1366 4057 1514 4121 amantis

185 4165 310 4233 affectu
326 4170 359 4232 et
378 4164 527 4254 optantis
545 4162 658 4230 dicere
676 4184 683 4230 :
711 4184 780 4228 non
803 4167 913 4252 potest
929 4162 1003 4228 fieri
1023 4183 1085 4229 nec
1098 4162 1266 4252 recipiunt
1281 4184 1381 4229 aures
1400 4184 1511 4242 meae,

187 4274 295 4340 utDei
312 4271 413 4338 Filius
437 4270 643 4338 occidendus
667 4271 711 4337 sit
737 4297 752 4331 α
776 4269 911 4358 (Beda).
933 4267 1072 4336 Videtur
1091 4273 1206 4336 Petrus
1223 4273 1387 4355 cogitasse
1406 4275 1513 4336 lesum

187 4379 320 4446 exodio
334 4380 593 4469 pharisaeorum
611 4382 645 4444 et
666 4377 958 4468 persecutionibus
977 4376 1177 4444 concludere
1199 4377 1268 4443 lore
1290 4383 1326 4443 ut
1343 4378 1408 4443 sibi
1425 4400 1515 4444 mors

187 4487 391 4569 intentetur;
416 4509 523 4576 quare
543 4491 650 4553 lesum
670 4485 743 4551 vult
763 4484 941 4551 certiorem
958 4483 1099 4550 reddere
1121 4484 1163 4550 de
1189 4485 1299 4550 valida
1320 4485 1514 4551 defensioue

188 4615 292 4684 quam
313 4617 333 4659 a
352 4595 421 4659 suis
437 4594 593 4673 habehit3
612 4593 701 4660 uude
718 4591 825 4659 multa
838 4613 916 4659 crim
938 4591 1062 4658 fiducia
1078 4591 1159 4658 dicit
1180 4617 1186 4657 :
1206 4594 1268 4658 hoc
1283 4615 1346 4658 uon
1363 4594 1437 4658 orit.

235 4703 285 4768 Uti
304 4705 435 4781 Petrum,
461 4703 508 4767 ita
529 4700 654 4791 reliqui
674 4723 811 4790 quoque
827 4698 985 4788 discipuli
1001 4701 1066 4787 pati
1091 4707 1124 4766 ct
1144 4700 1251 4766 occidi
1270 4701 1414 4765 llcssiam
1436 4702 1514 4766 alio-

190 4830 272 4874 num
286 4809 493 4898 reputabant
512 4809 557 4874 ab
578 4809 651 4875 eius
670 4808 843 4896 dignitate
864 4807 1070 4896 minimeque
1090 4807 1225 4883 decere;
1242 4830 1346 4896 (quare
1363 4809 1516 4874 Clu-istus

154 4976 157 4981 .
189 4937 305 4982 severe
323 4915 546 5006 reprehendit
565 4920 701 4983 Petrum
725 4939 765 4984 eo
789 4914 892 4982 modo
911 4922 948 4981 ut
968 4916 1183 5005 reprehensio
1197 4916 1268 4981 eius
1282 4914 1403 4982 evadat
1415 4917 1513 4981 simul

107 5200 253 5312 ’ἱ
