3960 5654
921 372 1011 417 nanc.
1037 358 1085 427 ll,
1109 355 1212 414 Μή.
1676 358 1734 416 375

407 525 543 573 carnem
560 523 657 570 suam
678 504 721 570 ad
736 502 1029 585 manducandum;
1054 526 1164 592 neque
1177 527 1255 570 eum
1276 507 1388 574 ludaei
1409 513 1443 572 et
1460 509 1562 574 etiam
1585 506 1680 573 multi
1695 528 1734 571 ex

407 610 581 701 discipulis
598 608 851 678 offenderentur
867 613 980 679 verbis
995 609 1077 686 illis,
1095 612 1351 699 promissionem
1369 612 1460 677 illam
1478 613 1732 699 intelligendam

407 738 475 784 esse
491 716 575 783 dixit
587 716 835 806 metaphorice,
853 739 971 785 verum
984 716 1128 782 eandem
1143 718 1278 806 saepius
1294 720 1429 808 repetiit
1444 727 1476 783 et
1488 741 1625 784 carnem
1640 741 1733 785 suam

407 845 476 890 esse
497 822 788 903 manducandam,
805 826 1006 912 sauguinem
1023 846 1202 890 suumesse
1225 825 1412 890 hibendum
1433 826 1629 911 gravissime
1645 848 1733 891 asse-

407 931 486 996 ruit.
504 933 597 995 Nunc
616 931 730 1022 itaque
745 929 780 996 id
794 930 914 1020 implet
928 929 1019 1020 quod
1039 932 1205 1018 promisit.
1227 937 1337 1009 Quare
1353 955 1391 997 ex
1411 932 1522 997 verbis
1538 932 1733 1021 promissio-

407 1037 459 1103 nis
471 1036 539 1102 iam
559 1037 669 1104 elucet
688 1036 793 1103 verba
805 1036 888 1104 baec
911 1060 918 1105 :
937 1036 1001 1101 hoc
1017 1042 1066 1102 est
1085 1060 1207 1126 eorpus
1230 1060 1361 1117 meum,
1384 1061 1453 1104 esse
1468 1061 1564 1103 sensu
1582 1037 1730 1116 litterali,

407 1142 454 1207 uti
469 1150 605 1225 sonant,
628 1143 868 1232 concipienda,
890 1142 935 1210 ad
958 1165 1063 1232 quam
1081 1145 1312 1232 acceptionem
1331 1144 1472 1234 apostoli
1498 1146 1564 1210 iam
1585 1168 1623 1209 ex
1646 1166 1732 1210 anno

407 1248 540 1335 integro
554 1256 652 1317 erant
672 1252 877 1340 praeparati.

450 1354 542 1422 ldem
556 1358 645 1423 valet
664 1354 707 1421 de
725 1378 758 1421 v.
777 1363 819 1424 23
834 1371 867 1424 et
878 1369 1016 1446 accepto
1038 1358 1143 1424 colice
1156 1360 1286 1446 pratilis
1302 1380 1407 1447 opens
1426 1357 1517 1423 dedit
1536 1360 1581 1422 eis
1598 1370 1629 1422 et
1645 1355 1736 1422 bibe-

406 1474 487 1529 runt
500 1486 543 1530 ea
561 1462 621 1529 illo
639 1482 773 1547 omnes‚·
787 1464 870 1553 quid
886 1485 966 1529 vero
981 1462 1103 1529 bibant
1122 1464 1317 1531 declaratur
1334 1488 1366 1532 v.
1385 1471 1425 1531 at
1442 1464 1631 1541 amicitiis,
1651 1463 1733 1528 dum

405 1569 476 1636 scil.
494 1568 637 1636 calicem
652 1569 692 1636 iis
707 1573 914 1658 porrigeret;
937 1571 979 1635 ct.
999 1571 1114 1636 llatth.
1132 1577 1251 1651 26,27;
1268 1571 1323 1636 lu'c
1335 1583 1382 1637 est
1396 1571 1534 1661 sonqitis
1547 1593 1640 1636 naeus
1655 1574 1737 1638 noui

405 1676 599 1742 testamenti
615 1677 676 1765 qui
685 1698 750 1765 pro
766 1677 880 1743 mittat
894 1677 1092 1765 effundetur
1104 1676 1139 1739 τὸ
1150 1677 1359 1765 ἐκχυννόμενον
1369 1679 1428 1767 qui
1441 1678 1641 1758 effunditur;
1661 1677 1736 1742 vide

407 1780 484 1848 lect.
504 1804 575 1847 var.
608 1781 726 1848 Verbis
748 1783 839 1849 hisce
864 1784 1014 1850 Christus
1040 1792 1156 1873 aperte
1183 1784 1304 1850 alludit
1326 1784 1369 1850 ad
1392 1785 1495 1850 verba
1518 1785 1650 1870 Moysis,
1672 1783 1731 1871 qui

407 1909 544 1955 sumens
557 1888 760 1975 sanguinem
776 1889 997 1955 sacrificalem
1015 1912 1090 1956 eum
1114 1891 1273 1978 respersit
1291 1892 1325 1957 in
1341 1891 1505 1981 populum
1522 1891 1636 1956 dicens
1653 1914 1660 1956 :
1681 1891 1734 1956 hic

405 2001 456 2062 est
475 1997 617 2082 sanguis
633 1995 779 2062 foederis
797 1997 868 2085 (Ex.
890 2002 997 2077 aaa).
1020 1997 1151 2063 Foedus
1167 2006 1283 2063 autem
1304 1998 1396 2087 quod
1417 1998 1567 2064 Christus
1586 1996 1728 2063 instituit

405 2101 602 2169 melioribus
616 2102 734 2169 hostiis
750 2103 957 2189 etsanguine
969 2111 1185 2170 consecratur
1197 2105 1332 2171 infinite
1343 2112 1522 2193 superante
1533 2104 1735 2190 sanguinem

404 2206 628 2275 sacrificalem
651 2208 775 2277 veteris
802 2195 960 2276 foederis.
988 2215 1089 2277 Porro
1114 2210 1267 2300 eoquod
1295 2213 1434 2297 sanguis
1462 2211 1585 2277 dicitur
1606 2209 1735 2276 ellundi

403 2337 466 2404 pro
495 2315 610 2381 multis
627 2313 698 2404 ὑπὲρ
717 2319 856 2397 πολλῶν,
882 2316 1158 2383 incommodum
1184 2318 1385 2395 multorum,
1412 2316 1510 2383 simul
1540 2316 1733 2382 declaratur

405 2443 475 2489 esse
498 2421 701 2509 sauguinem
726 2424 965 2504 sacrificalem3
992 2425 1035 2490 el.
1063 2429 1139 2490 hev.
1172 2432 1269 2501 17‚11
1295 2433 1327 2489 et
1350 2424 1449 2489 llehr.
1472 2430 1549 2504 9,Ξὲ
1572 2425 1643 2488 sine
1658 2445 1733 2487 san-

404 2527 519 2614 guinis
544 2529 706 2596 effusione
724 2551 791 2596 non
811 2529 848 2596 fit
866 2530 1035 2614 remissio,
1060 2552 1129 2619 quo
1152 2531 1253 2596 modo
1278 2530 1438 2619 loquendi
1458 2530 1627 2618 apostolus
1647 2529 1735 2594 indi-

404 2646 458 2702 cat
482 2636 659 2722 sanguinis
682 2636 879 2703 allusionem
905 2637 1049 2722 intelligi
1073 2637 1296 2704 sacrificalem
1317 2644 1349 2702 et
1378 2638 1548 2702 notionem
1577 2636 1734 2702 saerilieii

404 2749 437 2809 et
462 2742 633 2809 effusionis
656 2744 835 2830 sanguinis
855 2744 890 2809 in
916 2744 1204 2818 emolumentum,
1230 2743 1274 2810 ad
1303 2751 1441 2833 peccata
1465 2743 1614 2809 tollenda
1638 2766 1677 2808 cx
1705 2766 1731 2808 s.

405 2849 526 2916 litteris
545 2849 647 2916 fuisse
669 2850 760 2939 apud
791 2850 931 2917 ludaeos
953 2850 1073 2917 intime
1100 2852 1274 2917 sociatam.
1312 2850 1437 2917 Foedus
1463 2850 1553 2938 quod
1581 2851 1729 2916 Christus

404 2955 549 3023 instituit
567 2957 694 3048 optime
708 2963 848 3024 vocatur
865 2980 991 3023 novum
1013 2958 1100 3042 (vide
1120 2980 1190 3024 var.
1215 2957 1305 3035 lect.;
1324 2965 1473 3022 ceterum
1492 2957 1577 3023 καινὴ
1602 2946 1728 3022 διαθήκη

404 3068 496 3130 certo
508 3062 634 3150 legitur
645 3069 723 3130 Luc.
742 3063 872 3151 2220),
888 3063 974 3130 sieut
990 3066 1056 3129 iam
1069 3066 1226 3130 leremias
1242 3064 1518 3130 instaurationem
1534 3064 1732 3129 messianam

404 3191 530 3236 novum
548 3170 667 3237 loedus
682 3168 867 3259 appellavit
883 3172 1016 3257 (31‚31;
1034 3172 1077 3236 ct.
1095 3172 1192 3237 llebr.
1211 3172 1283 3257 8,8)
1302 3178 1336 3236 et
1354 3172 1414 3235 hoc
1431 3170 1546 3235 foedus
1563 3171 1663 3235 sinaut
1680 3171 1730 3233 in-

404 3276 509 3343 duere
523 3299 636 3344 veram
648 3279 839 3343 testamenti
848 3278 1013 3344 rationem
1024 3330 1031 3356 ‚
1044 3280 1125 3366 quia
1138 3299 1228 3344 mors
1239 3277 1424 3343 intercedat
1437 3279 1601 3342 testatoris
1614 3277 1732 3364 (quare

404 3383 471 3450 iam
486 3389 581 3450 vetus
593 3383 681 3450 illud
694 3406 762 3450 non
775 3384 846 3450 sine
860 3385 1042 3470 sanguine,
1063 3387 1086 3451 i.
1106 3409 1135 3450 e.
1155 3394 1261 3450 morte
1278 3385 1433 3450 victimae
1449 3384 1643 3448 elidicatum
1661 3383 1729 3469 sit),

405 3491 533 3580 pariter
547 3512 607 3557 nos
620 3489 721 3557 docet
732 3491 905 3580 apostolus
918 3490 1034 3578 (llebr.
1053 3497 1132 3573 9,15
1148 3493 1248 3580 serp).
1267 3492 1393 3557 lticitur
1407 3491 1535 3555 effundi
1543 3514 1605 3578 pro
1620 3488 1734 3554 metitis

407 3597 478 3664 scil.
504 3620 582 3663 cum
605 3596 735 3679 fructu,
758 3604 796 3663 ut
816 3596 915 3663 multi
936 3620 1055 3663 revera
1082 3599 1278 3665 remissione
1301 3606 1440 3686 accepta
1468 3599 1555 3662 vitae
1574 3604 1730 3662 aeternae

407 3703 566 3771 beatitate
594 3704 784 3794 potiantur3
812 3710 960 3770 ceterum
985 3704 1126 3771 offertur
1155 3729 1216 3793 pro
1247 3705 1405 3770 omnibus
1434 3705 1523 3769 tvide
1547 3704 1590 3767 ad
1617 3703 1731 3769 llatth.

407 3814 537 3898 areat

446 4006 614 4078 Quomodo
635 4009 729 4067 verba
743 4007 856 4067 Christi
874 4008 1035 4068 intellecta
1055 4009 1119 4066 sint
1134 4010 1172 4067 ab
1190 4009 1266 4085 ipsis
1285 4009 1437 4086 apostolis
1454 4014 1484 4065 et
1500 4013 1641 4084 tempore
1655 4025 1731 4083 apo-

406 4104 516 4164 stolico
532 4103 620 4164 facile
641 4110 746 4182 potest
761 4105 983 4165 demonstrari.
1000 4108 1037 4165 Et
1054 4107 1170 4165 Paulus
1189 4106 1319 4184 quidem
1338 4108 1390 4184 qui
1407 4108 1444 4164 ali
1467 4108 1534 4182 ipso
1555 4104 1685 4163 thamiino
1702 4121 1733 4163 se

407 4202 552 4263 edoctum
566 4220 604 4263 ea
617 4203 658 4263 de
674 4219 707 4263 re
722 4203 799 4263 dicit
815 4203 842 4282 (l
858 4205 926 4265 Cor.
945 4205 1046 4278 1123)
1063 4206 1129 4264 sine
1147 4206 1210 4265 ulta
1229 4205 1429 4264 dubitatione
1446 4223 1481 4262 eu
1497 4220 1592 4261 sensu
1608 4201 1733 4261 litterali

406 4305 439 4361 et
452 4301 546 4361 obvio
561 4301 731 4374 intellexit;
749 4302 858 4360 scribit
877 4303 963 4362 enim
980 4302 1110 4362 calicem
1127 4303 1372 4363 eucharisticum
1390 4319 1458 4360 esse
1472 4302 1732 4360 communicatio-

404 4416 479 4460 nem
498 4399 659 4477 sanguinis
679 4398 808 4468 Christi,
831 4417 945 4478 panem
964 4402 1287 4461 communicationem
1308 4401 1448 4477 eorporis
1469 4400 1598 4458 tiluini:
1616 4399 1734 4456 xerunt:

406 4503 451 4556 τοῦ
464 4494 589 4572 αἵματος,
608 4495 792 4572 τοῦσώματος
810 4502 854 4556 τοῦ
874 4499 994 4578 Χριστοῦ
1009 4506 1055 4558 est
1078 4500 1264 4559 eorumuuie
1282 4499 1329 4556 rel
1349 4500 1423 4557 truie
1442 4516 1510 4557 eum
1528 4499 1681 4570 sttttgttlnu
1703 4503 1732 4555 et

407 4613 537 4676 corpore
553 4595 684 4668 Christi3
699 4619 714 4650 «
731 4613 813 4673 quae
830 4595 960 4673 phrases
976 4604 1121 4657 accurrate
1138 4597 1382 4674 perpendendae
1399 4603 1483 4661 <unt
1498 4597 1572 4672 (puin
1589 4598 1646 4653 suh
1663 4612 1733 4672 spas-

407 4696 516 4755 ciebus
532 4694 622 4772 panis
638 4693 748 4754 etvini
764 4711 879 4771 corpus
894 4700 926 4754 et
941 4697 1126 4774 sanguinem
1145 4697 1270 4754 ttorruui
1286 4700 1403 4755 vereat
1419 4696 1545 4753 realiter
1560 4694 1670 4751 nites-se
1686 4693 1736 4750 de·

406 4796 594 4862 monstrant.
609 4795 717 4870 Neque
733 4793 818 4852 enim
835 4793 895 4852 ista
914 4794 1116 4854 manducatio
1131 4800 1162 4852 et
1182 4796 1270 4870 potio
1286 4800 1425 4854 nostram
1446 4811 1517 4851 eum
1536 4793 1649 4850 tlluish
1665 4808 1734 4849 cor·
