3960 5654
475 642 530 704 tur
544 642 709 730 piscantes
723 642 872 731 primum
888 645 1035 735 piscatus
1049 652 1098 711 est
1112 646 1201 707 lesus
1215 668 1246 707 ».
1264 645 1374 729 Atque
1388 642 1494 708 secuti
1511 646 1606 722 sunt,
1633 645 1671 706 ut
1680 640 1804 726 fierent

474 767 535 834 per
555 750 723 817 Christum
746 750 928 838 piscatores
947 749 1143 828 hominum3
1167 747 1379 814 vocabantur
1398 748 1505 825 enim,
1523 756 1561 815 ut
1581 751 1671 816 laras.
1689 753 1799 829 notat,

474 875 552 922 cum
572 861 682 923 essem
695 853 809 924 adhuc
828 857 929 924 rudes
948 862 980 920 et
995 855 1114 938 crassi;
1133 882 1149 914 «
1167 860 1203 919 at
1221 855 1303 943 quia
1317 852 1508 944 plurimum
1521 855 1707 943 spiritualis
1721 875 1802 943 pru·

473 959 608 1028 dentiae
618 961 847 1031 etindustriae
860 961 902 1028 ad
918 963 982 1027 hoc
995 960 1236 1052 requirebatur
1248 961 1294 1028 ad
1307 960 1397 1050 quod
1412 959 1632 1040 vocabantur,
1649 960 1802 1028 adiunxit

474 1088 530 1133 eos
551 1071 683 1134 mature
703 1070 769 1136 sibi
791 1089 859 1159 quo
872 1089 933 1155 per
953 1075 1086 1158 tempus
1109 1068 1255 1152 lingeret
1277 1067 1511 1156 [armaretque
1532 1066 1575 1133 ad
1596 1087 1718 1134 munus
1736 1069 1803 1134 hoc

472 1180 542 1239 tam
553 1174 727 1260 eximium,
743 1182 780 1243 ut
795 1176 975 1264 piscatores
990 1175 1169 1242 hominum
1183 1195 1255 1240 esse
1266 1179 1415 1263 possent,
1430 1179 1550 1240 etcum
1561 1174 1632 1239 iam
1646 1174 1802 1241 homines

470 1280 588 1345 venari
607 1285 641 1346 et
660 1304 782 1372 capere
799 1280 979 1360 deberent,
1002 1282 1087 1347 nihil
1103 1281 1217 1372 miuus
1231 1283 1341 1346 esseut
1358 1301 1462 1370 quam
1480 1278 1581 1346 rudes
1595 1284 1629 1346 et
1645 1280 1747 1346 crassi
1769 1308 1797 1343 a.

470 1388 568 1451 Notat
586 1386 676 1455 idem
692 1389 758 1455 hoc
775 1387 907 1454 Christo
925 1386 1012 1455 lacto
1029 1386 1121 1477 quod
1141 1386 1243 1453 rudes
1259 1386 1404 1473 clegerit
1429 1386 1525 1452 abuti
1544 1386 1676 1475 aliquos
1698 1386 1799 1451 nimis

470 1492 585 1576 stulte;
606 1525 621 1556 «
637 1501 716 1561 sunt
736 1494 828 1560 cuim
847 1493 907 1585 qui
926 1493 991 1560 hoc
1009 1493 1145 1561 Domini
1159 1493 1354 1583 exemplum
1373 1515 1455 1560 suae
1470 1492 1642 1560 socordiae
1662 1497 1798 1559 strenue

469 1605 678 1687 praetexant,
689 1592 840 1691 dumque
849 1600 1209 1690 pigritiaearguuntur
1218 1599 1311 1690 quod
1320 1591 1796 1689 nonincumbantScripturis,

468 1706 650 1793 negligant
662 1705 791 1774 discere
807 1708 941 1793 linguas
954 1730 1023 1797 quo
1036 1706 1165 1797 possint
1178 1707 1214 1773 in
1233 1706 1417 1796 scripturis
1437 1706 1565 1773 versari
1580 1706 1797 1785 inoffensius,

468 1818 634 1901 perpetuo
647 1813 682 1879 iu
698 1835 756 1880 ore
777 1813 905 1880 habent
921 1835 929 1881 τ
947 1836 1015 1880 uon
1029 1814 1165 1881 vocavit
1179 1817 1265 1881 Deus
1286 1814 1410 1881 multos
1424 1812 1591 1903 sapientes
1610 1808 1798 1879 secundum

467 1939 616 2000 carnem,
631 1919 690 1986 sed
701 1942 789 2009 quae
801 1921 991 1987 stultasuut
1003 1920 1124 1987 mundi
1135 1921 1240 2007 elegit
1250 1925 1332 2003 etc,
1349 1920 1474 2010 quibus
1489 1918 1683 1999 dicendum,
1697 1917 1800 1985 rudes

455 2022 607 2112 ¹quidem
623 2025 804 2113 delegisse,
821 2026 882 2094 sed
901 2049 985 2117 quos
1004 2049 1072 2094 nou
1087 2026 1268 2117 reliquerit
1282 2025 1401 2108 rudes,
1422 2025 1482 2093 sad
1496 2048 1581 2115 quos
1601 2026 1799 2116 priusquam

468 2131 633 2198 Ecclesiae
647 2131 818 2200 ministros
832 2133 1040 2220 designaret,
1057 2133 1224 2223 paulatim
1239 2135 1307 2200 suis
1321 2133 1488 2200 doctrinis
1502 2139 1535 2200 et
1549 2131 1712 2221 exemplis
1728 2131 1799 2198 lor-

470 2238 574 2304 mavit
588 2244 621 2305 et
638 2238 752 2306 docuit
770 2263 831 2306 suo
851 2241 1127 2330 spirituomnem
1148 2241 1326 2307 veritatem
1347 2269 1378 2307 ».

513 2345 588 2411 Pari
608 2345 708 2413 modo
728 2353 893 2413 vocantur
907 2346 975 2413 duo
992 2346 1051 2413 alii
1066 2346 1188 2414 iratres
1203 2369 1236 2414 v.
1256 2355 1297 2416 19
1315 2360 1348 2415 et
1357 2369 1554 2437 propressus
1570 2344 1679 2434 (inde)
1689 2345 1798 2434 persil-

459 2451 553 2533 lum,
562 2448 664 2542 ὀλίγον
673 2453 765 2543 quod
773 2452 868 2542 apud
876 2454 988 2520 Matth.
1002 2475 1069 2520 uon
1079 2454 1218 2541 legitur,
1230 2454 1502 2522 remaccuratius
1511 2451 1724 2532 determinat,
1736 2451 1796 2539 qui

466 2579 539 2624 mos
553 2559 744 2626 accuratius
761 2566 795 2626 et
808 2582 871 2654 per
885 2559 1022 2646 singula
1036 2559 1250 2628 describendi
1265 2582 1366 2652 saepe
1385 2560 1479 2651 apud
1494 2564 1642 2627 Marcum
1662 2557 1796 2624 adverti

466 2671 592 2753 potest,
606 2664 692 2732 uidit
707 2663 869 2733 Iacobum
885 2664 1047 2733 Zebedaei
1059 2665 1110 2730 τὸν
1123 2673 1177 2728 τοῦ
1191 2654 1376 2747 mercata,
1393 2666 1503 2733 filium
1518 2667 1588 2733 scil.
1610 2663 1793 2743 Zebedaei,

466 2771 626 2839 lacobum
647 2774 707 2863 qui
727 2773 837 2839 maior
851 2771 986 2854 dicitur,
1009 2773 1134 2862 dequo
1151 2780 1222 2841 Act.
1245 2781 1336 2855 122,
1359 2775 1418 2864 qui
1433 2773 1565 2863 primus
1579 2794 1619 2838 ex
1638 2769 1798 2862 apostolis

465 2899 528 2967 pro
549 2878 679 2946 Christo
697 2880 802 2946 subiit
823 2885 982 2950 mortem.
1005 2892 1038 2945 et
1055 2881 1218 2947 Ioannem
1235 2882 1381 2970 fratrem
1400 2880 1489 2963 eius,
1508 2900 1610 2970 quem
1630 2876 1798 2963 diligabat

465 2987 553 3051 lesus
567 2991 600 3051 et
614 2986 673 3076 qui
687 2990 828 3053 loannes
842 2991 891 3052 est
904 2987 1129 3073 evangelista,
1147 3001 1179 3053 et
1190 2987 1280 3076 ipsos
1295 2998 1531 3078 componentes
1543 2984 1629 3052 retia
1646 2984 1682 3050 in
1696 2984 1797 3066 uuaz,

465 3090 612 3177 iungunt
633 3092 739 3183 aliqui
754 3087 806 3154 καὶ
826 3087 931 3165 αὐτοὺς
946 3091 975 3153 ἐν
997 3099 1042 3172 τῷ
1057 3090 1157 3174 πλοίῳ
1177 3101 1210 3162 et
1228 3096 1320 3185 ipsos
1340 3095 1494 3186 (pariter,
1512 3093 1562 3160 uti
1576 3092 1707 3183 priores
1726 3090 1794 3156 duo

466 3197 599 3286 iratres)
614 3199 649 3265 in
664 3202 744 3267 navi
760 3200 833 3268 scil.
850 3203 938 3282 ὄντας
953 3200 1054 3289 (Keil,
1076 3201 1213 3290 Wee'ss);
1232 3207 1268 3269 at
1279 3203 1484 3292 plerumque
1499 3201 1535 3267 in
1548 3199 1630 3266 novi
1643 3199 1799 3264 referunt

465 3304 508 3371 ad
527 3297 767 3394 καταρτίζοντες
785 3315 1023 3387 resarcientes,
1045 3309 1237 3376 reficientes
1258 3307 1351 3397 (vel:
1376 3312 1592 3397 coaptanteS,
1617 3312 1698 3395 apta
1717 3302 1794 3370 red-

465 3412 584 3478 dentes
600 3415 711 3504 retia).
735 3421 817 3485 Cum
840 3419 944 3486 dictio
958 3414 1010 3480 καὶ
1025 3417 1116 3490 αὐτός
1131 3439 1232 3506 saepe
1252 3437 1356 3482 uuam
1378 3437 1449 3481 rem
1465 3436 1542 3481 cum
1556 3412 1624 3480 alia
1640 3411 1793 3479 conferat

465 3517 520 3584 vel
537 3519 657 3586 saltem
675 3524 813 3590 tacitam
837 3526 1126 3616 comparationem
1145 3525 1265 3591 innuat
1280 3522 1340 3612 (cf.
1357 3527 1454 3588 llarc.
1474 3528 1586 3603 15,t3.
1605 3523 1791 3600 Luc.1,36.

465 3629 536 3691 Act.
554 3631 649 3708 8,13;
669 3634 770 3711 1532
784 3636 866 3714 etc.;
886 3640 988 3721 atque
1003 3631 1038 3698 id
1052 3654 1188 3721 semper
1202 3630 1358 3714 obtinere
1376 3629 1512 3697 Sedens
1526 3626 1708 3714 affirmat),
1725 3625 1795 3691 exi-

464 3732 604 3799 stimant
616 3733 736 3824 aliqui,
754 3759 794 3804 ea
811 3738 958 3806 dictione
972 3739 1086 3806 ellerri
1101 3739 1164 3806 bos
1176 3759 1315 3827 quoque
1329 3737 1452 3802 iratres
1466 3735 1553 3800 sicut
1564 3734 1695 3824 priores
1706 3733 1797 3799 circa

465 3838 670 3929 piscaturam
687 3865 757 3909 esse
777 3853 972 3935 occupatos,
995 3846 1048 3911 vel
1067 3850 1105 3911 ut
1123 3845 1182 3912 alii
1202 3845 1334 3925 volunt,
1356 3864 1413 3909 eos
1437 3863 1572 3931 quoque
1595 3841 1645 3906 uti
1665 3840 1797 3929 priores

464 3945 500 4011 iu
514 3947 591 4012 navi
602 3947 716 4016 fuisse.
733 3950 798 4016 Sed
813 3951 855 4018 de
876 3954 954 4018 navi
971 3950 1064 4042 apud
1075 3953 1207 4040 priores
1222 3973 1290 4017 non
1306 3951 1345 4016 fit
1362 3950 1502 4016 mentio.
1522 3950 1636 4035 Neque
1651 3948 1796 4013 alterum

464 4051 599 4119 videtur
608 4057 794 4122 necessario
809 4059 982 4147 consequi.
996 4060 1173 4125 Invenitur
1183 4059 1275 4124 enim
1287 4057 1360 4123 sine
1371 4055 1475 4122 dubio
1486 4050 1540 4116 καὶ
1551 4050 1640 4126 αὐτός
1651 4052 1698 4119 ita
1709 4074 1795 4141 quo-

465 4180 548 4246 que,
563 4164 601 4225 ut
613 4161 708 4228 nulla
721 4164 933 4252 comparatio
945 4165 1157 4244 instituatur;
1176 4163 1253 4229 vide
1267 4168 1344 4232 Luc.
1361 4165 1697 4243 1,22;e‚28;16,ut;
1715 4165 1793 4241 193

466 4264 666 4353 (Buttmann
680 4269 703 4334 l.
721 4293 750 4335 c.
768 4294 801 4359 p.
820 4273 893 4358 9t);
911 4294 943 4336 v,
960 4278 1001 4338 20
1017 4283 1049 4337 et
1060 4269 1177 4338 statim
1190 4271 1323 4337 vocavit
1337 4292 1408 4353 eos,
1432 4270 1609 4359 proprium
1628 4273 1677 4335 est
1696 4266 1796 4332 llarci

465 4371 556 4459 quod
570 4395 649 4439 cum
659 4397 715 4441 eos
725 4376 878 4461 vidisset,
890 4378 1006 4444 statim
1018 4402 1075 4445 eos
1090 4378 1239 4460 vocavit,
1254 4378 1354 4444 sicuti
1364 4376 1493 4443 mentio
1506 4376 1793 4442 mercenariorum

465 4501 554 4567 quos.
569 4502 687 4547 corum
708 4490 806 4572 pater
829 4485 987 4552 habuerit
1002 4485 1058 4574 (cl.
1084 4486 1199 4552 llatth.
1222 4491 1313 4566 ml.
1338 4484 1408 4572 22),
1433 4496 1467 4549 et
1487 4482 1600 4550 relicto
1614 4494 1716 4572 patre
1735 4502 1795 4546 suo

464 4585 631 4653 Zebedaeo
644 4588 680 4653 in
690 4589 773 4655 navi
784 4613 861 4656 cum
879 4592 1095 4658 mercenariis
1109 4592 1219 4659 secuti
1227 4604 1306 4658 stent
1319 4613 1397 4657 eum
1410 4611 1479 4680 qua
1489 4591 1618 4656 ratione
1631 4586 1794 4654 narrandi

466 4694 611 4760 maxima
633 4717 751 4762 eorum
776 4700 1012 4789 promptitudo
1038 4699 1256 4766 describitur.
1285 4703 1459 4777 Quaerunt
1480 4719 1542 4763 cur
1569 4695 1725 4762 additum
1752 4695 1795 4760 sit

465 4822 543 4866 cum
558 4803 775 4869 mercenariis
780 4824 794 4886 ;
805 4805 923 4873 volunt
938 4808 1045 4898 aliqui
1062 4812 1098 4872 ut
1112 4807 1306 4873 declaretur
1317 4828 1373 4872 eos
1384 4805 1532 4895 potuisse
1544 4808 1673 4893 patrem
1688 4801 1792 4869 relin-

465 4929 570 4996 quere
584 4910 745 4999 pietatem
760 4910 911 4980 debitam
930 4937 997 4989 uon
1014 4913 1194 4995 violantes,
1212 4914 1375 5002 quianon
1392 4911 1463 4979 sine
1477 4911 1626 4978 aliorum
1638 4933 1703 5001 ope
1719 4931 1795 4976 eum
