3960 5654
159 465 216 526 iss
707 484 797 529 uine.
821 441 850 535 r,
874 466 939 524 3-r.

159 620 245 673 «Sed
265 623 333 686 quid
354 630 460 685 quaeso
473 619 515 668 est
532 629 538 665 :
555 632 651 683 pugno
666 622 760 671 lavare
782 630 881 670 manus
896 618 927 667 r?
951 624 1061 684 quaerit
1085 621 1160 668 Patr.
1185 633 1249 670 eam
1271 621 1485 685 explicationem

158 713 294 762 reiieiens.
313 710 368 759 Res
382 713 477 757 tamen
493 708 605 759 videtur
616 713 733 773 cogitari
749 720 845 773 posse,
860 707 922 757 scil.
940 711 1046 774 pugillo
1059 710 1153 758 lavare
1170 721 1281 760 manum
1297 723 1392 761 caram
1408 720 1485 758 eam-

157 812 212 865 que
224 800 333 851 tricare.
345 796 450 845 Verum
462 799 504 847 est
515 798 590 849 hune
602 800 714 849 lavandi
725 797 838 847 modum
849 798 877 845 in
885 800 996 863 scriptis
1004 798 1182 848 rabbinorum
1195 810 1252 847 non
1265 799 1484 849 commemorari.

157 887 239 941 Unde
253 887 339 949 aliqui
354 898 416 934 eam
429 888 643 950 explicationem
661 887 769 936 admitti
783 897 865 948 posse
881 894 995 950 negant.
1018 889 1053 936 At
1071 898 1154 935 nemo
1169 887 1318 938 ostendere
1332 889 1424 953 potest
1439 893 1486 935 aru

157 979 217 1028 lure
230 973 398 1026 contendere
412 975 455 1025 vel
477 978 571 1027 omnia
592 989 664 1040 quae
684 977 712 1023 in
735 973 857 1025 talmude
875 976 1031 1026 habeantur
1050 975 1104 1022 lam
1118 974 1265 1024 observata
1282 990 1344 1027 esse
1363 980 1488 1038 tempore

158 1064 261 1119 christi
275 1062 320 1113 vel
334 1064 358 1113 sl
373 1066 422 1128 qui
446 1066 514 1115 ritus
531 1067 560 1113 in
576 1065 699 1114 taimude
714 1074 770 1111 non
784 1065 957 1127 exprimatur
971 1076 1034 1112 eum
1054 1077 1089 1114 ne
1105 1067 1188 1113 antea
1202 1063 1314 1126 quidem
1335 1066 1485 1116 exstitisse.

158 1154 250 1213 Quare
263 1164 314 1202 nos
332 1159 442 1216 oportet
456 1167 521 1204 esse
540 1153 622 1202 valde
636 1156 734 1201 cautos
753 1158 780 1201 et
795 1154 823 1201 in
838 1152 995 1203 asserendis
1016 1153 1050 1201 iis
1064 1164 1138 1215 qliae
1159 1152 1283 1202 talmude
1298 1156 1446 1204 narrentur
1460 1156 1489 1202 et

158 1244 186 1293 ln
201 1240 338 1304 negandis
353 1243 388 1292 iis
403 1243 438 1292 de
453 1242 556 1305 quibus
571 1245 688 1290 tacetur.
701 1239 820 1290 Proinde
835 1254 899 1291 cum
914 1240 1000 1290 verba
1015 1242 1204 1305 evangelistae
1218 1240 1294 1291 clara
1305 1243 1375 1302 sint,
1389 1255 1490 1293 sensus

157 1329 257 1381 obvius
270 1333 424 1381 retineatur
437 1334 559 1392 oportet.

193 1417 256 1468 Vox
274 1414 370 1482 ξέστης,
387 1420 426 1468 utl
442 1417 562 1478 Etymol.
575 1431 612 1467 m.
625 1417 690 1467 dicit
704 1413 829 1484 ρωμαικόν
841 1413 906 1467 ἐστιν
917 1413 1014 1483 ὄνομα,
1025 1420 1178 1477 sextarius,
1192 1431 1244 1468 vas
1258 1419 1372 1468 sextarii
1385 1431 1489 1483 capax3

157 1506 224 1558 bath
240 1507 432 1559 Hebraeorum
446 1502 552 1554 δύναται
570 1507 686 1573 χωρῆσαι
697 1503 779 1564 ξέστας
800 1501 974 1572 iibopixovm
988 1503 1048 1566 eto,
1067 1509 1106 1557 ait
1122 1507 1261 1571 Iosephus,
1279 1508 1373 1569 Antiq.
1391 1506 1446 1565 83.
1461 1508 1487 1556 9.

160 1594 305 1646 Sextarius
318 1596 400 1646 sexta
418 1607 484 1658 pars
503 1597 564 1644 erat
585 1597 679 1659 congii
703 1593 745 1660 (cl.
775 1594 876 1652 wilte,
898 1594 1021 1646 Lexlcon
1041 1607 1084 1658 gr.
1108 1592 1179 1660 lat).
1198 1594 1289 1645 Etiam
1313 1593 1490 1645 talmudistae

157 1685 273 1735 utuntur
282 1696 351 1735 voce
364 1691 450 1765 nep,
467 1690 560 1764 hnop
574 1696 625 1746 pro
637 1695 718 1742 vase,
732 1683 847 1746 lagoum
861 1683 896 1733 cl.
910 1682 1036 1747 duriori,
1053 1684 1176 1734 Lexicon
1190 1684 1282 1734 chald.
1298 1696 1325 1748 p.
1346 1683 1414 1735 toro
1427 1696 1487 1748 seq.

203 1887 359 1963 Romanis
382 1915 452 1960 non
478 1892 563 1960 adeo
588 1894 704 1978 gnaris
730 1914 863 1959 morum
892 1893 1094 1960 ludaeorum
1119 1893 1208 1959 hanc
1229 1893 1488 1983 explicationem

157 2023 190 2066 v.
207 2006 237 2067 3.
256 2007 276 2068 t
291 2000 501 2087 evangelista
515 1998 619 2067 dedit.
640 2003 708 2065 lam
724 1998 812 2065 redit
826 2000 870 2065 ad
885 2022 916 2066 v.
937 2007 1003 2065 tet
1020 2000 1249 2066 narrationem
1265 2001 1490 2090 interruptam

158 2129 190 2174 v.
213 2113 232 2175 5
248 2120 280 2173 et
302 2104 557 2196 interropabant
570 2128 647 2172 eum
662 2105 839 2195 pharisaei
850 2118 883 2171 et
893 2104 1021 2172 scribae
1038 2127 1049 2171 :
1065 2128 1173 2196 quare
1187 2105 1349 2195 discipali
1359 2107 1412 2172 tui
1421 2128 1491 2173 aon

158 2211 337 2280 ambulant
350 2214 448 2280 iuria
461 2212 681 2279 traditionem
697 2213 886 2292 seniorum,
902 2212 963 2279 sed
976 2211 1211 2279 communibus
1225 2212 1383 2279 munibus
1394 2235 1491 2280 marr-

159 2319 287 2387 ducaat
299 2321 450 2410 panem?
470 2321 492 2386 i.
511 2342 540 2386 e.
562 2320 678 2385 cibum
700 2321 850 2408 capiunt.
869 2324 976 2396 Quam
992 2321 1133 2406 integris
1151 2318 1349 2386 moribuset
1362 2327 1491 2409 quanta

158 2425 245 2514 legis
261 2428 426 2494 mosaicae
441 2425 678 2493 observatione
696 2425 855 2513 discipuli
871 2426 1014 2506 luerint,
1032 2425 1096 2515 ipsi
1114 2424 1329 2493 insidiatores
1344 2425 1408 2493 hac
1423 2448 1492 2493 una

96 2552 98 2556 ⁴
159 2533 300 2625 querela
314 2539 495 2612 testantur;
512 2532 615 2599 aliam
631 2533 704 2599 scil.
722 2532 802 2598 licet
817 2532 935 2599 sedulo
951 2533 1179 2622 explorassent
1195 2555 1262 2600 non
1278 2541 1489 2622 repererunt,

159 2641 315 2731 quamvis
326 2638 471 2707 multum
484 2640 720 2706 desiderarent
729 2662 782 2706 ma
787 2639 931 2726 gistrum
942 2661 1011 2729 quo
1022 2638 1313 2728 reprehenderent
1323 2640 1489 2707 invenire.

159 2750 281 2814 Verum
297 2747 363 2814 tale
379 2747 549 2836 recipiunt
564 2767 762 2835 responsum
776 2744 867 2835 quod
888 2746 916 2811 si
932 2746 1179 2836 praevidissent
1195 2768 1264 2813 non
1279 2747 1419 2813 luissent
1438 2747 1492 2813 in-

160 2855 382 2940 terrogaturi;
403 2877 434 2920 v.
452 2861 471 2920 6
492 2867 529 2919 at
548 2852 605 2920 ille
628 2851 832 2941 respondens
849 2851 938 2919 diarii
952 2853 1029 2918 eir:
1051 2851 1132 2919 bene
1146 2851 1366 2942 prophetavit
1383 2853 1493 2920 isaias

159 2960 200 3027 de
213 2958 304 3027 catu
318 2959 519 3050 hypocritis,
536 2961 624 3026 sicut
637 2961 800 3044 scriptum
818 2972 867 3026 est
883 2982 894 3026 :
910 2960 1058 3050 populus
1074 2960 1129 3026 hic
1144 2958 1246 3026 labiis
1259 2981 1312 3026 me
1326 2959 1489 3041 honorat,

160 3089 216 3134 cor
234 3080 348 3133 autem
372 3088 488 3132 eoram
509 3067 608 3156 lonpe
628 3080 676 3132 est
691 3090 717 3132 a
735 3089 806 3148 me,
829 3068 851 3132 i.
872 3089 902 3133 e.
920 3089 1008 3156 quae
1026 3067 1126 3133 lsaias
1140 3066 1183 3132 de
1205 3067 1274 3133 suis
1290 3066 1491 3155 aequalibus

159 3173 258 3255 dixit,
281 3174 365 3241 haec
381 3174 482 3262 plane
497 3195 632 3262 quoque
653 3174 860 3239 conveniunt
878 3173 913 3239 in
933 3174 1146 3262 pharisaeos,
1171 3172 1280 3239 velut
1303 3174 1385 3240 Vici.
1404 3173 1492 3240 bene

160 3278 243 3347 dicit
270 3302 277 3348 :
304 3302 383 3346 nam
407 3281 494 3346 sicut
517 3280 583 3361 illi,
607 3279 649 3345 de
672 3279 797 3368 quihus
819 3301 930 3358 sermo
950 3286 1015 3358 est,
1042 3284 1145 3345 Deum
1167 3279 1267 3347 labiis
1287 3279 1493 3346 honorantes

160 3393 272 3454 mente
288 3392 321 3453 et
335 3388 449 3452 animo
466 3385 565 3452 abeo
581 3387 742 3467 aberant,
757 3386 803 3452 ita
826 3391 859 3452 et
877 3408 946 3452 vos.
968 3385 1064 3452 Valet
1080 3387 1196 3474 itaque
1214 3385 1256 3452 de
1271 3386 1336 3452 hoc
1355 3409 1492 3477 quoque

159 3493 264 3560 Isaiae
279 3492 373 3572 loco,
395 3490 485 3582 quod
504 3492 546 3559 de
564 3491 633 3560 alio
649 3493 732 3580 (6,9)
749 3493 870 3559 Paulus
887 3492 1014 3559 indicat
1035 3497 1106 3559 het.
1129 3498 1231 3575 2835
1248 3497 1281 3557 et
1298 3494 1492 3582 Stephanus

160 3605 276 3690 aperte
300 3599 505 3689 profitetur:
535 3600 622 3666 sicut
641 3605 754 3689 patres
773 3600 892 3681 vestri,
916 3600 964 3665 ita
992 3604 1025 3665 et
1048 3621 1108 3665 vos
1128 3600 1213 3688 (het.
1235 3599 1341 3688 ’1,51).
1364 3604 1490 3666 lterum

160 3707 267 3794 igitur
282 3706 384 3773 verba
400 3706 591 3795 prophetae
605 3707 805 3795 implentur,
822 3728 911 3795 quae
930 3706 973 3772 de
989 3707 1112 3795 populo
1127 3705 1229 3787 dixit,
1251 3727 1330 3772 cum
1348 3707 1493 3795 populus

161 3837 181 3881 a
208 3812 383 3903 prophetis
406 3834 469 3901 per
493 3812 630 3878 saecula
658 3820 833 3900 tamquam
864 3834 932 3877 una
958 3833 1102 3900 persona
1130 3811 1337 3878 considerari
1366 3812 1490 3893 soleat,

161 3919 276 3988 valent
290 3925 323 3986 et
340 3941 400 3985 suo
412 3920 600 3984 etiamnum
621 3919 742 3985 robore
759 3924 926 3985 constant.
947 3922 1055 3995 Quare
1071 3916 1139 3984 dici
1157 3924 1267 4008 potest
1273 3917 1495 4008 prophetavit

162 4026 202 4093 de
213 4025 322 4106 vaber,
334 4025 489 4115 quamvis
502 4026 607 4091 verba
616 4047 683 4091 non
698 4026 894 4092 contineant
904 4025 1100 4091 vaticinium
1111 4024 1305 4115 explicitum
1314 4024 1357 4091 de
1370 4026 1493 4092 Christi

162 4139 325 4223 tempore.
354 4132 518 4221 Loquitur
546 4133 662 4221 itaque
689 4132 839 4199 Christus
862 4132 947 4199 dum
967 4131 1072 4198 verba
1093 4132 1149 4198 hei
1173 4131 1264 4221 apud
1290 4132 1492 4221 prophetam

162 4240 286 4329 scripta
308 4240 468 4306 transfert
490 4241 523 4304 in
549 4239 763 4327 pharisaeos,
789 4238 894 4306 simili
916 4238 1017 4306 modo
1039 4239 1088 4305 uti
1109 4239 1190 4305 olim
1216 4243 1303 4306 Deus
1323 4239 1416 4329 apud
1435 4242 1492 4306 iii-

162 4346 303 4413 chaeam
326 4370 334 4412 ε
354 4347 479 4435 popule
495 4368 607 4425 meus,
626 4344 709 4434 quid
724 4345 787 4411 ieci
802 4346 887 4411 tibi?
905 4347 987 4434 quia
1001 4344 1099 4412 eduxi
1118 4351 1149 4411 te
1171 4345 1215 4412 de
1237 4351 1328 4413 terra
1347 4348 1494 4436 Aegypti

161 4461 196 4521 et
219 4455 294 4520 misi
309 4460 387 4519 ante
404 4454 524 4519 taciem
549 4460 641 4518 tuam
664 4456 792 4539 Moysen
811 4459 969 4518 etheron
992 4453 1102 4540 (llich.
1123 4459 1191 4530 6,3.
1211 4459 1251 4533 ἂς
1274 4454 1316 4519 ci.
1339 4457 1379 4518 ls.
1398 4459 1490 4531 aaa.

162 4564 224 4628 ier.
237 4566 307 4640 M.
322 4564 374 4625 liz.
392 4566 467 4638 tii,3
477 4582 546 4649 seq.
558 4563 721 4644 iidata.)
737 4582 744 4639 ;
758 4581 789 4624 v.
801 4567 820 4624 i
832 4559 867 4623 in
878 4573 1128 4625 capremontem
1137 4559 1327 4638 mecolunt,
1337 4558 1493 4626 docenter

164 4666 333 4735 doctrinas
350 4667 408 4753 (ei)
420 4680 606 4756 praecepto
622 4667 797 4732 ironn'mrm
804 4685 817 4747 ;
832 4665 938 4732 verba
951 4665 1154 4757 deprompta
1167 4672 1245 4733 sunt
1260 4688 1299 4732 ex
1314 4670 1354 4731 ls.
1374 4672 1490 4747 aare,

164 4774 261 4842 hebr.
278 4774 312 4838 in
328 4773 392 4838 hac
405 4781 501 4863 parte
518 4798 525 4842 :
543 4776 646 4841 timor
658 4796 775 4840 eorum
791 4794 874 4860 erga
888 4795 942 4839 me
958 4772 994 4862 (i.
1010 4796 1039 4840 e.
1055 4775 1164 4840 cultus
1176 4795 1294 4840 eorum
1308 4772 1360 4838 vel
1371 4773 1491 4862 pietas,

165 4880 361 4968 religiolest
371 4887 591 4970 praeceptum
609 4882 785 4949 hominum
800 4880 992 4947 institutum
1007 4880 1030 4947 i.
1048 4903 1077 4946 e.
1094 4881 1289 4947 continetur
1303 4882 1493 4970 praeceptis
