3960 5654
1220 128 1267 187 ‘f
1300 142 1310 193 1
1332 152 1338 174 2
1367 142 1373 191 1
1517 165 1535 171 ›·
1659 130 1975 199 -2aeasrae-Jupiter

1505 197 1514 213 ‚⁴
1539 197 1541 200 >
1594 206 1598 211 ,
1662 201 1668 207 .
1711 188 1733 209 *1¹
1747 190 1784 212 ef·
1797 205 1805 225 ,Ι
1818 189 1953 237 «ηιμιψῖέηιῖὶ
1961 195 1975 216 d

1020 473 1111 517 itanc,
1136 457 1164 523 2,
1189 455 1292 514 ll-ld.
1782 456 1819 516 is

489 625 565 671 eum
582 608 699 673 tollere
713 606 837 670 lectum
853 605 895 671 ad
911 606 1158 674 declarandum
1175 605 1265 691 quod
1287 628 1354 673 non
1370 605 1483 671 solum
1502 603 1690 683 sanaverit,
1713 605 1820 674 sedet

488 713 644 781 virtutem
659 710 823 777 indiderit
839 715 847 797 l
855 716 881 777 T
879 715 1000 802 dicepti.
1028 711 1163 797 Solae).
1188 716 1295 788 Quam
1315 717 1432 800 potens
1449 713 1492 777 sit
1509 711 1653 777 verbum
1676 711 1816 793 Christi,

484 819 555 908 ipsa
574 843 609 886 ra
625 817 804 884 exhibetur
824 842 854 884 v.
881 827 921 886 12
939 831 971 883 et
991 821 1104 885 statim
1126 821 1274 884 surrexit
1294 817 1352 882 ille
1370 829 1401 880 ct
1423 816 1553 884 sublato
1573 817 1714 907 probato
1735 815 1821 883 abiit

485 948 599 991 coram
614 922 788 1006 ominbus·
802 927 891 992 salus
908 932 957 990 est
972 926 1102 1005 subita,
1119 925 1200 1011 quia
1215 924 1347 1001 statim,
1367 924 1518 1008 integra,
1537 927 1618 1011 quia
1635 925 1819 990 dissolutus

486 1055 547 1121 per
559 1052 675 1097 omnes
695 1038 788 1098 artus
807 1030 1032 1098 consolidatus
1047 1032 1208 1111 surr-erit,
1232 1033 1408 1116 vigorosa,
1427 1031 1504 1117 quia
1525 1028 1660 1095 sublato
1677 1029 1819 1119 probato

486 1138 586 1216 abiit,
616 1145 735 1226 aperta
754 1142 823 1205 sive
845 1138 1038 1216 manifesta,
1063 1137 1144 1224 quia
1165 1159 1279 1203 coram
1299 1138 1453 1202 omnibus
1475 1135 1560 1201 abiit
1575 1135 1690 1222 (Ala).
1710 1145 1820 1226 Atque

489 1245 618 1308 tructus
640 1247 764 1310 exsistit
784 1243 876 1332 apud
897 1246 1029 1324 turbas,
1054 1249 1090 1308 ut
1111 1243 1224 1309 llatth.
1249 1242 1380 1309 indicat
1403 1248 1479 1322 9,8;
1507 1243 1695 1331 eodemque
1716 1242 1820 1309 modo

488 1349 641 1436 intellige
663 1375 670 1416 ι
693 1353 742 1417 ela
764 1362 801 1415 ut
816 1349 1025 1416 mirarentur
1043 1371 1159 1415 onznes
1179 1361 1210 1415 et
1228 1348 1492 1437 honorastcmant
1517 1352 1623 1414 Derim
1644 1348 1819 1415 dicentes:

487 1456 568 1544 pitin
588 1479 765 1547 utinquam
780 1456 828 1521 sic
848 1457 997 1523 vidimus
1003 1478 1016 1540 ;
1031 1457 1110 1517 ὥστε
1133 1447 1304 1528 ἐξίστασθαι
1328 1455 1405 1544 plus
1417 1455 1496 1520 dicit
1510 1478 1613 1544 quam
1630 1457 1765 1536 mirari,
1784 1462 1822 1522 ut

488 1571 597 1630 essent
610 1564 744 1630 attoniti
761 1569 794 1628 et
809 1563 901 1629 velut
914 1572 1010 1630 extra
1026 1585 1060 1629 se
1072 1564 1276 1652 (Erasmus);
1293 1563 1442 1628 maxima
1457 1563 1541 1628 haec
1556 1562 1820 1651 admiratioque

487 1671 718 1757 percelluntur
734 1692 802 1735 non
817 1671 1018 1748 estsimilis,
1036 1670 1094 1736 sed
1109 1670 1208 1736 alleri
1223 1671 1389 1750 fructum,
1409 1676 1445 1733 ut
1462 1669 1517 1734 Dei
1531 1669 1678 1753 gloriam
1694 1676 1728 1734 et
1742 1668 1819 1735 lau·

487 1775 564 1841 dem
580 1781 697 1864 aperte
713 1777 929 1842 annuntient.
947 1776 995 1842 ad
1011 1777 1073 1841 hos
1090 1798 1204 1842 omnes
1223 1798 1291 1842 non
1308 1797 1379 1841 esse
1396 1773 1672 1841 adnumerandos
1691 1775 1821 1842 scribas

485 1903 524 1947 eo
547 1904 683 1970 quoque
700 1890 795 1972 parret
814 1882 895 1970 quia
910 1883 946 1948 in
970 1882 1256 1971 subsequentibus
1278 1883 1486 1948 inveteratae
1509 1880 1646 1948 illorum
1668 1881 1819 1948 malitiae

485 1988 639 2077 exempla
658 1996 691 2054 et
707 1988 913 2056 documenta
931 1992 1012 2054 satis
1027 1990 1134 2056 multa
1149 1996 1182 2055 et
1195 1995 1314 2078 aperta
1334 1989 1563 2077 reperiuntur.
1581 2027 1626 2038 -
1642 1993 1821 2076 Stupentes

485 2095 693 2162 exclamant:
707 2118 887 2184 rtanqrcam
899 2096 946 2161 sie
957 2095 1120 2176 vidimus,
1133 2117 1311 2185 nunquam
1327 2095 1402 2161 talis
1413 2103 1566 2182 aspectus
1579 2095 1677 2161 nobis
1687 2094 1820 2162 oblatus

485 2210 549 2280 est;
571 2202 675 2268 verba
693 2210 774 2268 sunt
796 2202 915 2274 obvia.
937 2224 1049 2291 neque
1073 2225 1157 2291 opus
1177 2210 1227 2268 est
1242 2201 1401 2291 supplere
1418 2202 1470 2268 vel
1486 2224 1516 2262 τι
1531 2203 1583 2268 vel
1602 2208 1718 2263 τοιοῦτο
1736 2201 1815 2269 vel:
1915 2197 1916 2200 ¹

485 2309 532 2373 sic
548 2314 655 2374 iesum
674 2331 851 2397 nunquam
869 2309 1017 2374 vidimus
1037 2309 1198 2399 (Scheqq)
1214 2331 1253 2374 ac
1271 2310 1297 2374 si
1317 2308 1431 2398 priora
1453 2313 1524 2375 lesu
1540 2331 1644 2397 opera
1661 2330 1738 2374 cum
1757 2309 1820 2374 hoe

488 2415 653 2480 miraculo
667 2423 920 2504 compararent.

522 2675 607 2725 Varia
630 2689 703 2738 quae
728 2676 764 2725 ad
788 2679 861 2740 piam
883 2677 1097 2741 applicationem
1121 2678 1250 2740 spectant
1274 2676 1356 2726 etad
1383 2677 1550 2726 documenta
1570 2677 1644 2726 vitae
1664 2675 1821 2738 colligenda

490 2765 604 2828 Theopii.
624 2765 686 2814 ned.
703 2765 787 2815 Salm.
804 2766 906 2834 Scirepp
926 2766 1070 2828 praebent.

522 2853 655 2904 Ordinem
669 2867 725 2916 qno
748 2855 819 2904 haec
833 2859 966 2917 quattuor
979 2855 1113 2904 miracula
1133 2855 1204 2904 inter
1218 2867 1249 2904 so
1270 2855 1490 2918 subsequuntur,
1506 2853 1534 2903 S.
1553 2853 1652 2903 Petrus
1667 2853 1820 2903 Damianos

486 2944 599 3004 mystice
611 2943 754 3006 explicat:
779 2961 790 2989 ι
808 2945 856 3005 qni
871 2944 941 2992 ordo
964 2945 987 2992 si
1007 2943 1134 3005 diligenti
1149 2956 1217 2992 cura
1240 2943 1422 3006 perpenditur
1437 2942 1583 2993 maniteste
1600 2942 1694 3001 docet,
1717 2945 1821 3004 quanta

486 3032 639 3094 magisterii
658 3038 717 3081 arte
741 3031 862 3094 Spiritus
884 3036 998 3081 sanctus
1017 3032 1167 3081 scribentis
1182 3032 1321 3081 calamum
1338 3033 1442 3091 tenuit,
1464 3034 1492 3080 et
1513 3030 1548 3080 ad
1564 3030 1760 3080 declarandum
1774 3043 1821 3081 re·

485 3119 651 3183 demptionis
669 3120 810 3170 humanae
832 3123 994 3182 mysterium
1014 3122 1094 3183 quasi
1109 3134 1158 3183 per
1173 3119 1314 3183 quandam
1331 3121 1434 3170 lineam
1450 3120 1545 3169 omnia
1559 3119 1732 3182 dispensarit
1749 3135 1772 3167 s.
1788 3119 1820 3169 ln

485 3208 639 3259 deiectione
653 3211 727 3258 enirn
744 3210 826 3272 primi
842 3209 964 3259 hominis
980 3211 1117 3273 principio
1132 3211 1255 3259 locutum
1269 3223 1332 3259 esse
1352 3209 1508 3267 diabolum,
1525 3208 1589 3258 dein
1612 3209 1757 3258 mulierem
1770 3207 1821 3258 da·

485 3299 640 3347 lactationis
652 3299 878 3360 concupiscentia
896 3299 981 3347 veluti
1004 3299 1159 3348 aestuantis
1182 3298 1267 3347 labris
1290 3298 1418 3347 ardorem
1438 3299 1604 3357 incurrisse,
1623 3297 1711 3347 Adam
1726 3303 1820 3347 autem

485 3388 613 3435 vitiorum
629 3388 703 3448 lepra
721 3386 807 3436 luisse
830 3387 973 3449 pertusum
996 3393 1024 3436 et
1049 3393 1190 3449 tamquam
1204 3387 1388 3450 paralyticum
1403 3400 1420 3435 a
1436 3387 1515 3436 bonis
1536 3387 1668 3449 operibus
1684 3387 1819 3448 languora

483 3477 672 3525 constrictum.
689 3475 790 3525 Filium
806 3478 855 3525 Dei
868 3479 961 3525 autam
976 3488 1026 3538 per
1039 3476 1157 3525 eandem
1171 3477 1245 3525 viam
1260 3489 1345 3538 opera
1356 3476 1458 3524 diaboti
1474 3470 1667 3526 destruxisse«
1683 3478 1820 3538 quatenus

486 3545 514 3614 et
527 3563 668 3612 diabolum
689 3566 737 3627 qui
763 3565 791 3613 in
815 3566 924 3613 ruinam
954 3567 1080 3614 nostram
1105 3566 1215 3615 locutus
1238 3565 1328 3615 luerat
1349 3566 1461 3613 iamiam
1485 3570 1578 3615 tacere
1599 3564 1778 3626 compelleret
1793 3566 1821 3614 at

487 3653 571 3701 Evam
583 3665 599 3701 a
612 3653 735 3702 lebribus
749 3655 906 3703 aestuantis
921 3655 1166 3714 concupiscentiae
1183 3654 1331 3711 liberaret,
1346 3667 1363 3702 a
1377 3655 1437 3703 viro
1451 3666 1507 3703 non
1520 3653 1602 3703 modo
1618 3653 1722 3716 lepram
1738 3653 1820 3702 vitio·
1918 3695 1920 3699 .

486 3755 545 3790 rum
560 3742 752 3804 scelerumque
767 3741 939 3805 detergeret,
957 3742 1006 3791 sed
1022 3741 1143 3792 eundem
1158 3755 1271 3806 quoque
1286 3749 1404 3792 eatenus
1419 3742 1601 3805 paralyticum
1617 3741 1650 3791 ad
1666 3741 1821 3791 exercenda

485 3832 596 3892 pietatis
610 3843 696 3893 opera
708 3831 831 3879 validum
845 3831 1021 3894 liberumque
1036 3831 1152 3882 laxaret.
1171 3831 1248 3881 Sicut
1264 3844 1332 3894 ergo
1349 3833 1376 3880 in
1392 3831 1448 3880 iilis
1462 3831 1623 3881 hominibus
1636 3833 1722 3880 totum
1737 3830 1820 3893 perlit

486 3932 575 3981 genus
588 3919 754 3978 humanum,
771 3922 812 3969 sio
826 3921 926 3968 inistis
940 3933 957 3969 a
969 3919 1115 3970 Salvatore
1129 3920 1234 3970 curatis
1249 3923 1292 3970 est
1302 3921 1457 3983 superioris
1470 3919 1577 3982 figurae
1591 3922 1721 3982 mysterio
1735 3919 1818 3969 saluti

485 4009 619 4071 pristinae
632 4011 791 4059 restitutum
806 4024 817 4054 ι
832 4006 1022 4074 (collectanea
1036 4022 1071 4059 ex
1086 4022 1159 4059 novo
1176 4015 1256 4067 test.;
1276 4010 1309 4059 r.
1331 4007 1464 4073 tratti).

486 4267 598 4315 graecam
614 4255 680 4303 Eeel.
697 4259 760 4306 titi.
781 4259 816 4303 19.
835 4261 874 4309 21.
890 4255 934 4303 nbi
956 4255 1027 4304 lvetir.
1051 4258 1139 4305 Dixit
1152 4257 1199 4304 ³22
1215 4257 1265 4305 nii
1278 4257 1313 4317 (et
1325 4256 1428 4316 similia)
1451 4255 1567 4304 redditur
1587 4261 1680 4318 πνεῦμα
1701 4260 1758 4305 υἱῶν
1775 4263 1818 4307 τοῦ

484 4327 621 4390 ἀνθρώπου,
638 4340 687 4386 qua
703 4327 728 4374 iu
745 4328 863 4376 versione
873 4328 936 4390 quid
950 4326 999 4376 sibi
1012 4327 1074 4375 velit
1088 4327 1275 4383 articulusrai,
1289 4327 1396 4375 dubium
1411 4341 1467 4375 esse
1479 4328 1581 4390 nequit;
1596 4327 1722 4377 serviliter
1736 4328 1819 4378 versio

485 4408 601 4468 sequitur
616 4406 763 4456 hebraeum.
779 4413 831 4457 iam
845 4422 951 4470 graecus
968 4413 1075 4457 venetus
1089 4407 1196 4456 eandem
1220 4407 1357 4456 dictionem
1380 4407 1464 4457 reddit
1477 4410 1504 4454 ri
1518 4413 1613 4469 πνεῦμα
1625 4412 1676 4456 τῶν
1695 4411 1755 4456 υἱῶν
1775 4413 1819 4458 τοῦ

486 4488 626 4550 &viennam
640 4486 664 4534 in
680 4500 731 4549 qua
746 4489 865 4537 versione
883 4489 951 4551 prior
963 4487 1087 4536 articulus
1102 4494 1151 4535 τῶν
1171 4493 1358 4537 consentaneus
1372 4493 1410 4536 est
1425 4487 1501 4538 modo
1518 4487 1639 4551 loquendi
1655 4490 1819 4549 Graecorum,

484 4567 601 4617 alteriori
620 4580 679 4615 vero
694 4569 877 4630 correspondet
894 4569 978 4631 generi
991 4568 1090 4617 dicendi
1103 4568 1228 4617 semitico.
1242 4568 1356 4617 Euiidem
1378 4568 1493 4617 vertendi
1510 4568 1612 4618 modum
1630 4574 1701 4617 notat
1713 4570 1820 4619 Zenner

487 4658 550 4706 Gen.
563 4661 612 4708 dt.
627 4661 655 4712 t;
677 4662 732 4710 tt.5
746 4670 799 4716 qun
816 4657 908 4707 ultimo
923 4659 979 4708 loeo
995 4661 1081 4708 03th
1095 4659 1143 4706 tt:
1163 4658 1230 4719 apud
1253 4661 1314 4707 Lxx
1330 4658 1420 4719 legitur
1435 4661 1457 4707 ot
1480 4663 1527 4707 υἱοὶ
1544 4665 1593 4706 τῶν
1609 4660 1749 4720 ἀνθρώπων.
1768 4661 1817 4708 lin·

485 4728 593 4791 demque
611 4728 686 4777 modo
699 4727 877 4789 explicandum
889 4744 944 4780 esse
956 4730 1119 4793 grarnmntice
1135 4731 1212 4785 dati:
1225 4736 1269 4778 τοῦ
1285 4733 1413 4791 ἀνθρώπου
1428 4731 1549 4786 ostendit,
1563 4744 1642 4793 quare
1668 4731 1819 4780 vertendum

486 4809 519 4857 sit
534 4810 675 4870 germanice
701 4823 751 4857 non
768 4808 814 4857 der
835 4811 904 4859 Solia
930 4810 975 4860 des
990 4809 1134 4868 iiensclren,
1156 4810 1198 4860 sed
1221 4811 1305 4860 solum
1325 4810 1370 4859 der
1392 4811 1602 4861 liensetiensolin.
1626 4811 1753 4867 Quaedam
1770 4811 1819 4861 alia

485 4904 551 4953 quac
570 4891 628 4939 inde
645 4894 835 4953 cousequantur
848 4890 906 4941 vide
918 4891 935 4940 l.
949 4907 971 4942 c.
985 4907 1009 4956 p.
1025 4895 1079 4940 571.
