3960 5654
199 503 259 564 368
745 518 834 563 lianc.
859 502 906 566 ii,
933 501 979 559 la.

198 658 273 716 harl;
291 656 324 705 cl.
343 656 409 704 Luc.
427 652 525 710 rain
544 648 578 699 11¹
592 652 782 716 relectorium,
800 651 990 715 khospitium.
1007 656 1037 704 ln
1052 669 1079 703 v.
1100 655 1129 704 15
1145 652 1214 703 codd
1225 653 1310 719 longe
1321 656 1382 719 pler
1394 669 1524 720 αναγαιον,

199 747 279 808 pauci
294 757 432 806 ανωγαιον,
449 756 561 806 ανωγεον
570 755 576 799 ;
594 753 610 789 a
623 742 715 792 locum
727 742 886 794 medianum
909 745 1024 792 stratum
1040 745 1068 791 in
1083 740 1272 807 superioribus
1287 756 1430 808 magnum.
1451 742 1483 790 ln
1497 757 1523 791 v.

203 834 232 883 18
248 849 261 880 o
276 829 363 880 εσθιων
389 824 444 894 μετ’
468 845 528 895 ipsu
544 841 563 883 ra
579 833 600 878 Α
614 830 698 883 CDL
711 834 731 882 P
746 835 799 882 etc.
817 830 862 889 Ti;
886 832 976 881 solum
992 834 1012 881 Β
1029 847 1078 879 των
1094 829 1238 889 tetrartum,
1258 833 1386 883 similiter
1398 832 1449 882 sah
1462 843 1524 893 cop.

204 924 234 972 ln
247 935 273 968 v.
294 920 324 969 19
345 934 404 984 μητι
428 935 479 984 εγω
499 934 548 983 ειμι
572 916 654 984 petia
670 924 707 982 115
726 918 859 983 numquid
874 931 928 981 ego
947 934 1008 970 sum
1032 920 1146 971 domine
1160 919 1218 970 luld
1234 919 1303 979 lictu
1320 922 1375 972 add
1389 936 1430 969 και
1451 914 1528 976 αλλος

199 1023 323 1075 μητιεγω
339 1003 491 1057 nexili
507 1009 589 1058 uncti
605 1011 707 1073 aipier
725 1023 742 1059 a
757 1003 833 1056 ltl¹i
848 1021 865 1070 q
880 1021 939 1057 arm
955 1009 1002 1059 Or.
1020 1008 1089 1057 inv.
1106 1008 1528 1075 turdum-serpanacrmui

199 1109 311 1147 manum
326 1099 410 1145 mittit
425 1097 544 1158 meeum)
559 1093 596 1145 11²
610 1112 688 1162 qsax
704 1098 754 1147 sah
763 1109 815 1159 cop
830 1095 878 1159 big
888 1096 943 1148 dub
958 1097 1015 1147 tuid
1030 1109 1077 1146 car
1094 1098 1148 1148 lien
1163 1100 1202 1146 mt
1215 1109 1251 1147 ox
1264 1097 1308 1147 val
1323 1099 1370 1147 wil
1380 1099 1436 1149 ken
1449 1110 1527 1160 corp.

199 1187 230 1235 ln
246 1200 272 1234 v.
290 1185 319 1234 tl
338 1186 415 1233 vadet
431 1186 488 1234 hub
510 1186 594 1236 theod
609 1200 659 1246 ox;
679 1188 857 1235 credituram
874 1199 925 1234 eav
939 1186 1001 1236 med
1016 1185 1055 1234 tol
1070 1186 1128 1237 lind
1144 1187 1219 1246 harh
1236 1185 1340 1234 bonum
1361 1195 1399 1235 ert
1414 1201 1459 1237 am
1480 1187 1529 1249 hig

134 1293 137 1300 ·
199 1281 246 1337 ept
259 1275 316 1324 hub
330 1273 412 1323 theod
429 1277 492 1324 med
520 1281 559 1324 mt
580 1289 617 1326 ox
635 1276 690 1325 lien
705 1275 775 1324 lind.
791 1274 822 1322 ln
836 1287 861 1322 v.
886 1275 919 1324 tt
933 1271 1035 1334 latere,
1059 1289 1150 1340 φαγιτε
1165 1275 1186 1324 Ε
1198 1274 1219 1324 F
1230 1274 1253 1323 H
1268 1273 1320 1323 SV
1330 1273 1355 1323 X
1365 1271 1383 1321 l'
1396 1276 1423 1325 al
1444 1277 1529 1338 longe

198 1365 240 1427 pl;
263 1359 298 1412 11²
312 1367 340 1413 et
354 1363 441 1422 edite;
461 1364 544 1414 aadd
557 1365 631 1428 quod
645 1376 696 1426 pro
718 1363 813 1412 multis
831 1363 1015 1426 confringitur
1032 1364 1060 1411 in
1082 1365 1273 1414 remissionem
1292 1366 1480 1426 peccatorum.
1498 1364 1529 1412 ln

195 1465 222 1501 v.
240 1452 272 1501 ti
288 1467 330 1514 της
343 1467 427 1514 aenne
447 1450 565 1516 ὀιαθηκης
578 1456 601 1501 Α
614 1452 634 1501 Ρ
646 1452 669 1500 Χ
680 1448 697 1499 Γ
709 1446 761 1497 llll
777 1464 831 1501 unc
845 1451 859 1500 8
882 1453 908 1502 ai
928 1453 954 1501 ai
970 1451 1028 1501 lere
1047 1463 1113 1500 omn
1133 1453 1154 1502 it
1166 1452 1233 1516 vulg
1246 1464 1292 1514 syr
1317 1449 1381 1517 (uir)
1396 1451 1438 1511 al;
1464 1453 1530 1501 novi

196 1549 220 1590 et
236 1544 338 1590 aeterni
350 1543 405 1591 licii
421 1542 491 1601 lien;
508 1540 662 1604 effunditur
676 1552 721 1588 arn
740 1537 800 1604 blg'
811 1540 874 1591 med
889 1542 943 1590 ken
958 1540 1015 1590 lind
1029 1538 1066 1604 (et
1080 1541 1119 1588 ita
1133 1540 1220 1591 edidit
1233 1537 1440 1606 Wordswortht
1449 1554 1456 1601 ;
1475 1540 1531 1590 add

196 1631 251 1681 ken
263 1633 292 1680 in
307 1632 500 1682 remissionem
513 1631 706 1693 peccatorum,
723 1630 764 1677 uti
783 1631 893 1679 minusc
906 1630 974 1693 aliqi
988 1636 1016 1678 ct
1032 1640 1049 1678 a
1063 1623 1099 1691 ς’
1112 1630 1173 1678 sah.

239 1829 284 1890 lle
304 1822 501 1911 quaestione
521 1820 659 1908 quando
682 1820 834 1886 Christus
856 1842 996 1886 coenam
1025 1819 1222 1909 paschalem
1248 1820 1472 1887 celebraverit
1497 1826 1532 1886 et

197 1936 341 1997 mortem
361 1926 485 1993 obierit
509 1925 668 2014 pluribus
695 1927 751 2011 egi
778 1925 812 1991 in
834 1929 1021 1992 Comment.
1045 1928 1080 1991 in
1103 1926 1216 1992 Matth.
1246 1931 1272 1992 ll
1297 1950 1332 2017 p.
1365 1931 1527 1994 toa-ara.

196 2041 304 2113 Quare
320 2033 374 2099 hic
390 2032 472 2098 satis
491 2033 555 2098 erit
572 2055 681 2121 pauca
704 2031 882 2099 adnotare.
911 2036 1046 2099 Certum
1065 2038 1115 2098 est
1132 2056 1171 2099 er
1193 2033 1353 2100 concordi
1367 2039 1531 2122 quattuor

195 2140 484 2228 evangelistarum
505 2141 700 2205 narratione
719 2143 826 2204 lesum
842 2161 980 2205 coenam
996 2139 1182 2206 celebrasse
1200 2140 1285 2206 teria
1305 2140 1427 2229 quinta
1446 2138 1531 2205 heb-

196 2247 352 2314 domadis
368 2267 524 2334 vespere,
547 2266 616 2310 csse
632 2244 832 2311 crucifixum
853 2252 886 2310 ct
902 2246 1071 2333 sepultum
1091 2246 1176 2311 teria
1195 2252 1287 2312 sexta
1306 2251 1339 2313 et
1352 2269 1373 2312 a
1389 2246 1532 2312 mortuis

198 2355 417 2422 resurrexisse
438 2351 494 2417 die
519 2353 631 2441 prima
655 2351 881 2418 hebdomadis
902 2374 1012 2418 mane.
1030 2356 1133 2418 Porro
1153 2374 1193 2418 ex
1208 2352 1249 2418 iis
1264 2375 1352 2441 quae
1367 2352 1533 2438 leguntur

199 2467 290 2529 loan.
311 2467 400 2541 13,1.
419 2464 461 2525 29
478 2463 626 2538 et18‚28
648 2466 680 2523 et
701 2465 819 2538 19,31‚
839 2459 926 2524 sicut
941 2459 1043 2524 ctiam
1063 2481 1102 2524 ex
1117 2459 1232 2525 Matth.
1251 2465 1365 2541 2215.
1384 2465 1426 2526 32
1443 2464 1476 2524 et
1493 2481 1532 2524 ex

196 2565 356 2635 omnibus
377 2587 466 2655 quae
491 2564 546 2630 die
573 2564 690 2631 mortis
714 2570 789 2631 lesu
819 2573 981 2651 aguntur,
1007 2565 1109 2631 obvio
1135 2587 1234 2631 sensu
1258 2564 1433 2652 colligitur
1453 2586 1532 2631 eum

197 2675 288 2740 diem
308 2696 376 2739 non
396 2672 498 2738 luisse
523 2672 614 2737 diem
630 2672 776 2738 maxime
796 2670 994 2738 sollemnem
1017 2670 1231 2738 ludaeorum.
1254 2671 1381 2750 Quibus
1398 2670 1532 2739 accedit

196 2781 362 2847 sententia
391 2779 509 2867 primis
528 2777 671 2865 saeculis
697 2778 888 2845 communis
910 2785 943 2844 ct
965 2783 1122 2844 constans
1146 2780 1233 2845 etin
1258 2779 1329 2869 ipso
1348 2780 1452 2846 etiam
1466 2780 1531 2845 tal·

199 2885 301 2953 mude
326 2907 497 2974 expressa,
521 2890 630 2951 lesum
656 2889 828 2951 mortuum
855 2907 926 2950 esse
948 2907 988 2951 eo
1014 2884 1070 2950 die
1089 2885 1126 2951 in
1144 2887 1239 2951 cuius
1260 2906 1403 2974 vespera
1417 2885 1532 2951 ludaei

196 3014 326 3080 agnum
345 2992 541 3080 paschalem
564 2990 798 3057 immolabant.
825 2990 1009 3056 Difficultas
1036 2999 1069 3057 et
1094 2991 1284 3057 obscuritas
1302 2992 1411 3057 solum
1436 2993 1532 3058 ineo

198 3098 353 3188 estquod
373 3097 543 3185 synoptici
559 3097 733 3163 affirmant
752 3096 808 3163 die
829 3099 941 3186 primo
963 3119 1163 3183 azymorum
1180 3101 1288 3165 lesum
1307 3120 1450 3166 coenam
1470 3121 1531 3188 pa-

198 3206 349 3273 schalem
374 3204 578 3283 celebrasse,
600 3206 660 3292 qui
689 3203 761 3270 dies
789 3203 906 3292 utique
934 3203 1006 3269 dies
1031 3210 1105 3270 crat
1128 3204 1207 3290 lege
1234 3205 1438 3272 constitutus
1453 3228 1532 3273 cum

198 3312 272 3380 dies
291 3313 421 3402 primus
440 3332 637 3396 azymorum
657 3309 745 3375 alius
759 3331 830 3375 esse
849 3317 908 3375 aut
926 3309 991 3375 dici
1015 3317 1163 3399 nequeat
1184 3311 1246 3376 nisi
1266 3311 1337 3376 dies
1357 3318 1398 3379 1i
1418 3312 1529 3378 nisan.

202 3423 324 3486 Verum
352 3418 380 3483 si
400 3418 447 3483 ita
467 3424 530 3496 est,
556 3424 627 3481 tum
648 3415 720 3482 dies
737 3416 963 3505 subsequens,
993 3416 1066 3482 dies
1088 3423 1128 3483 15
1146 3419 1257 3497 nisan,
1279 3419 1327 3484 uti
1352 3423 1425 3484 erat
1441 3424 1533 3485 certe

201 3526 273 3594 dies
300 3525 436 3600 mortis,
463 3529 536 3589 erat
559 3522 660 3588 simul
679 3523 732 3588 vel
756 3545 824 3588 esse
851 3522 970 3589 debuit
988 3522 1061 3589 dics
1075 3523 1249 3590 sollemnis
1264 3524 1479 3606 ludaeorum,
1498 3525 1533 3590 id

203 3631 296 3722 quod
315 3654 353 3698 cx
372 3630 453 3721 ipsis
472 3631 673 3718 synoptici5‚
689 3651 729 3694 er
746 3634 865 3696 Ioanne
885 3636 918 3695 et
933 3630 1100 3697 sententia
1113 3629 1303 3720 primorum
1319 3633 1533 3698 sacculorum

201 3739 336 3808 admitti
352 3736 480 3825 nequit.
504 3740 593 3812 Quae
609 3736 793 3803 difficultas
806 3737 887 3802 satis
900 3736 1076 3803 commode
1095 3737 1181 3802 solvi
1200 3743 1324 3828 potest,
1344 3739 1372 3804 si
1387 3737 1534 3804 dicimus

201 3846 341 3913 ludaeos
356 3866 395 3910 eo
415 3864 506 3909 anno
522 3841 612 3908 diem
630 3864 753 3908 coenae
774 3842 942 3931 paschalis
963 3842 1171 3909 transtulisse
1190 3844 1225 3909 in
1244 3845 1365 3910 leriam
1385 3853 1532 3925 sextam,
1600 3873 1605 3883 ·

201 3954 233 4019 in
259 3952 350 4017 diem
381 3956 419 4016 15
444 3950 557 4028 nisan,
592 3971 660 4037 qua
688 3950 856 4015 sententia
882 3949 1093 4015 narrationes
1123 3949 1380 4034 evangeliorum
1406 3952 1533 4041 optime

200 4061 289 4126 inter
303 4080 337 4123 se
357 4055 594 4122 conciliantur.
614 4054 753 4121 ludaeos
766 4057 813 4121 ita
828 4056 891 4121 sibi
909 4056 1062 4142 regulam
1079 4056 1232 4122 statuisse
1253 4064 1384 4145 postea,
1406 4080 1449 4123 ne
1464 4058 1533 4124 duo

200 4165 276 4233 lesti
291 4163 363 4230 dies
391 4161 587 4227 immediate
605 4161 695 4227 inter
713 4184 749 4227 se
768 4162 978 4250 exciperent,
1007 4168 1138 4227 certum
1157 4168 1217 4228 est.
1240 4167 1381 4251 insuper
1400 4184 1440 4230 ea
1457 4164 1533 4253 opi-

200 4274 277 4351 nio,
303 4276 340 4336 ut
360 4268 461 4335 obvio
487 4270 723 4334 narrationum
752 4269 1029 4354 evangelicarum
1058 4291 1157 4335 sensu
1188 4268 1461 4350 commendatur,
1493 4292 1534 4336 ne

201 4378 313 4444 dicam
337 4377 524 4442 necessario
552 4376 709 4461 exigitur,
737 4376 784 4440 ita
810 4383 960 4441 veterum
991 4398 1127 4463 quoque
1153 4376 1315 4462 suffragio
1340 4399 1410 4443 non
1433 4375 1534 4443 desti-

202 4485 323 4564 tuitur,
347 4490 448 4571 prout
465 4483 595 4571 pariter
612 4482 635 4548 l.
655 4504 684 4547 c.
708 4482 975 4548 demonstratum
997 4488 1056 4547 est.
1080 4488 1169 4560 Quae
1190 4492 1366 4573 praeterea
1380 4484 1535 4549 ferantur

203 4612 243 4655 ea
258 4589 300 4655 de
321 4610 356 4654 rc
372 4590 607 4671 coniecturae,
631 4587 750 4655 eodem
765 4589 840 4655 loco
855 4590 1041 4677 expositum
1057 4591 1220 4657 invenies,

251 4700 286 4760 ln
311 4696 471 4783 paschate
492 4696 731 4761 celebrabatur
757 4696 918 4761 memoria
935 4696 1141 4762 liberationis
1164 4719 1202 4762 ex
1225 4698 1384 4766 servitute
1402 4720 1534 4787 aegyp-

205 4803 305 4868 tiaca.
324 4801 474 4866 Christus
494 4827 512 4868 e
536 4804 696 4867 servitute
715 4803 819 4888 longe
835 4804 1018 4867 funestiore
1040 4825 1148 4888 genus
1165 4804 1353 4871 humanum
1374 4805 1531 4870 redemit.

205 4909 377 4994 Sanguine
407 4909 487 4994 agni
513 4908 683 4997 paschalis
716 4917 827 4998 postes
850 4917 882 4975 et
905 4910 1181 4999 superliminaria
1204 4911 1385 4979 domorum
1402 4913 1534 4978 lsraeli·

105 5198 231 5324 ἱ
