3960 5654
939 484 1029 528 iaaac.
1053 471 1082 538 6,
1107 470 1211 532 ao-at.
1686 477 1742 533 177

412 621 506 691 locus
516 623 663 692 consitus
679 620 714 686 in
728 621 827 689 horto
844 621 956 706 figura
971 619 1139 708 quadrata
1151 622 1172 682 ¹.
1192 622 1231 683 Et
1243 617 1421 709 descripsit
1436 620 1520 688 haec
1535 620 1745 708 evangelista

411 737 450 798 ut
469 748 713 818 cognoscamus
738 748 854 796 eoram
878 729 949 791 lesu
973 749 1040 793 non
1067 727 1169 792 luisse
1191 725 1369 793 conlusam
1388 725 1663 805 multitudinem,
1686 728 1745 794 sed

412 837 567 905 ordinate
593 832 773 925 dispositos
793 832 948 899 sedentes
973 840 1005 900 et
1031 834 1245 922 quiescentes
1269 854 1387 899 omnes
1412 832 1595 900 comedisse
1625 834 1743 924 (Coi).

413 948 502 1012 lesus
517 940 608 1008 enim
629 943 759 1032 optimo
778 937 898 1006 ordine
916 942 1034 1006 omnia
1049 937 1124 1004 lieri
1140 938 1212 1004 vult
1231 945 1264 1005 et
1280 939 1393 1027 quiete
1409 943 1442 1005 et
1460 940 1532 1005 sine
1548 941 1695 1008 tumultu
1714 948 1747 1008 et

413 1047 627 1118 contusione.

459 1157 532 1242 lpse
547 1160 660 1221 autem
674 1175 706 1221 v.
725 1158 765 1221 tl
782 1153 930 1243 acceptis
946 1153 1097 1242 quiaque
1107 1150 1258 1240 panibus
1272 1164 1306 1217 et
1317 1150 1445 1217 duobus
1452 1151 1603 1240 piscibus
1616 1154 1749 1219 intuens

413 1258 617 1341 incoctum,
638 1259 882 1327 demonstravit
896 1281 931 1326 se
944 1252 990 1325 'ad
1008 1262 1140 1324 Patrem
1158 1257 1287 1324 relerre
1302 1256 1338 1323 id
1356 1257 1448 1346 quod
1462 1256 1499 1322 fit
1518 1259 1529 1347 (
1539 1259 1637 1346 Vise.)
1655 1258 1750 1326 bene-

414 1373 501 1443 dicit
516 1376 693 1465 εὐλόγησεν,
711 1374 872 1464 precibus
884 1372 1110 1454 consecravit,
1131 1402 1147 1433 a
1160 1373 1246 1439 haec
1261 1372 1453 1440 benedictio
1467 1374 1749 1463 eratimprecatio

414 1481 706 1571 divinaevgratiaa
721 1502 810 1570 quae
823 1481 879 1548 hic
890 1502 959 1546 non
969 1479 1109 1569 simplex
1122 1485 1196 1546 erat
1208 1479 1268 1546 sed
1281 1479 1434 1546 elficicns
1445 1502 1576 1570 panum
1589 1481 1749 1548 benedie-

414 1592 529 1656 torum
552 1587 885 1676 multiplicationem,
913 1585 1204 1676 quemadmodum
1231 1584 1423 1653 benedictio
1448 1586 1547 1675 panis
1571 1589 1606 1653 in
1631 1589 1750 1655 ultima

415 1716 521 1763 coena
532 1693 739 1784 operabatur
753 1695 852 1782 panis
866 1693 1183 1759 transmutationem
1198 1693 1232 1757 in
1249 1713 1375 1781 corpus
1388 1693 1518 1759 homini
1538 1723 1553 1752 r
1574 1693 1696 1782 (leus.)
1720 1707 1751 1761 et

412 1801 519 1891 [repit
530 1813 642 1890 peaes
658 1813 692 1866 et
710 1796 804 1866 dedit
822 1797 1083 1888 discipulissuis
1101 1811 1140 1862 ut
1151 1813 1320 1886 ponerent
1334 1811 1412 1864 ante
1427 1821 1483 1866 eos
1503 1812 1535 1866 et
1550 1800 1633 1866 diros
1645 1800 1754 1892 pisces

416 1906 531 1974 debuit
540 1904 717 1991 omnibus,·
727 1906 764 1972 in
776 1905 934 1982 manibus
944 1904 1052 1991 igitur
1063 1904 1296 1995 apostolorum
1313 1904 1373 1994 qui
1385 1927 1489 1994 panes
1502 1906 1753 1974 distribuebant

416 2012 737 2103 multiplicabantur
755 2011 800 2078 ad
819 2033 899 2078 eum
921 2010 1061 2077 modum
1079 2033 1147 2099 quo
1169 2009 1293 2097 hydria
1311 2012 1441 2078 tarinae
1459 2034 1530 2080 non
1546 2013 1671 2079 deiecit
1691 2035 1754 2081 nec

416 2118 572 2208 lecythus
599 2119 666 2186 olei
690 2118 911 2185 minuebatur
934 2117 969 2183 in
993 2117 1095 2184 domo
1127 2117 1362 2206 sarephtanae
1386 2125 1419 2184 et
1445 2141 1514 2208 quo
1537 2142 1660 2209 parum
1684 2119 1752 2187 olei

417 2223 574 2316 implevit
584 2210 694 2293 multa
709 2247 789 2292 vasa
799 2223 844 2292 ad
856 2245 973 2314 preces
984 2225 1081 2289 Elisei
1097 2224 1128 2310 (3
1147 2228 1230 2309 lteg.
1250 2231 1363 2302 17,1a.
1378 2230 1397 2292 t
1412 2228 1494 2310 Reg.
1514 2227 1585 2313 t‚5)
1602 2252 1618 2287 «
1636 2227 1754 2315 quales

418 2331 720 2422 multiplicationes
731 2353 800 2398 non
813 2326 1195 2421 possumusintelligere
1215 2332 1278 2396 nisi
1291 2353 1353 2420 per
1364 2330 1574 2398 additionem
1593 2334 1753 2400 materiae

418 2437 523 2529 idque
539 2439 594 2506 vel
616 2461 678 2530 per
697 2437 903 2506 creationem
927 2436 980 2503 vel
1007 2459 1070 2527 per
1089 2438 1346 2503 conversionem
1375 2466 1390 2495 »
1414 2436 1547 2526 (least
1575 2439 1754 2506 Ministerio

417 2543 665 2635 discipulorum
694 2545 846 2612 Christus
865 2545 972 2633 pascit
997 2542 1272 2623 multitudinem,
1302 2549 1339 2609 ut
1362 2544 1410 2609 ita
1428 2543 1585 2634 discipuli
1607 2546 1754 2613 miracu-

418 2652 489 2720 lum
512 2653 610 2741 quasi
630 2653 807 2742 palpantes
820 2652 856 2718 in
872 2651 939 2717 fide
961 2656 1115 2717 crescant
1137 2655 1170 2716 et
1187 2655 1223 2716 ut
1243 2649 1376 2717 discant
1393 2673 1458 2739 ope
1476 2651 1599 2718 Christi
1614 2653 1754 2742 eiusque

418 2758 574 2848 potentia
588 2759 668 2825 freti
683 2758 835 2825 doctrina
849 2780 870 2824 a
882 2780 917 2825 se
932 2756 1058 2823 tradita
1075 2756 1231 2822 homines
1246 2777 1401 2845 pascere;
1419 2756 1487 2823 iam
1500 2758 1594 2824 enim
1608 2761 1754 2845 lungun-

420 2870 477 2932 tur
501 2870 539 2931 ut
554 2864 638 2931 tales
662 2886 723 2954 per
749 2886 834 2954 quos
853 2864 928 2930 aliis
953 2861 1120 2929 beneficia
1140 2862 1264 2928 Christi
1288 2862 1477 2929 obveniunt
1496 2869 1529 2930 et
1548 2866 1607 2954 qui
1628 2865 1756 2951 gratias

420 2971 543 3039 Christi
555 2971 764 3062 dispensant.
779 2969 974 3057 Magnitudo
988 2974 1101 3036 autem
1117 2969 1275 3035 miraculi
1288 2968 1489 3055 designatur
1504 2992 1538 3037 v.
1557 2977 1599 3039 te
1614 2986 1648 3038 et
1662 2994 1756 3039 man·

418 3076 629 3145 duceueruat
651 3099 765 3144 omnes
786 3088 818 3143 et
840 3076 989 3144 saturati
1008 3089 1108 3158 srcnc;
1134 3097 1202 3140 non
1227 3075 1336 3141 solum
1359 3084 1428 3142 tarn
1454 3077 1553 3143 multi
1571 3084 1757 3167 pascuntur

418 3184 584 3274 (quinque
610 3184 717 3250 millia
740 3185 912 3262 virorum,
939 3182 1142 3249 mulieribus
1162 3191 1195 3248 et
1219 3181 1372 3270 parvulis
1394 3205 1462 3249 nou
1491 3186 1753 3272 annumeratis),

420 3289 668 3358 verumetiam
692 3290 802 3357 multa
828 3289 1069 3380 relinquuntur
1090 3289 1245 3368 residua,
1269 3288 1358 3355 unde
1380 3310 1498 3356 omnes
1520 3313 1590 3357 esse
1620 3294 1757 3360 satiatos

421 3394 512 3464 clare
535 3397 643 3488 liquet
656 3418 690 3464 v.
713 3403 753 3464 t3
769 3408 802 3463 et
814 3395 1023 3462 sustulerunt
1037 3395 1200 3485 reliquias
1214 3396 1490 3484 [reputentur-um
1506 3396 1682 3464 duedecim
1700 3421 1757 3466 co-

415 3503 542 3593 plu‘aes
562 3504 681 3593 plenos
704 3516 738 3570 ee
752 3503 792 3569 de
805 3501 972 3593 piscibus,
995 3501 1175 3568 duodecim
1198 3524 1261 3590 pro
1284 3523 1426 3568 numero
1447 3505 1697 3592 apostolorum,
1722 3514 1759 3573 ut

323 3658 325 3662 ψ
396 3690 398 3695 ,
420 3611 491 3678 suis
513 3611 658 3700 quisque
682 3609 834 3677 humeris
853 3630 962 3676 unum
986 3616 1156 3695 gestantes
1179 3610 1346 3675 memoria
1366 3631 1437 3675 rem
1460 3619 1633 3678 servarent
1652 3612 1755 3698 (Viet.

424 3715 666 3808 Theoph.)..l]o
686 3716 790 3783 etiam
808 3723 1011 3803 argumento
1030 3716 1197 3782 certitudo
1217 3722 1250 3782 et
1269 3714 1451 3782 admiratio
1477 3718 1634 3784 miraculi
1654 3740 1758 3806 auge-

422 3832 491 3905 tur,
506 3824 587 3914 quia
601 3845 640 3890 ex
657 3828 726 3888 tam
741 3822 818 3889 exili
833 3829 1027 3889 commeatu
1045 3830 1093 3887 tot
1114 3844 1152 3887 ac
1169 3829 1264 3888 tanta
1281 3821 1400 3888 ellectu
1416 3830 1494 3889 sunt
1508 3831 1541 3890 et
1562 3824 1759 3894 declaratur

269 3941 273 3954 '
329 3934 334 3943 “
426 3930 482 3996 uei
497 3929 741 4016 benignitatem
757 3929 983 4016 largissimam
997 3951 1069 3995 esse
1083 3929 1118 3993 in
1133 3928 1199 3993 sibi
1219 3927 1361 3994 fidentes
1375 3951 1486 4018 neque
1505 3939 1663 4018 oportere
1677 3954 1758 4021 par·

424 4057 499 4103 cam
517 4058 587 4103 esse
606 4036 643 4101 iu
669 4057 838 4126 pauperes
856 4034 1115 4103 beneficentiam
1136 4034 1272 4123 (letes).
1296 4039 1384 4101 lesus
1404 4043 1536 4124 quanta
1554 4037 1759 4106 liberalitate

424 4148 459 4208 et
473 4141 704 4208 munificentia
720 4164 796 4209 suas
810 4143 852 4208 sit
865 4140 1108 4209 distributurus
1123 4140 1253 4226 gratias
1271 4140 1334 4207 hoc
1349 4143 1504 4233 exemplo
1525 4144 1757 4233 praefigurat;

426 4270 458 4314 v.
484 4252 524 4316 tt
551 4261 650 4315 erant
669 4262 785 4315 etitem
806 4249 869 4338 qui
892 4247 1186 4315 manducaverant
1209 4247 1494 4337 quinquemillia
1517 4250 1693 4336 virorzun;
1714 4256 1757 4321 ct.

428 4355 542 4422 llatth.
563 4362 675 4438 itm.

468 4563 658 4640 Insequente
678 4563 824 4640 paschate
841 4565 912 4640 post
930 4578 1046 4620 annum
1065 4562 1163 4620 alium
1182 4561 1270 4619 dabit
1291 4560 1447 4621 Ecclesiae
1468 4579 1542 4623 suae
1559 4582 1688 4642 panem,
1707 4584 1761 4644 pa-

460 4755 480 4798 t.
496 4749 638 4814 Hesychius
654 4767 659 4798 :
673 4750 782 4815 special,
796 4753 820 4798 αἱ
837 4751 860 4799 ἐν
874 4755 926 4804 τοῖς
941 4750 1027 4806 κήποις
1040 4747 1189 4811 τετράγωνοι
1205 4749 1326 4812 λιχανιαί.
1344 4748 1450 4812 Etymol.
1468 4751 1609 4813 τετράγωνά
1624 4770 1680 4800 τινα
1699 4754 1761 4818 σχή-

429 4845 496 4891 ματα
510 4830 535 4879 tv
549 4837 579 4895 τῇ
590 4836 635 4895 γῇ;
652 4828 709 4879 vide
721 4828 789 4892 apud
810 4829 953 4889 ll'elslela,·
964 4828 1082 4878 similiter
1098 4827 1179 4877 schol.
1194 4827 1225 4876 ad
1241 4827 1290 4879 Od.
1306 4847 1321 4888 η
1339 4833 1390 4887 127,
1406 4832 1430 4878 al
1442 4832 1491 4878 τῶν
1501 4834 1763 4899 possid-sterpiyoroi

430 4909 536 4973 cydarae,
550 4914 582 4968 ὡς
596 4912 627 4960 τὰ
640 4910 743 4961 alaudia.

878 5000 1065 5051 nauseantem
1083 5012 1108 5050 ut
1126 5001 1211 5051 ltine.
1229 5026 1261 5038 -
1280 5007 1316 5051 tu.
