3960 5654
168 590 170 597 Ι
203 525 206 529 ·
301 508 336 573 ‘o
700 509 1102 579 neevaucruosscuunuu
1123 530 1257 576 usacou.

315 662 516 741 testimoniisj
530 660 697 730 historicis
719 686 805 754 quae
826 667 1030 756 plerumque
1041 661 1111 748 ‘ipsi
1133 665 1306 731 traditioni
1326 662 1527 754 apostolicae
1546 661 1638 727 inni-

315 773 434 838 tuntur
447 774 578 839 constat
590 766 717 837 librum
737 772 827 838 bunc
843 769 1013 859 evangelii
1027 766 1070 833 ad
1082 773 1227 838 Marcum
1241 771 1438 857 scriptorem
1453 776 1486 834 et
1502 772 1637 834 Petrum

313 897 427 969 rerum
447 881 566 941 testem
588 880 621 940 et
636 884 847 944 narratorem
862 900 933 945 esse
951 874 1179 945 referendum.
1203 877 1315 941 Totius
1336 875 1546 965 antiquitatis
1562 895 1638 939 sen·

312 984 454 1051 tentiam
478 981 601 1047 merito
627 985 674 1050 ita
688 983 926 1072 complectitur
954 984 1205 1068 Hieronymus:
1238 986 1366 1048 llarcus
1391 981 1578 1071 discipulus
1604 985 1638 1045 et

217 1104 220 1111 '
311 1089 479 1174 interpres
490 1090 580 1155 Petri
600 1091 695 1155 iuxta
708 1087 803 1179 quod
818 1092 954 1157 Petrum
970 1089 1172 1156 referentem
1190 1088 1345 1154 audierat
1359 1097 1497 1172 rogatus
1514 1093 1637 1154 Romae

311 1216 333 1260 a
350 1193 516 1260 fratribus
533 1195 637 1262 breve
654 1195 787 1283 scripsit
804 1196 1032 1283 evangelium.
1053 1196 1146 1272 Quod
1163 1216 1239 1262 cum
1260 1197 1376 1258 Petrus
1394 1194 1543 1259 audisset
1558 1216 1638 1283 pro-

311 1298 404 1365 bavit
418 1305 451 1368 et
466 1301 631 1368 Ecclesiae
645 1298 831 1385 legendum
843 1323 905 1370 sua
916 1301 1116 1368 auctoritate
1129 1301 1240 1379 dedit,
1256 1301 1343 1366 sicut
1358 1299 1475 1366 scribit
1485 1299 1638 1366 Clemens

215 1444 216 1447 ¹
311 1406 348 1471 in
363 1412 455 1474 serto
473 1405 695 1470 treverenses
714 1406 804 1474 libro
817 1414 851 1476 et
866 1409 1003 1496 Papias,
1022 1406 1290 1499 hieropolitanus
1307 1407 1483 1496 episcopus
1499 1405 1555 1493 (de
1563 1406 1634 1500 sir.

310 1511 415 1580 illust.
433 1521 470 1595 83
492 1513 540 1580 cf:
554 1511 689 1599 Prolog.
705 1512 741 1578 in
757 1515 886 1594 natan,
904 1514 1002 1603 epist.
1020 1513 1064 1580 ad
1084 1515 1199 1581 lledib.
1220 1515 1366 1602 120,11).

492 1735 494 1740 ’
563 1785 567 1791 .
610 1747 652 1798 11.
673 1774 708 1782 -
725 1747 774 1798 De
792 1748 966 1812 evaugelio
984 1750 1162 1801 secundam
1181 1750 1342 1802 Marem.

172 1947 175 1951 ’
274 2017 276 2020 ,
352 1944 424 2006 Duo
439 1939 554 2028 itaque
567 1939 751 2007 traditione
760 1941 996 2031 antiquissima
1011 1950 1219 2020 asseruntur,
1237 1945 1383 2008 llarcum
1397 1942 1569 2030 scripsisse
1587 1963 1636 2007 se-

306 2045 457 2113 cundum
471 2066 610 2136 eaquae
626 2051 763 2114 Petrum
776 2047 978 2115 referentem
992 2047 1162 2127 audierat,
1179 2070 1325 2138 eumque
1338 2052 1464 2114 Romae
1479 2049 1635 2115 Romanis

307 2151 526 2238 evangelium
550 2152 706 2221 edidisse.
724 2158 794 2221 lam
809 2154 893 2220 haec
905 2153 975 2219 duo
989 2154 1030 2220 iis
1050 2162 1244 2241 congruunt
1257 2155 1365 2244 iisque
1387 2155 1635 2220 confirmantur

307 2280 396 2347 quae
409 2259 540 2326 ratione
550 2266 583 2327 et
595 2259 711 2326 indole
720 2260 890 2347 evangelii
900 2261 1091 2327 accuratius
1099 2262 1310 2328 considerata
1320 2260 1634 2351 deprehenduntur.

349 2370 389 2433 Et
401 2366 513 2455 primo
528 2366 670 2456 quidem
687 2368 752 2434 hoc
764 2367 982 2453 evangelium
998 2368 1119 2434 merito
1134 2368 1263 2434 dictum
1277 2374 1326 2435 est
1337 2369 1521 2457 petrinum.
1538 2372 1633 2446 Nam,

306 2478 344 2540 ut
366 2494 387 2539 a
405 2473 561 2559 generali
582 2470 732 2563 quadam
747 2475 878 2542 ratione
893 2479 927 2540 et
939 2473 1164 2564 descriptione
1184 2475 1403 2565 incipiamus,
1427 2480 1541 2541 Petrus
1556 2497 1636 2541 suae

305 2579 568 2669 praedicationis
587 2580 733 2647 formam
756 2581 908 2648 breviter
928 2581 1084 2667 designat
1102 2589 1173 2649 Act.
1193 2588 1271 2660 1,Ξῖ
1293 2588 1326 2648 et
1347 2588 1446 2660 1037
1464 2604 1549 2669 seq,
1568 2603 1637 2669 qua

305 2685 376 2753 scil.
402 2687 538 2753 initium
561 2688 717 2777 capiatur
738 2687 981 2777 abaptismate
1003 2689 1149 2770 loannis,
1171 2688 1250 2755 dein
1273 2694 1360 2755 lesus
1378 2688 1578 2754 exhibeatur
1600 2689 1635 2753 iu

305 2793 471 2875 Galilaea,
492 2800 615 2861 unctus
634 2795 764 2884 Spiritu
783 2800 900 2861 sancto
918 2802 952 2861 et
971 2795 1112 2874 virtute,
1130 2797 1357 2884 pertransiens
1372 2794 1633 2874 benefaciendo,

303 2920 426 2967 sanans
446 2922 565 2967 omnes
584 2923 763 2991 oppressos
787 2901 982 2983 adiabolo,
1005 2924 1108 2991 quem
1131 2902 1316 2968 occiderint
1336 2901 1578 2991 suspendentes
1598 2902 1632 2967 in

304 3005 417 3093 liguo,
439 3028 542 3096 quem
563 3012 648 3075 [teus
665 3009 878 3075 suscitaverit
899 3009 1000 3075 tertia
1018 3007 1074 3074 die
1096 3008 1297 3098 dederitque
1321 3009 1536 3076 manifestum
1559 3009 1634 3073 fieri

304 3113 445 3179 testibus
463 3113 731 3203 praeordinatis,
755 3115 816 3204 qui
838 3136 916 3181 suos
934 3114 1069 3181 iusserit
1093 3116 1308 3205 praedicare,
1333 3117 1393 3205 qui
1418 3115 1556 3181 tandem
1580 3136 1634 3180 as-

304 3225 459 3309 sumptus
475 3220 518 3286 sit
540 3219 625 3309 (Act.
651 3222 741 3307 132)
760 3227 793 3287 et
811 3220 927 3289 sedeat
947 3244 968 3287 a
991 3221 1116 3287 dextris
1136 3223 1193 3288 Dei
1215 3223 1245 3310 (1
1273 3227 1359 3289 Peto.
1385 3223 1492 3309 Μ).
1522 3227 1630 3310 Atque

304 3326 523 3414 evangelium
531 3327 593 3394 has
604 3326 709 3394 veluti
719 3328 827 3394 lineas
837 3334 869 3394 et
884 3329 976 3394 hanc
987 3330 1084 3417 quasi
1094 3329 1393 3395 adumbrationem
1409 3335 1566 3395 accurate
1581 3350 1633 3394 se-

304 3433 431 3524 quitur.
454 3433 608 3523 lucipita
625 3433 827 3524 baptismate
843 3434 934 3524 quod
953 3434 1161 3523 praedicavit
1180 3440 1337 3516 loannes,
1360 3439 1466 3501 lesum
1489 3435 1634 3500 ostendit

303 3545 546 3630 peragrantem
570 3540 756 3607 Galilaeam
770 3546 804 3608 et
818 3541 976 3630 plurimis
989 3543 1221 3608 sanationibus
1237 3542 1507 3608 manifestantem
1530 3541 1634 3606 virtu-

303 3652 373 3713 tem
385 3646 552 3729 divinam,
571 3668 682 3736 neque
697 3646 792 3713 aliud
806 3654 856 3714 est
870 3647 1103 3734 evangelium,
1124 3649 1158 3713 in
1177 3670 1244 3736 quo
1265 3655 1314 3714 tot
1334 3649 1525 3714 referantur
1549 3648 1635 3713 eiec-

305 3754 414 3822 tiones
425 3752 643 3820 daemonum.
655 3757 693 3819 lu
704 3753 825 3819 ultima
834 3760 931 3844 parte
943 3753 1112 3840 evangelii
1123 3761 1282 3820 narratur
1300 3753 1497 3820 mandatum
1512 3754 1634 3820 Christi

304 3859 540 3950 praedicandi,
560 3860 635 3926 eius
648 3860 685 3925 in
697 3860 808 3927 coelos
820 3861 1005 3949 assumptio
1018 3868 1051 3926 et
1064 3861 1165 3927 sessio
1178 3883 1199 3926 a
1216 3860 1340 3926 dextris
1356 3863 1430 3940 Dei3
1454 3882 1540 3948 quae
1557 3882 1633 3926 curn

304 3965 390 4033 adeo
400 3971 558 4033 accurate
569 3966 798 4056 respondeant
810 3966 970 4033 formaea
986 3972 1083 4033 Petro
1093 3966 1310 4053 designatae,
1330 3968 1431 4033 simul
1449 3974 1634 4033 extremam

305 4073 475 4160 evangelii
491 4079 624 4163 partem
641 4079 777 4154 ssas-20
792 4096 814 4140 a
829 4073 1013 4140 multorum
1030 4075 1285 4163 oppugnatione
1300 4074 1439 4160 egregie
1456 4072 1632 4139 vindicant

306 4178 363 4269 (de
377 4202 446 4269 qua
465 4202 501 4247 re
520 4179 599 4246 vide
618 4181 720 4270 plura
737 4181 774 4246 in
791 4187 975 4247 comment.
998 4186 1072 4270 post
1093 4180 1221 4267 loeo).

314 4337 315 4340 ,
348 4288 401 4355 Uti
414 4287 451 4353 in
463 4285 617 4373 generali
634 4288 698 4354 hac
709 4287 821 4354 forma
837 4288 1039 4376 exprimitur
1051 4287 1257 4376 praedicatio
1272 4288 1378 4364 Petri,
1400 4288 1447 4352 ita
1470 4287 1503 4351 in
1522 4287 1631 4375 pluri-

305 4394 369 4460 mis
383 4398 498 4460 Petrus
511 4394 679 4480 singulari
693 4394 843 4484 quodam
856 4393 956 4459 modo
973 4395 1084 4459 locum
1100 4394 1229 4459 obtinet
1243 4395 1476 4482 praecipuum.
1498 4393 1631 4458 locatio

304 4501 394 4568 Petri
412 4499 524 4589 primo
538 4506 700 4567 narratur
723 4507 819 4582 1,1e;
838 4521 1046 4586 esynagoga
1062 4504 1149 4565 lesus
1167 4499 1306 4564 venitin
1321 4498 1463 4566 domum
1485 4500 1629 4565 Simonis

304 4612 400 4689 ¹393
417 4606 548 4672 sanatio
563 4628 680 4673 socrus
701 4607 848 4675 Simonis
867 4609 1056 4673 accuratius
1077 4612 1236 4672 narratur
1250 4613 1282 4670 et
1299 4605 1511 4692 diligentius,
1533 4607 1579 4670 ita
1593 4613 1629 4671 ut

304 4714 364 4803 qui
377 4713 450 4803 ipse
465 4712 550 4778 vidit
562 4717 596 4780 et
607 4713 760 4780 interfuit
770 4714 889 4780 referri
901 4714 985 4780 solet
1000 4736 1007 4777 :
1025 4713 1136 4778 statim
1150 4711 1268 4779 dicunt
1281 4714 1310 4778 ei
1323 4712 1364 4778 de
1379 4736 1418 4778 ea
1434 4713 1525 4799 (cum
1542 4717 1629 4778 lesus

302 4820 478 4909 intraret),
500 4824 588 4886 lesus
602 4819 766 4887 accedens
780 4820 924 4887 elevavit
942 4841 1018 4886 earn
1035 4821 1247 4909 apprehensa
1267 4842 1367 4886 manu
1383 4821 1472 4897 eius;
1491 4841 1631 4908 vespere

303 4928 408 5016 (fama
431 4925 473 5004 de
487 4926 664 4998 sanatione
680 4928 810 5017 sparsa)
831 4928 940 4993 omnis
959 4927 1077 4992 civitas
1098 4934 1171 4992 crat
1187 4933 1396 5013 congregata
1410 4926 1455 4991 ad
1473 4928 1625 5000 ianuam;
