3960 5654
41 124 408 147 ..¹⁴2'.w'·*,1*,>,.
465 137 467 140 v
559 134 588 141 n.
663 133 666 143 ι
820 138 824 145 .
906 138 938 149 ⁴„

0 128 733 219 '‘gtffi'gpfff7¹2⁴·iei'ffildnz'>{fdi'isi‘iffiilffi'',·‘¹2','⁴.5··‚··³:'‹'¹
753 142 902 195 .3.m“‘;..··‹,··‘22
920 144 940 183 i,
963 176 967 186 ,
1026 185 1030 193 ι
1066 168 1069 185 ,
1091 178 1096 186 ,
1125 146 1289 192 -,„;·¹5‘;‚‘,0···,
1302 152 1459 190 ,umwffif
1472 134 1642 191 ,κὴῧᾞιέ

0 164 234 263 ffsssth'a‘fftssj'
251 190 321 214 ¹‘
331 188 535 249 ',.',{:‚-.;·3¹12·‚,·³;,.·.'.
561 193 631 239 ζμ,
663 204 665 208 ”
707 193 731 230 .’
780 212 783 219 ’
879 200 885 207 “
1023 194 1049 213 “’
1069 190 1077 201 ⁵
1113 190 1136 212 '⁶'
1332 190 1358 216 '¹
1388 207 1392 219 ¹
1416 206 1420 215 ⁴
1542 194 1556 222 '¹
1607 197 1645 236 “’.

2 269 25 282 ,Ι
60 279 78 290 ,,
152 268 162 281 ο

132 434 207 541 ἐιη
474 459 476 462 ’
662 435 665 442 ’
701 494 793 540 mac.
815 480 845 546 s,
868 477 930 536 aa.

145 632 265 712 gloriae
280 633 415 693 futurae.
437 624 552 686 bierito
569 628 724 688 exclamat
739 626 825 687 Beda
841 645 851 685 :
867 649 881 679 «
896 643 914 686 o
928 638 1046 705 quanta
1060 629 1196 691 felicitas
1218 629 1332 691 visioni
1349 629 1481 691 Deitatis

146 731 230 793 inter
241 727 429 808 angelorum
441 723 556 784 choros
570 725 681 786 adesse
697 730 865 805 perpetuo,
879 726 904 784 si
921 730 1045 789 tantum
1057 727 1278 805 transfigurata
1293 727 1407 789 Christi
1423 727 1483 787 hu-

145 809 281 890 manitas
295 824 498 899 duorumque
512 824 646 885 societas
659 831 842 885 sanctorum
855 822 894 882 ad
909 832 1063 901 punctum
1080 825 1148 884 visa
1161 823 1308 896 delectet,
1325 829 1360 887 ut
1375 841 1429 884 eos
1442 842 1481 884 nc

145 923 310 988 discedant
324 918 421 981 etiam
437 920 593 999 obsequio
607 921 720 982 Petrus
734 922 846 980 sistere
861 921 952 994 velit,
966 925 1020 1002 qui
1035 923 1094 983 etsi
1108 940 1165 1001 pro
1179 930 1308 1000 stupore
1324 924 1482 984 humanae

143 1019 326 1101 tragilitatis
348 1018 470 1079 nesciat
493 1017 572 1097 quid
596 1018 695 1089 dicat,
721 1017 808 1078 insiti
834 1023 939 1079 tamen
959 1021 1018 1080 sibi
1040 1019 1093 1080 dat
1115 1021 1246 1080 allectus
1271 1021 1427 1081 indicium
1453 1045 1480 1076 »-

102 1177 105 1182 .
145 1119 245 1196 ldque
261 1117 342 1178 bene
362 1133 489 1196 quoque
505 1115 593 1176 lons.
611 1115 780 1193 perpendit
797 1132 804 1174 :
820 1139 835 1170 «
857 1117 883 1176 si
904 1119 989 1178 enim
1010 1118 1194 1195 temporalis
1217 1117 1295 1177 haec
1313 1124 1345 1179 et
1364 1119 1483 1195 imper-

10 1245 31 1283 -,
145 1215 228 1278 tecta
241 1214 361 1293 gloriae
381 1213 498 1276 Christi
513 1212 654 1273 ostensio
673 1217 758 1272 tanta
773 1212 935 1291 voluptate
955 1215 1221 1292 conspicientium
1239 1220 1362 1276 mentes
1377 1216 1482 1294 periu-

19 1331 22 1336 ·
70 1368 73 1373 .
145 1312 208 1385 dit,
225 1317 263 1373 ut
276 1313 424 1374 omnium
443 1311 508 1372 iam
527 1308 620 1370 obliti
640 1315 728 1369 extra
745 1327 778 1370 se
797 1316 981 1389 raperentur
995 1316 1028 1372 et
1047 1314 1195 1374 omnibus
1216 1313 1404 1391 posthabitis
1423 1313 1482 1373 hac

145 1409 213 1472 sola
224 1427 354 1489 semper
368 1407 676 1477 lrui'desiderarent,
694 1400 790 1484 quam
806 1409 906 1470 solida
921 1409 1069 1488 voluptas
1082 1412 1245 1488 continget
1261 1412 1390 1480 sanctis,
1407 1426 1481 1470 eum

145 1508 254 1586 ipsum
273 1507 449 1569 Dominum
464 1504 619 1565 videbunt
635 1505 667 1563 in
688 1504 801 1568 decore
821 1508 911 1586 regni
932 1508 999 1579 sui,
1016 1526 1080 1568 non
1095 1508 1222 1569 duobus
1241 1509 1407 1586 stipatum,
1425 1508 1482 1566 sed

24 1620 28 1624 ’
144 1604 307 1667 immensa
330 1604 518 1683 angelorum
538 1608 571 1663 et
596 1608 780 1663 sanctorum
803 1603 1023 1675 multitudine,
1045 1623 1104 1667 nec
1124 1606 1333 1666 humanitatis
1358 1610 1481 1665 tantum

145 1703 282 1784 gloriam
301 1701 573 1780 contemplantes,
589 1699 646 1761 sed
665 1700 767 1779 ipsam
785 1702 882 1762 ctiam
902 1703 971 1762 eius
991 1703 1194 1764 divinitatem
1215 1703 1293 1764 facie
1313 1703 1481 1763 adfaciem

145 1800 381 1880 conspicientes
397 1799 434 1858 »t

193 2010 547 2098 Transfigurationcm
567 2010 691 2077 factam
705 2032 775 2077 esse
793 2013 992 2102 cumprimis
1009 2013 1240 2102 apostolorum
1256 2035 1356 2079 causa
1372 2011 1482 2079 elucet

66 2146 84 2184 z
146 2125 221 2187 tum
240 2141 281 2185 ex
304 2140 344 2185 eo
365 2115 460 2207 quod
478 2120 605 2204 Moyses
621 2122 655 2184 et
678 2117 765 2184 Elias
783 2117 1070 2207 colloquebantur
1091 2142 1168 2185 cum
1191 2125 1262 2185 lesu
1283 2119 1326 2185 de
1347 2140 1481 2186 excessu

149 2245 254 2315 quem
269 2221 503 2314 completurus
519 2226 594 2290 erat
614 2224 650 2289 in
672 2223 852 2290 ierusalem
866 2228 958 2312 (Luc.
976 2225 1083 2314 aet),
1102 2233 1175 2292 tum
1193 2249 1232 2292 ex
1254 2226 1480 2292 testimonioa

146 2334 245 2400 Patre
260 2330 341 2398 dato
352 2335 418 2397 v.-6
429 2343 463 2397 et
472 2330 568 2418 sacto
581 2341 629 2396 est
643 2328 750 2396 nubes
763 2329 966 2397 obumbrans
976 2353 1048 2412 eos,
1063 2332 1098 2398 in
1114 2333 1207 2399 nubo
1221 2339 1335 2399 autem
1348 2355 1483 2422 semper

40 2468 42 2472 ·
145 2441 291 2528 apparet
309 2442 396 2504 Deus
422 2436 542 2522 (Vict.;
561 2436 681 2503 cilix.
705 2442 821 2520 ti,2t;
846 2444 944 2517 16,10
963 2445 1028 2504 etc.
1052 2442 1129 2506 Lev.
1155 2446 1245 2518 tae.
1271 2444 1368 2504 Num.
1386 2445 1479 2517 9,15.

145 2548 254 2618 licut„
268 2549 382 2628 stus.
407 2548 458 2611 es.
488 2548 607 2637 17,1o;
631 2549 727 2625 9⁶22}
746 2549 894 2625 103‚3.3
917 2548 997 2631 Reg.
1016 2550 1094 2621 8,10
1112 2548 1192 2633 otc.)
1207 2558 1239 2612 et
1256 2546 1345 2612 uenit
1361 2569 1426 2611 voc
1440 2544 1482 2610 de

145 2650 234 2719 nube
253 2649 368 2718 dicens
386 2650 468 2718 :tic
484 2662 532 2717 cst
545 2648 656 2717 Filius
674 2672 768 2717 meets
784 2651 994 2730 carissimus,
1009 2651 1125 2718 credite
1144 2651 1263 2734 illum,
1286 2681 1301 2712 «
1325 2653 1406 2741 quia
1419 2675 1484 2718 nu·

144 2754 206 2824 bes
220 2758 306 2825 haec
322 2757 379 2824 uei
393 2759 623 2847 praesentiam
645 2756 846 2836 declaravit,
866 2779 928 2824 vox
953 2759 1059 2824 Patris
1077 2781 1095 2825 e
1117 2760 1209 2825 nube
1229 2760 1354 2826 dicitur
1372 2759 1478 2837 laem,

146 2884 236 2953 quae
250 2884 321 2931 nou
330 2863 551 2953 itapotuisset
563 2863 722 2950 cognosci
734 2864 830 2931 cuius
841 2864 976 2946 fuisset,
989 2863 1171 2931 nisinubes
1187 2867 1243 2932 Dei
1255 2866 1481 2955 praesentiam

145 2969 410 3038 declaravisset»
429 2970 561 3059 (Iam).
574 2970 784 3059 Eumitaque
800 2971 860 3058 qui
874 2970 917 3037 de
929 2993 990 3038 sua
1000 2972 1154 3060 passione
1174 2979 1207 3038 et
1223 2980 1331 3038 morte
1345 2993 1482 3038 annun-

145 3076 291 3144 tiaverat
305 3079 404 3143 Pater
416 3074 571 3143 declarat
583 3075 705 3142 Filium
718 3098 818 3143 suum
833 3077 1011 3160 dilectum,
1024 3074 1197 3167 ἀγαπητόν,
1214 3101 1282 3167 qua
1298 3100 1377 3145 voce
1388 3077 1481 3168 apud

146 3186 228 3251 LXX
250 3184 385 3273 saepius
406 3182 564 3249 redditur
585 3182 685 3250 hebr.
703 3198 773 3274 rant,
787 3183 924 3263 unicus,
946 3185 1158 3274 anthemium
1183 3184 1275 3250 unde
1296 3184 1389 3251 haud
1416 3185 1481 3250 im-

146 3290 269 3359 merito
285 3287 429 3357 reddere
450 3289 557 3378 possis
578 3310 586 3355 :
608 3288 665 3355 hic
687 3296 736 3355 est
757 3289 856 3356 Filius
880 3311 974 3356 meus
993 3291 1208 3376 unigenitus;
1230 3291 1307 3356 vide
1329 3313 1417 3379 quae
1436 3290 1481 3357 ad

146 3396 262 3464 ttatth.
273 3402 353 3478 3,ss
365 3394 538 3463 adnotavi.
552 3400 646 3462 llunc
657 3397 717 3485 qui
733 3395 775 3462 do
787 3397 957 3485 passione,
969 3404 1077 3463 morte
1087 3419 1165 3477 sua,
1182 3397 1224 3463 dc
1239 3396 1479 3484 abnegatione,

32 3522 35 3526 ⁴
146 3501 189 3569 de
208 3523 309 3569 cruce
322 3501 457 3569 locutus
471 3506 560 3583 erat,
576 3500 666 3568 hunc
685 3507 724 3568 ut
737 3501 894 3578 audiant,
913 3509 950 3569 ut
964 3504 994 3569 ei
1007 3503 1163 3582 credant,
1184 3505 1213 3569 ei
1229 3504 1478 3593 obsequantur,

148 3607 311 3675 divinitus
328 3607 569 3677 admonentur.
592 3612 771 3675 Summum
792 3609 908 3698 itaque
931 3610 1162 3676 testimonium
1178 3610 1226 3675 cis
1243 3611 1438 3690 exhibetur,
1453 3610 1481 3676 si

145 3714 377 3781 testimonium
389 3714 569 3782 hominum
584 3715 784 3804 accipimus,
802 3716 1032 3782 testimonium
1048 3717 1104 3782 Dei
1117 3717 1224 3781 maius
1240 3723 1300 3781 est.
1316 3719 1383 3782 tlac
1400 3736 1481 3781 voce

147 3819 266 3889 divina
279 3821 526 3910 comprobatur
545 3821 707 3888 confessio
721 3823 827 3904 Petri,
845 3821 1112 3910 comprobantur
1126 3822 1232 3888 verba
1253 3823 1374 3888 Christi
1395 3821 1482 3889 :tibi

146 3928 312 3995 revelavit
324 3931 421 3995 Pater
437 3948 533 3994 mous
547 3927 607 4016 qui
621 3927 655 3993 in
673 3928 775 3994 coelis
790 3935 853 4011 est,
872 3928 1140 4017 comprobantur
1161 3950 1333 3994 sermones
1350 3934 1384 3995 et
1399 3928 1481 3994 doc-

143 4033 258 4101 trinae
282 4035 365 4102 eius.
393 4038 466 4102 lesu
490 4039 607 4100 autem
633 4032 746 4120 gloria
767 4041 944 4124 conspecta
963 4040 995 4099 et
1019 4036 1124 4101 Patris
1147 4034 1376 4101 declaratione
1394 4035 1480 4101 facta

146 4139 295 4207 habetur
309 4163 348 4208 ea
366 4162 455 4231 quae
472 4139 627 4206 hocloco
646 4139 890 4208 intendebatur
912 4139 1059 4206 eruditio
1073 4145 1106 4206 ei
1126 4141 1295 4207 institutio
1310 4140 1483 4230 apostolo-

147 4267 242 4328 rum;
262 4269 369 4337 quare
381 4270 413 4314 v.
433 4245 627 4313 'tetstatim
647 4246 952 4336 circumspicientes
968 4247 1136 4313 nemr'uem
1156 4248 1307 4337 onrplius
1325 4246 1483 4313 uiderunt
1556 4318 1560 4327 ,

146 4352 215 4419 nisi
230 4353 342 4420 Iesum
364 4366 499 4421 tontum
521 4374 652 4433 secum,
674 4351 797 4420 habitu
816 4377 877 4420 suo
901 4361 933 4419 et
952 4352 1048 4420 vultu
1069 4360 1240 4421 consueto.
1267 4355 1317 4421 Uti
1340 4359 1429 4420 lesus
1446 4355 1480 4420 iu

146 4458 234 4526 valle
244 4458 465 4528 lacrimarum
477 4482 539 4549 par
550 4461 651 4528 breve
663 4458 773 4526 solum
783 4464 918 4550 tempus
925 4458 1072 4546 gloriam
1086 4464 1238 4551 corporis
1251 4461 1316 4527 sibi
1328 4460 1480 4526 debitam

147 4564 286 4647 hahuit,
303 4567 351 4633 ita
366 4568 426 4657 qui
442 4567 598 4656 proxime
614 4588 693 4633 eum
714 4572 914 4655 sequuntur,
934 4588 1011 4633 raro
1031 4574 1062 4633 et
1079 4590 1140 4657 per
1156 4568 1257 4633 lireve
1273 4574 1406 4654 tempus
1421 4567 1481 4632 de-

148 4671 234 4738 liciis
252 4671 453 4740 coelestibus
468 4673 560 4740 hisce
572 4673 610 4739 in
626 4674 726 4740 terris
738 4677 946 4739 recreantur.

148 4833 153 4840 .
193 4782 280 4844 ilaec
303 4784 418 4844 autem
435 4802 585 4868 quorum
609 4785 709 4846 testes
728 4786 825 4846 erant
845 4781 999 4869 proxime
1024 4781 1064 4846 iis
1087 4780 1168 4848 solis
1188 4781 1231 4846 ad
1251 4780 1431 4847 utilitatem
1448 4786 1481 4846 et

146 4883 396 4955 institutionem
416 4886 566 4953 exhibita
582 4893 661 4953 sunt
680 4909 712 4953 v,
731 4895 751 4955 8
769 4899 801 4952 et
815 4885 1087 4953 descendentibus
1109 4886 1174 4953 illis
1194 4887 1234 4953 ele
1254 4901 1365 4954 irrorate
1383 4909 1482 4976 prac-
