3960 5654
882 377 974 422 uine.
1000 361 1049 432 tt,
1072 362 1121 421 ii.
1610 363 1669 420 429

336 512 458 579 Christi
482 529 605 597 corpus
629 528 825 597 magnaque
851 532 927 577 eum
954 508 1021 575 fide
1052 510 1207 598 sepulcro
1237 507 1466 575 condiderunt
1499 516 1668 577 testantur

334 624 496 708 quattuor
524 615 755 703 evangelistae
781 636 928 704 quorum
968 618 1203 704 unusquisque
1238 636 1308 679 non
1338 615 1469 702 putavit
1498 618 1585 682 lianc
1615 616 1668 682 hi-

334 724 474 791 storiam
494 720 559 786 sibi
581 745 652 789 esse
667 721 800 787 silentio
816 720 1097 810 supprimendam
1120 750 1135 778 ν
1159 719 1369 808 (Salmone,
1393 728 1488 785 tract.
1514 724 1581 810 iti).
1607 729 1669 789 Ne-

334 827 533 919 queminus
558 827 851 897 commendandae
874 834 954 894 sunt
978 830 1055 917 piae
1077 827 1238 893 mulieres
1262 850 1349 916 quae
1371 828 1456 893 sieut
1482 827 1614 894 Christo
1636 831 1668 895 in

333 956 433 1002 cruce
454 934 618 1022 pendenti
637 933 842 1002 adstiterunt
859 935 906 1000 ita
925 935 969 1000 ab
989 958 1029 1000 eo
1051 935 1086 999 in
1106 934 1263 1022 sepulcro
1280 933 1417 999 condito
1433 935 1582 1022 separari
1600 957 1669 1000 non

332 1062 429 1132 posse
447 1040 608 1109 videntur
624 1063 654 1106 v.
678 1042 978 1108 cruentantem
997 1039 1201 1130 Mopdulene
1218 1052 1250 1106 et
1271 1041 1383 1105 Mario
1404 1040 1538 1129 loseph,
1561 1034 1669 1109 Ἰωσῆ-

332 1169 401 1228 τος,
423 1148 633 1236 aspiciebant
661 1145 722 1213 uti
737 1160 926 1238 poneretur
939 1143 1072 1211 τέθειται
1099 1147 1158 1213 ubi
1187 1148 1316 1235 positus
1342 1152 1441 1224 esset3
1471 1149 1530 1235 qui
1559 1149 1668 1236 ipsum

332 1253 400 1319 iam
427 1276 495 1321 non
514 1239 656 1345 possunt
673 1253 916 1343 contemplari,
939 1276 1056 1350 amore
1079 1259 1112 1320 et
1134 1252 1254 1319 dolore
1275 1254 1430 1342 pertusae
1450 1254 1564 1319 oeulos
1586 1255 1668 1319 lixos

332 1359 461 1427 hahent
479 1362 528 1427 ibi
541 1361 600 1428 ubi
614 1364 704 1426 lesus
718 1360 876 1428 conditus
896 1360 994 1427 iacet.
1013 1365 1063 1426 lta
1076 1360 1149 1426 scil.
1173 1367 1220 1425 est
1238 1360 1445 1440 amantium,
1466 1360 1525 1448 qui
1541 1362 1568 1426 si
1582 1363 1668 1426 ami-

332 1487 391 1533 cus
406 1467 475 1534 iam
491 1490 560 1534 non
576 1465 680 1556 aspici
697 1474 808 1557 potest
825 1466 932 1532 oeulis
949 1474 1122 1556 quaerunt
1142 1466 1336 1547 absentem,
1353 1467 1458 1532 oeulis
1477 1475 1669 1555 sequuntur

331 1573 535 1655 abeuntem,
552 1573 668 1640 oculos
683 1574 883 1663 animosque
897 1580 1042 1663 pascunt
1056 1572 1342 1662 contemplatione
1359 1595 1475 1639 eorum
1493 1595 1580 1662 quae
1597 1575 1669 1639 eius

332 1680 531 1746 memoriam
552 1686 723 1762 revocant.
747 1681 904 1769 Plerique
925 1686 1042 1747 tamen
1066 1679 1141 1746 ideo
1166 1679 1333 1769 aspexisse
1355 1702 1411 1745 eas
1429 1679 1612 1769 explicant,
1632 1689 1669 1746 ut

332 1775 485 1873 congruo
505 1789 656 1876 tempore
678 1785 829 1853 redirent
847 1785 893 1852 ad
910 1786 1106 1876 sepulerum
1134 1792 1167 1852 et
1194 1792 1364 1872 ungerent
1385 1808 1508 1874 corpus
1532 1791 1602 1853 lesu
1623 1788 1669 1852 ol·

331 1891 449 1959 licium
458 1893 593 1984 pietatis
609 1899 643 1960 et
655 1876 843 1960 deuotionis
858 1893 972 1960 funeri
987 1893 1226 1982 impendentes
1243 1892 1338 1980 (ned.
1353 1891 1429 1959 Ati.
1444 1893 1552 1959 Salui.
1570 1894 1666 1981 Fit).

332 2003 456 2065 Verum
476 1999 688 2066 solummodo
702 1999 814 2066 locum
829 2005 975 2083 notasse,
993 2005 1032 2065 ut
1053 2006 1168 2088 postea
1183 1999 1245 2065 rite
1265 2021 1344 2065 eum
1364 1999 1566 2080 invenirent,
1579 2007 1668 2066 certe

331 2105 433 2171 nimis
451 2105 604 2172 ieiunum
622 2111 686 2186 est;
709 2107 828 2173 saltem
852 2105 933 2173 addi
957 2105 1059 2172 debet
1078 2127 1134 2173 eas
1156 2106 1317 2172 constitui
1345 2111 1442 2172 testes
1462 2107 1509 2171 uti
1531 2108 1665 2178 mortis.

331 2212 379 2278 ita
397 2213 606 2301 sepulturae,
638 2236 707 2302 quo
733 2212 889 2279 meliores
913 2235 1050 2302 quoque
1071 2212 1257 2279 evaderent
1281 2219 1378 2279 testes
1399 2213 1664 2279 resurrectionis.

332 2318 399 2385 Sed
415 2319 450 2384 in
466 2315 603 2407 ἐθεώρουν
622 2320 718 2410 prius
736 2317 824 2385 illud
844 2320 988 2410 exprimi
1008 2341 1129 2386 censeo
1149 2342 1205 2385 eas
1229 2341 1356 2404 magno
1379 2341 1454 2385 eum
1486 2324 1555 2385 lesu
1579 2319 1666 2385 dosi-

332 2423 428 2493 derio
454 2427 699 2517 contemplatus
722 2448 791 2492 esse
812 2425 883 2492 eius
906 2425 1102 2515 sepulcrum
1132 2433 1165 2491 et
1188 2426 1255 2491 iam
1282 2447 1343 2490 suo
1365 2426 1517 2514 exemplo
1545 2435 1578 2490 et
1607 2449 1667 2493 sua

330 2530 511 2600 devotione
527 2535 674 2623 praeisse
690 2532 850 2599 omnibus
874 2533 1020 2622 illisqui
1042 2554 1105 2621 per
1125 2532 1262 2598 saecula
1284 2553 1352 2597 non
1376 2532 1582 2597 verebantur
1607 2553 1667 2598 nec

331 2640 614 2706 verentursuhire
628 2640 760 2706 itineris
779 2639 874 2724 longi
893 2640 1079 2720 molestias,
1103 2646 1140 2704 ut
1158 2638 1222 2726 ipsi
1246 2660 1382 2726 quoque
1397 2638 1588 2726 aspicerent
1608 2639 1664 2704 ubi

331 2746 566 2833 positusesset.

786 2916 931 2976 TERTIA
953 2915 1053 2976 PARS
1077 2916 1214 2986 iul-io,

554 3095 579 3163 ο)
599 3096 749 3159 Angelus
768 3096 949 3148 annuntiat
968 3096 1078 3147 Iesum
1098 3096 1292 3146 surrexisse
1317 3096 1438 3157 16‚1·8.

370 3274 441 3334 16,i.
467 3273 607 3338 thuum
633 3276 781 3325 transisset
806 3274 968 3332 sabbatum,

331 3364 418 3415 Maria
441 3363 620 3426 Magdaiene,
646 3367 675 3413 et
697 3363 785 3414 Maria
810 3363 917 3423 iacobi,
943 3368 971 3413 et

333 3452 445 3503 Salome
461 3456 588 3503 emerunt
608 3457 749 3512 aromata,
779 3455 810 3502 ut
826 3454 971 3503 venientes

1062 3273 1132 3331 lG‚l.
1164 3269 1212 3321 Καὶ
1239 3271 1416 3338 διαγενομένου
1450 3275 1494 3320 τοῦ
1528 3270 1666 3331 redditos,

1022 3357 1146 3428 Μαρίαίγ
1179 3356 1336 3430 Μαγδαληνὴ
1375 3359 1415 3409 καὶ
1451 3358 1534 3428 θΙαρὲα
1570 3357 1585 3425 η
1625 3365 1668 3410 τοῦ

1025 3445 1145 3498 'laudidus
1173 3449 1216 3499 καὶ
1247 3448 1357 3517 Σαλώμη
1381 3446 1506 3517 ἠγόρασαν
1528 3447 1662 3518 σίριίνματα,

331 3546 468 3606 ungerent
483 3541 585 3591 Iesum.
612 3541 638 3590 i.
656 3541 691 3591 iit
707 3541 789 3591 valde
810 3553 893 3591 mane
914 3554 971 3590 una
1020 3535 1200 3588 lectitatum
1220 3537 1356 3607 ἀλείψωσιν
1380 3537 1465 3590 αὐτόν.
1487 3540 1513 3590 i.
1542 3537 1583 3587 καὶ
1608 3537 1667 3588 λίαν

331 3631 524 3690 sabbatorum,
554 3631 672 3680 veniunt
693 3629 728 3680 ad
761 3631 970 3680 monumentum

332 3722 393 3770 orto
407 3721 463 3770 iem
472 3719 540 3769 sole.
556 3719 580 3768 3.
594 3718 629 3769 Et
641 3700 771 3769 dicebant
783 3720 818 3768 ad
833 3720 969 3769 invicem:

333 3809 404 3868 Quis
426 3808 551 3859 revolvet
577 3809 658 3858 nobis
691 3807 811 3870 lapidem
839 3807 971 3857 attostio

332 3896 523 3948 monumenti?
544 3897 568 3946 i.
589 3897 624 3947 Et
642 3898 824 3960 respicientes
843 3896 973 3947 viderunt

331 3986 490 4036 revolutum
502 3985 633 4048 lapidem.
651 3985 718 4035 Erat
731 3987 834 4050 quippe
854 3999 973 4050 magnus

332 4075 424 4124 valde.
443 4076 467 4124 5.
483 4073 517 4123 Et
536 4075 748 4125 introeuntesin
762 4078 972 4126 monumentum

331 4163 461 4213 viderunt
483 4164 612 4212 iuvenem
634 4163 777 4214 sedentem
801 4164 971 4224 in'dextris,

331 4255 495 4315 coopertum
515 4252 588 4301 stola
609 4251 742 4313 candida,
768 4255 796 4303 et
821 4254 972 4317 obstupue-

333 4347 408 4392 runt.

365 4430 391 4480 6.
410 4430 464 4490 Qui
476 4432 543 4482 dieii
558 4432 613 4482 illis
636 4445 643 4481 :
660 4432 756 4482 Nolite
769 4445 972 4495 expavescere,

336 4520 428 4570 iesum
444 4522 779 4584 quaeritisNazarenum,
791 4521 954 4573 crucifixum
967 4535 973 4570 :

336 4612 469 4669 surrexit,
492 4623 547 4660 non
571 4617 613 4661 est
640 4612 699 4672 hie;
726 4623 791 4661 eree
821 4613 899 4662 loeus
927 4613 974 4662 ubi

332 4704 485 4763 posuerunt
499 4712 572 4749 eum.
595 4700 620 4749 7.
634 4700 690 4751 Sed
707 4702 759 4760 ite,
784 4699 868 4751 dieite
891 4701 975 4752 disci-

334 4790 406 4852 pulis
428 4791 501 4849 eius,
524 4794 552 4839 et
573 4789 669 4852 Petro,
690 4791 757 4855 quia
770 4791 913 4854 praecedit
926 4805 977 4842 vos

1022 3625 1086 3694 πρωὶ
1110 3629 1155 3695 pu}
1181 3632 1230 3678 τῶν
1266 3626 1396 3678 uaticinos
1426 3626 1543 3695 ippolitus
1573 3627 1611 3678 ἐπὶ
1639 3628 1667 3678 το

1023 3719 1161 3785 μνημεῖον,
1189 3715 1364 3776 ἀνατείλαντος
1393 3721 1435 3767 τοῦ
1463 3715 1546 3778 ἡλίου.
1568 3720 1597 3767 3.
1624 3718 1663 3767 καὶ

1022 3803 1113 3873 ἔλεγον
1138 3805 1198 3874 πρὸς
1234 3805 1334 3865 ἑαυτὰς,
1362 3805 1403 3864 Τίς
1431 3804 1575 3856 ἀποκυλίσει
1605 3804 1667 3873 ημῖν

1022 3893 1065 3945 τὸν
1084 3895 1154 3946 λίθον
1175 3894 1201 3946 ἐν.
1229 3899 1271 3959 τῆς
1298 3895 1369 3963 θύρας
1398 3898 1440 3946 τοῦ
1471 3895 1605 3963 μνημείοις
1639 3899 1663 3947 ·'i.

1022 3982 1065 4034 καὶ
1090 3982 1258 4055 ἇναθλὲψασαι
1282 3985 1413 4052 θεωροῦσιν
1442 3985 1480 4035 ὅτι
1506 3983 1667 4034 ἀνακεκύλισ-

1023 4091 1063 4124 ται
1082 4072 1096 4124 d
1115 4073 1192 4133 λίθος·
1215 4068 1244 4138 ἦν
1265 4073 1312 4142 γὰρ
1334 4075 1408 4142 μέγας
1438 4073 1541 4141 σφόδρα.
1572 4079 1596 4125 5.
1629 4074 1669 4123 καὶ

1023 4159 1139 4213 ἐλθοῦσαι
1160 4160 1192 4223 εἷς
1216 4162 1244 4214 τ“ο
1274 4165 1411 4232 μνημεῖον,
1442 4159 1510 4212 εἶδον
1540 4163 1668 4214 νεανέσκον

1023 4252 1163 4321 καθήμενον
1193 4251 1218 4302 ἐν
1248 4255 1299 4311 τοῖς
1327 4253 1427 4313 δεξιοῖς,
1457 4252 1668 4319 περιὸεῆλημένον

1024 4339 1118 4405 στολὴν
1148 4342 1250 4406 λευκήν·
1282 4341 1323 4391 καὶ
1349 4340 1561 4408 ἔξεθαμίιξθησαν.
1596 4346 1624 4393 ti.
1655 4342 1669 4392 ὁ

1024 4433 1048 4482 δὲ
1072 4430 1140 4500 λέγει
1170 4430 1271 4493 αὖταῖς,
1301 4428 1341 4494 iii,
1369 4429 1542 4499 ἔκθαμίεῖσθε,
1572 4429 1667 4495 Ἰησοῦν

1025 4522 1122 4585 ζητεῖτε
1151 4520 1194 4572 τὸν
1224 4519 1369 4589 Ναζαρηνὸν
1402 4520 1445 4571 τον
1475 4518 1667 4588 ἐσταυρωμένον·

1025 4607 1133 4680 ἠγέρθη,
1153 4609 1197 4662 οὖν.
1219 4609 1284 4662 ἔστιν
1310 4607 1369 4661 ὦδε·
1401 4609 1437 4661 ἴδε
1464 4609 1477 4660 θ
1508 4612 1580 4668 τόπος
1608 4611 1669 4659 ὅπου

1027 4697 1118 4765 ἔθηκαν
1147 4700 1231 4754 αὐτόν.
1264 4705 1289 4751 7.
1331 4697 1392 4748 ἀλλ’
1427 4699 1549 4767 izi-52³2,
1587 4696 1668 4749 εἴπατε

1028 4791 1078 4848 τοῖς
1106 4790 1228 4861 μαθηταῖς
1261 4789 1334 4841 xixo-3
1373 4788 1414 4839 καὶ
1440 4795 1474 4858 τῷ
1505 4789 1606 4858 lli-,pum
1635 4788 1673 4836 iti
