3960 5654
845 351 938 397 unae.
962 316 1013 405 16,
1034 337 1101 394 2-4.
1292 354 1295 359 ’
1583 340 1639 400 431
1750 383 1754 389 ,

352 494 513 578 utquam
536 487 685 574 primum
706 484 922 552 illucescente
940 482 995 550 die
1015 485 1095 551 licet
1114 506 1148 550 se
1170 484 1214 552 ad
1243 487 1549 574 opusaecingunt;
1567 509 1599 554 v.
1621 493 1641 553 2

221 589 223 592 ’
307 592 452 662 etoalde
472 613 572 659 mmm
597 614 666 659 arm
692 589 907 658 sabbatorum
934 589 958 655 i.
991 613 1020 657 e.
1050 590 1163 680 prima
1180 589 1237 657 die
1255 588 1499 674 hebdomadis;
1524 602 1663 663 notum,

307 701 357 759 est
378 714 418 757 ex
440 711 501 755 usu
527 690 625 758 hebr.
641 704 706 789 τῆξ
723 699 826 766 etiam
842 687 884 769 εἷς
898 697 1035 784 primus
1054 699 1214 786 usurpari
1233 697 1289 786 (cf.
1320 697 1435 766 Matth.
1457 703 1571 788 28,1);
1593 702 1642 768 uti
1675 690 1679 701 ’

307 805 379 900 aad
398 804 495 870 hebr.
515 807 605 892 (Lev.
633 809 754 887 23‚15;
779 804 873 890 25‚8)
889 810 923 869 ct
948 805 986 870 in
1006 804 1162 869 talmude
1185 809 1217 870 et
1233 804 1327 894 apud
1344 809 1446 891 Syros
1461 805 1563 872 etiam
1578 830 1641 896 pro

307 918 524 988 bebdomada
546 920 742 1004 adhibetur,
770 922 816 985 ita
841 912 882 979 τὰ
901 909 1044 981 eatam
1066 925 1099 985 et
1123 920 1225 985 etiam
1247 918 1284 981 τὸ
1302 910 1457 982 cattam
1481 921 1534 1006 (ci.
1562 927 1639 990 Luc.

309 1027 422 1113 18,12)
434 1029 573 1093 ocnr'um
584 1024 633 1092 ud
642 1035 900 1092 monumentum
916 1039 988 1091 orto
1000 1025 1071 1091 iam
1085 1025 1175 1108 sole,·
1187 1026 1289 1092 etiam
1303 1027 1361 1093 hie
1376 1030 1523 1095 llareum
1538 1051 1641 1120 repu-

305 1155 414 1221 gnare
426 1135 523 1200 aiunt
535 1131 722 1199 narrationi
739 1138 846 1199 Lucae
860 1138 954 1214 tal,
968 1139 1002 1199 et
1014 1136 1106 1198 toan.
1123 1132 1400 1212 20,1,immosibi
1411 1134 1475 1222 ipsi
1486 1135 1496 1218 (
1507 1136 1638 1226 Weiss);
1665 1157 1668 1162 ·

307 1262 386 1306 uam
396 1240 496 1307 ualde
511 1261 612 1307 mane
631 1243 664 1304 et
681 1252 753 1304 orto
769 1238 839 1305 iam
854 1237 922 1304 sole
942 1261 1011 1304 non
1027 1239 1107 1304 satis
1120 1237 1342 1306 concordare.
1358 1245 1399 1305 at
1415 1249 1531 1307 notum
1544 1244 1641 1310 estin

307 1349 495 1415 Palaestina
520 1343 710 1413 diluculum
726 1367 795 1412 esse
816 1344 923 1411 multo
946 1345 1086 1411 brevius
1101 1366 1205 1433 quam
1225 1343 1317 1433 apud
1333 1367 1411 1427 nos,
1432 1348 1480 1414 ita
1501 1355 1536 1413 ut
1550 1347 1640 1416 dilu-

305 1455 382 1521 culo
397 1463 510 1520 exorto
525 1453 639 1518 statim
660 1454 764 1519 etiam
778 1451 827 1518 sol
842 1457 1020 1540 appareat.
1038 1455 1148 1528 Quare
1160 1449 1259 1517 valde
1274 1473 1375 1518 mune
1394 1453 1418 1518 i.
1440 1475 1470 1520 e.
1487 1459 1640 1545 tempore

305 1560 449 1627 diluculi
472 1581 543 1626 sese
570 1557 653 1624 dant
678 1559 714 1624 in
742 1558 833 1624 viam
860 1557 915 1624 vel
940 1559 1044 1624 etiam
1073 1579 1182 1648 prope
1211 1558 1406 1647 sepulerum
1436 1558 1638 1645 adveniunt;

306 1688 425 1733 verum
451 1667 521 1732 sine
551 1664 703 1751 longiore
729 1664 909 1731 intervallo
930 1665 1027 1750 regio
1050 1665 1221 1731 iam·solis
1239 1664 1315 1731 luce
1330 1664 1529 1734 illustratur.
1547 1668 1641 1746 Quod

305 1778 394 1840 loun.
417 1779 495 1851 ‘20st
522 1771 669 1837 habetur
690 1792 698 1839 :
719 1790 820 1836 mane
848 1792 926 1836 cum
952 1769 1068 1836 adhuc
1090 1771 1252 1837 tenebrae
1278 1779 1404 1855 essent,
1426 1773 1470 1839 de
1489 1774 1640 1843 diluculo
1755 1776 1756 1780 ’

305 1881 370 1948 crit
386 1877 641 1969 explicandum
658 1898 737 1942 nam
757 1875 918 1943 mulieres
942 1899 1006 1966 per
1029 1876 1152 1943 densas
1166 1878 1326 1944 tenebras
1339 1879 1531 1947 ambulasse
1548 1880 1639 1948 etad

304 1986 497 2077 sepulcrum
524 1985 715 2073 pervenisse
743 1987 855 2050 tamen
878 1983 1082 2050 incredibile
1106 1992 1172 2063 est,
1196 1986 1398 2073 pracsertim
1424 2008 1502 2053 cum
1525 1989 1638 2055 statim

304 2093 451 2160 addatur
470 2093 575 2158 ursum
588 2112 657 2157 esse
671 2090 821 2179 lapidem
837 2090 1022 2156 sublatum.
1043 2091 1190 2157 Facilius
1209 2113 1282 2157 rem
1297 2094 1471 2181 componit
1488 2095 1526 2161 S.
1548 2098 1637 2184 Aup.

305 2201 364 2290 qui
382 2200 463 2286 legit
477 2199 602 2264 oriente
617 2199 685 2264 iam
704 2198 774 2263 sole
787 2195 879 2284 (vide
894 2195 972 2264 lect.
987 2196 1110 2285 varii.
1127 2219 1157 2263 e.
1175 2225 1191 2258 «
1208 2220 1286 2265 eum
1299 2199 1432 2265 coelum
1447 2200 1492 2266 ab
1500 2201 1639 2268 orientis

305 2313 401 2397 parte
413 2307 482 2372 iam
500 2304 700 2383 albesceret,
717 2302 811 2393 quod
828 2326 898 2369 non
918 2304 957 2369 fit
972 2305 1092 2393 utique
1111 2305 1177 2370 nisi
1193 2303 1272 2370 solis
1287 2305 1429 2372 orientis
1448 2307 1635 2388 vicinitate,

304 2415 377 2481 eius
395 2414 486 2480 enim
505 2418 555 2479 est
573 2410 631 2477 ille
646 2410 760 2497 fulgor
773 2410 833 2500 qui
850 2410 990 2477 nomine
1005 2433 1150 2478 aurorae
1171 2410 1338 2500 appellari
1357 2411 1456 2493 solct3
1479 2412 1554 2479 ideo
1569 2434 1637 2481 nou

305 2527 475 2610 repugnat
502 2519 561 2586 ille
587 2518 646 2606 qui
671 2518 719 2584 ait
740 2539 748 2581 :
774 2538 849 2584 eum
876 2516 990 2583 adhue
1011 2516 1175 2583 tenebrae
1195 2523 1324 2598 essent;
1346 2516 1401 2583 die
1420 2520 1549 2608 quippe
1563 2541 1638 2586 sur-

303 2633 406 2714 gente
422 2626 557 2715 aliquae
579 2624 743 2713 reliquiae
761 2623 980 2689 tenebrarum
1006 2629 1101 2689 tauto
1127 2623 1236 2710 magis
1251 2630 1487 2707 extenuantur,
1509 2633 1638 2714 quanto

304 2734 414 2820 magis
428 2733 537 2799 oritur
549 2732 606 2797 lux
624 2758 639 2788 v
663 2729 824 2819 (decons.
843 2752 966 2816 evang.
985 2736 1077 2812 Μὰ.
1097 2731 1164 2816 65).

348 2844 433 2906 [ium
453 2841 488 2905 in
506 2839 559 2904 via
576 2844 701 2913 essent,
723 2835 886 2903 sollicitae
902 2843 1000 2902 eraut
1015 2835 1057 2903 dc
1080 2835 1196 2926 lapide
1216 2857 1247 2900 v.
1267 2842 1287 2903 3
1302 2850 1337 2902 et
1354 2834 1512 2902 dicebant
1529 2839 1577 2905 ud
1587 2838 1638 2904 in·

304 2947 428 3026 uicem,
446 2946 494 3012 ita
512 2966 650 3034 quoque
663 2942 795 3033 explica
807 2939 880 3030 πρὸς
900 2939 1009 3014 ἑαυτάς
1025 2944 1116 3008 inter
1129 2964 1179 3021 se,
1198 2964 1266 3007 nou
1289 2964 1297 3010 :
1321 2942 1415 3030 apud
1429 2965 1465 3009 se
1478 2943 1638 3010 dicebaut

304 3055 356 3121 vel
371 3052 586 3139 cogitabant,
603 3051 679 3139 quis
698 3048 845 3115 revolvet
862 3047 958 3114 notis
972 3047 1125 3137 lapidem
1139 3047 1183 3114 ut
1202 3049 1285 3114 ostio
1304 3050 1542 3116 mortimenti?
1553 3071 1636 3138 ergo

302 3161 345 3228 de
367 3157 564 3226 custodibus
593 3164 625 3222 et
652 3155 766 3241 sigillo
795 3155 947 3244 apposito
972 3155 1062 3221 nihil
1088 3154 1287 3229 audierunt:
1314 3155 1350 3221 id
1373 3155 1466 3245 qnod
1495 3157 1636 3224 minime

303 3268 429 3334 mirum
454 3272 518 3345 est3
550 3285 627 3329 nam
661 3262 802 3328 sabbato
828 3283 897 3350 quo
925 3260 1083 3327 custodes
1108 3261 1210 3350 positi
1228 3269 1307 3328 sunt
1325 3267 1359 3328 et
1378 3262 1465 3352 lapis
1482 3263 1637 3350 signatus

303 3373 429 3463 (llatth.
447 3371 622 3456 utut-66)
641 3367 720 3435 illae
734 3365 894 3455 ἡσύχασαν
914 3370 1135 3456 quieverunt,
1156 3367 1249 3433 domi
1267 3368 1303 3432 in
1324 3367 1419 3434 luctu
1435 3375 1467 3433 et
1482 3390 1636 3437 moerore

303 3485 453 3547 versatae
474 3484 570 3557 sunt;
593 3474 752 3564 discipuli
773 3496 909 3563 quoque
929 3474 974 3540 ob
994 3475 1153 3540 timorem
1174 3473 1375 3541 ludaeorum
1395 3496 1431 3541 se
1447 3474 1541 3541 domi
1556 3499 1636 3543 cou-

301 3586 458 3653 tinebant
477 3584 605 3650 loribus
623 3580 746 3648 clausis
766 3581 821 3669 (cf.
848 3585 939 3647 loau.
963 3580 1100 3668 20‚19);
1124 3581 1201 3669 quis
1216 3582 1331 3670 itaque
1347 3581 1395 3646 eis
1419 3581 1523 3648 talem
1545 3588 1635 3650 attu-

301 3693 392 3760 lisset
407 3690 584 3758 nuntium?
600 3694 708 3767 Quare
725 3686 908 3753 ridiculum
924 3693 974 3752 est
993 3686 1087 3776 quod
1105 3686 1212 3775 aliqui
1228 3709 1266 3753 ex
1283 3688 1496 3773 ignoratione
1512 3689 1636 3757 mulie-

303 3821 377 3867 rum
391 3798 597 3866 eoncludunt
612 3817 682 3861 rem
699 3794 894 3860 allattbaeo
911 3799 1087 3859 narratam
1098 3814 1168 3859 esse
1184 3792 1229 3859 ad
1243 3793 1378 3860 tabulas
1397 3795 1633 3863 reiiciendam.

303 3911 425 3972 Verum
434 3927 538 3994 quam
547 3904 697 3995 primum
711 3903 791 3968 satis
805 3922 911 3989 prope
927 3899 1095 3966 accedunt
1111 3923 1141 3965 v.
1161 3905 1180 3965 t
1197 3900 1412 3990 respicientes
1431 3892 1636 3987 ἀναέλέψασαι

302 4013 407 4079 oculis
432 4011 588 4090 elevatis,
610 4009 765 4094 lugentes
785 4006 949 4073 incedunt
967 4007 1076 4073 oeulis
1095 4005 1265 4088 demissis;
1289 4006 1334 4073 ad
1353 4007 1466 4074 locum
1487 4009 1636 4098 sepulcri

302 4126 376 4186 erat
403 4114 673 4191 ascendendum,
700 4115 789 4180 unde
809 4135 943 4180 sursum
973 4114 1176 4202 aspicientes
1200 4112 1361 4179 uiderunt
1380 4114 1600 4182 revolutum!
1622 4155 1636 4167 ·

300 4224 452 4314 pidem¹;
469 4237 542 4290 erut
561 4222 687 4312 quippe
702 4243 846 4311 mapaus
867 4219 966 4287 valde
985 4249 1000 4279 «
1019 4219 1133 4286 reddit
1152 4241 1290 4286 causam
1309 4220 1546 4287 sollicitudinis
1559 4243 1634 4288 mu-

303 4332 426 4399 lierum
446 4360 461 4390 »
488 4328 608 4419 (Alb.);
630 4329 678 4394 ita
701 4326 782 4393 addi
803 4327 897 4416 quod
920 4327 1058 4417 proprie
1085 4327 1233 4415 pertinet
1256 4325 1301 4392 ad
1324 4349 1357 4393 v.
1380 4334 1399 4394 3
1428 4328 1550 4394 merito
1577 4328 1637 4396 ad-

336 4534 356 4577 1.
369 4529 449 4584 Quem
464 4525 574 4588 lapidem
588 4530 613 4573 s.
629 4526 692 4586 Cpr.
711 4523 775 4572 hier,
793 4521 825 4570 ad
843 4523 912 4571 hunc
931 4534 1014 4584 usque
1029 4519 1096 4570 diem
1112 4521 1191 4585 (μέχρι
1212 4520 1326 4584 σήμερον)
1343 4535 1420 4585 prope
1441 4528 1635 4573 monurnentum

303 4608 384 4659 lacere
395 4605 495 4671 saepius
511 4606 602 4655 asserit
614 4607 672 4666 (cat.
692 4606 762 4660 1339
775 4605 801 4652 et
820 4604 917 4663 tt,22);
934 4607 960 4651 S.
974 4603 1049 4676 Hier.
1062 4614 1102 4664 ep.
1117 4607 1145 4650 27
1158 4600 1229 4660 otim,
1248 4615 1316 4651 nunc
1334 4606 1377 4652 108
1390 4602 1557 4666 (epitaphium
1572 4606 1635 4652 Pau-

302 4690 352 4751 lae)
365 4707 371 4738 ε
386 4706 398 4735 a
413 4688 522 4750 ingressa
539 4684 685 4749 sepulcrum
697 4683 892 4733 resurrectionis
902 4679 1069 4732 osculabatur
1082 4680 1202 4746 lapidem,
1214 4695 1292 4745 quern
1304 4680 1336 4731 ab
1347 4681 1413 4732 ostio
1425 4683 1585 4734 monumenti
1599 4697 1635 4734 re

302 4774 417 4821 moverat
433 4767 536 4833 angelus
552 4787 564 4810 v
581 4767 625 4826 (tt.
638 4765 746 4824 taust).
