3960 5654
354 493 412 554 118
880 511 971 556 usae.
995 495 1024 563 1,
1050 490 1154 550 13-15.
1216 523 1218 527 ⁴

352 646 544 712 continetur
557 642 629 709 ulla
642 643 871 731 reprehensio,
889 644 946 710 sed
961 641 1071 709 solum
1086 642 1227 708 attentio
1241 639 1486 728 discipulorum
1500 644 1573 730 post
1588 665 1619 708 v.
1639 650 1683 710 ta

353 756 530 820 revocatur
555 748 599 814 ad
622 748 657 813 id
677 750 768 817 unde
786 772 898 817 sermo
917 750 1089 835 digressus
1109 754 1173 828 est,
1202 747 1245 814 ad
1267 769 1297 811 v.
1322 752 1374 813 10.
1396 749 1447 815 xd
1469 747 1678 839 quodetiam

351 859 457 926 multo
468 855 578 940 magis
589 858 766 937 convenit,
781 862 818 922 ut
832 878 900 921 non
912 855 999 921 duae
1011 853 1225 941 quaestiones
1239 855 1327 918 inter
1343 874 1378 917 se
1389 861 1564 943 separatae
1578 855 1679 920 intel-

352 965 513 1050 ligantur,
531 961 672 1031 seduna
689 963 846 1030 :nescitis
862 963 948 1028 hano
962 958 1162 1049 parabolam
1174 967 1207 1025 11
1222 958 1423 1046 (generatim
1442 960 1585 1048 nescitis)
1597 982 1681 1049 quo-

353 1068 453 1135 modo
464 1071 679 1154 cognoscatis
692 1069 830 1135 omnes‘l
845 1068 887 1134 de
903 1065 1059 1156 pluribus
1071 1073 1185 1133 autem
1199 1065 1371 1154 parabolis
1385 1065 1423 1131 fit
1437 1069 1563 1134 mentio
1578 1089 1679 1158 prop·

351 1180 402 1239 ter
418 1197 448 1240 v.
468 1181 499 1241 2.
519 1177 554 1242 si
568 1175 656 1243 duae
671 1175 883 1264 quaestiones
897 1176 985 1239 inter
999 1194 1033 1237 se
1048 1195 1116 1238 non
1129 1172 1326 1238 coniunctae
1344 1177 1548 1255 statuuntur,
1566 1195 1681 1242 sensus

351 1280 465 1346 evadit
498 1305 506 1348 ε
542 1284 569 1349 11
604 1283 693 1349 hano
731 1281 931 1369 parabolam
966 1280 1115 1360 nescitis,
1147 1277 1320 1367 quomodo
1354 1278 1439 1346 alias
1468 1282 1677 1366 cognoscetis

351 1386 507 1477 (11111111
530 1394 564 1455 11
580 1388 780 1455 enuntiatur
798 1387 968 1476 quaedam
990 1386 1210 1475 reprehensio
1230 1383 1494 1473 discipulorum
1517 1415 1532 1446 ιι
1554 1408 1634 1453 nam
1650 1389 1696 1478 si

350 1494 531 1585 parabolas
546 1494 720 1561 intellectu
739 1494 906 1560 faciliores
921 1491 1026 1558 veluti
1037 1492 1126 1558 hanc
1137 1490 1179 1557 de
1192 1512 1261 1579 qua
1278 1493 1553 1579 interrogabant.
1569 1494 1679 1560 minus

350 1599 601 1687 intelligebant,
614 1621 676 1667 nec
685 1599 894 1665 difficiliores
907 1598 1112 1665 intellecturi
1123 1604 1219 1664 erant
1228 1626 1244 1658 ιι
1258 1598 1395 1686 (Pota).
1409 1603 1531 1666 Verum
1541 1598 1684 1668 difficile

351 1706 482 1774 creditu
508 1713 557 1772 est
579 1706 667 1773 velle
690 1706 862 1772 Christum
881 1704 1150 1793 reprehendere,
1172 1704 1254 1792 quia
1273 1704 1308 1770 id
1329 1727 1390 1793 per
1408 1728 1442 1772 se
1461 1728 1533 1772 non
1550 1706 1678 1773 intelli-

351 1817 471 1900 gerent
488 1812 532 1877 ad
553 1812 646 1904 quod
662 1811 922 1901 percipiendum
934 1809 1062 1877 donum
1081 1809 1223 1876 eoeleste
1238 1811 1366 1900 requiri
1380 1811 1452 1901 ipse
1468 1811 1568 1878 modo
1583 1812 1677 1879 11111-

351 1924 551 1985 1111111111.
580 1925 637 2000 11,
666 1919 828 2007 idemque
852 1919 1043 1984 accuratius
1061 1916 1176 1983 llatth.
1205 1924 1316 1998 13,11.
1344 1923 1396 1983 12.
1421 1923 1473 1984 16.
1497 1925 1549 1986 17.
1573 1924 1678 1996 Quem

352 2026 528 2117 scopulum
540 2025 635 2114 prior
648 2027 801 2114 acceptio
821 2024 960 2090 omnino
973 2025 1077 2089 evitat
1093 2029 1195 2111 atque
1208 2024 1347 2113 insuper
1358 2024 1531 2113 aptissime
1551 2030 1680 2092 mentes

351 2131 562 2199 audientium
578 2130 623 2198 ad
640 2131 914 2221 explanationem
927 2128 1025 2195 avide
1036 2128 1244 2196 audiendam
1257 2136 1439 2220 praeparat
1455 2134 1489 2198 et
1504 2131 1637 2199 invitat.

396 2242 463 2304 llae
477 2238 593 2326 itaque
607 2238 771 2328 parabola
790 2236 954 2303 docentur
969 2235 1112 2325 apostoli
1127 2235 1416 2324 praedicationem
1433 2238 1602 2325 evangelii
1618 2261 1678 2306 ne·

351 2365 523 2434 quaquam
538 2344 632 2433 apud
644 2366 762 2410 omnes
771 2366 829 2410 eos
842 2343 1023 2409 allaturam
1033 2364 1103 2409 esse
1114 2343 1243 2409 fructus
1255 2365 1341 2431 quos
1353 2344 1570 2430 evangelium
1581 2345 1684 2434 (quae

351 2457 401 2518 est
420 2453 526 2517 virtus
552 2452 608 2517 Dei
624 2450 666 2518 ad
682 2450 837 2536 salutem)
860 2472 922 2539 per
937 2472 971 2516 se
989 2456 1107 2538 potens
1126 2455 1176 2516 est
1194 2448 1392 2539 producere.
1416 2455 1505 2527 Quae
1524 2450 1680 2519 doctrina

353 2559 470 2644 magni
485 2565 534 2624 111
550 2558 713 2624 momenti
728 2579 791 2647 pro
804 2558 845 2623 iis
857 2557 915 2645 qui
931 2578 971 2622 eo
981 2577 1123 2621 munere
1134 2556 1336 2643 funguntur,
1355 2580 1397 2623 ne
1412 2558 1535 2626 eadant
1544 2560 1679 2626 animis.

351 2663 457 2730 Simul
477 2665 519 2730 iis
538 2663 737 2753 panduntur
753 2664 900 2731 rat-iones
915 2685 954 2728 ex
970 2663 1095 2752 quibus
1113 2663 1323 2752 praedicatio
1336 2663 1430 2754 apud
1448 2665 1532 2732 alios
1548 2675 1686 2732 maneat

352 2769 490 2850 sterilis,
515 2793 600 2860 quas
621 2792 825 2859 cognoscere
849 2792 934 2858 opus
956 2774 1060 2836 estut
1078 2770 1118 2835 iis
1137 2770 1287 2837 remedia
1308 2770 1453 2838 afferant
1472 2779 1678 2862 opportuna.

353 2880 492 2942 hemum
508 2876 600 2966 apud
616 2900 672 2944 eos
686 2878 777 2966 ipsos
791 2877 851 2968 qui
871 2876 1018 2943 fructum
1034 2876 1180 2943 afferunt
1198 2879 1307 2944 varios
1322 2900 1392 2944 esse
1407 2878 1536 2965 gradus
1547 2879 1682 2946 diseunt

353 3005 463 3071 neque
484 2983 628 3049 eandem
650 2985 786 3049 virtutis
802 2984 1047 3072 perlectionem
1066 3005 1136 3050 esse
1156 2983 1200 3050 ab
1221 2984 1381 3051 omnibus
1401 2985 1678 3106 exspectandppm

353 3112 385 3156 v.
406 3097 445 3156 tt
462 3088 1053 3178 11111111111111111111111111111111
1069 3087 1182 3177 λόγον,
1200 3091 1434 3177 evangelium,
1455 3092 1684 3181 praedicatio-

352 3217 431 3262 nem
446 3197 555 3261 nuntii
579 3196 750 3276 messiani;
766 3197 881 3285 itaque
896 3218 1009 3263 semen
1025 3204 1073 3262 est
1087 3197 1229 3263 verbum
1251 3199 1324 3275 Dei,
1343 3198 1393 3264 uti
1409 3203 1485 3265 Luc.
1504 3205 1580 3280 8,ss
1597 3199 1684 3266 diei-

353 3308 421 3369 tur.
437 3307 525 3369 Bene
541 3309 716 3392 exponunt
732 3303 813 3369 Vict.
832 3302 976 3392 Tlteopla
994 3304 1098 3368 etiarn
1111 3303 1196 3369 illud
1212 3305 1246 3368 in
1262 3326 1292 3369 v.
1306 3310 1325 3370 3
1342 3304 1685 3386 111ἰ“1,ΰ111111111,1)11

353 3408 472 3490 Filius,
495 3409 611 3476 exiite
634 3411 783 3499 paternis
796 3409 926 3476 sinibus
948 3408 1115 3475 ineffabili
1136 3410 1372 3478 misericordia
1387 3433 1419 3477 se
1441 3411 1538 3478 nobis
1560 3418 1686 3479 attem-

353 3536 493 3604 perans;
522 3514 604 3582 dum
626 3537 687 3582 nos
711 3538 777 3582 non
805 3523 1000 3604 poteramus
1019 3516 1154 3602 ingredi
1177 3518 1213 3581 in
1233 3517 1367 3584 eoelum
1387 3519 1535 3607 peccatis
1552 3518 1684 3585 aditum

354 3620 453 3688 nobis
471 3621 745 3701 occludentibus,
769 3623 840 3711 ipse
857 3644 1012 3709 egressus
1030 3627 1079 3688 est
1100 3622 1143 3689 ad
1159 3644 1237 3705 nos,
1257 3623 1354 3689 nobis
1383 3625 1491 3690 factus
1510 3625 1687 3714 proximus

354 3750 416 3817 per
429 3750 525 3794 suam
540 3728 575 3794 in
591 3750 693 3795 carne
708 3728 1029 3808 commorationem;
1044 3750 1078 3794 v.
1097 3735 1136 3795 15
1152 3728 1191 3793 ti
1202 3741 1317 3795 autem
1331 3744 1409 3796 sunt
1420 3731 1482 3820 qui
1492 3732 1582 3797 eirea
1595 3731 1686 3798 viam

353 3831 381 3896 11
398 3829 480 3923 παρὰ
494 3835 550 3905 τὴν
567 3824 657 3911 atto,
675 3835 782 3924 aliqui
802 3835 961 3925 supplent
977 3837 1166 3923 σπειρόμενοι
1182 3835 1344 3924 (Meyer),
1367 3839 1416 3903 uti
1438 3838 1473 3902 in
1496 3859 1528 3905 v.
1552 3844 1605 3904 16.
1629 3844 1683 3905 18.

354 3949 396 4007 20
419 3941 573 4021 additur;
591 3942 649 4009 sed
669 3964 747 4008 oum
770 3942 826 4008 hic
847 3964 911 4008 non
931 3942 1089 4022 addatur,
1117 3964 1228 4030 neque
1249 3944 1453 4028 cogitatione
1472 3944 1508 4009 id
1532 3944 1685 4035 suppleri

355 4050 459 4139 possit
472 4049 564 4138 quod
582 4050 734 4116 nondum
749 4049 878 4114 dictum
894 4055 958 4130 est,
978 4049 1036 4115 sed
1053 4050 1161 4115 solum
1179 4049 1395 4139 postmodum
1411 4051 1563 4139 ponitur,
1579 4052 1684 4118 satius

356 4156 430 4236 erit,
450 4153 478 4217 οἱ
492 4149 572 4244 παρὰ
591 4158 649 4226 τὴν
668 4145 738 4218 ὁδόν
759 4155 921 4245 explicari
941 4157 1108 4222 sententia
1129 4178 1216 4245 quae
1238 4156 1351 4222 statim
1373 4156 1594 4244 subiungitur
1607 4157 1683 4222 ὅπου

357 4257 508 4350 σπείρεται
522 4258 537 4325 ὁ
553 4263 658 4352 λόγος,
680 4265 702 4329 11
721 4262 812 4352 apud
829 4285 912 4351 quos
925 4285 1039 4329 semen
1049 4262 1141 4329 cadit
1156 4264 1248 4329 iuxta
1260 4264 1364 4343 viam,
1380 4264 1404 4329 ii
1420 4265 1567 4353 suntqui
1581 4267 1683 4333 simul

356 4374 458 4457 atque
474 4371 645 4436 audierint
661 4379 742 4451 etc.;
760 4369 833 4431 ὅπου
848 4371 914 4435 iam
931 4370 1032 4436 Eatlz.
1050 4371 1186 4458 exponit
1204 4367 1244 4442 εἰς
1258 4364 1323 4449 οὓς,
1339 4370 1430 4437 unde
1450 4371 1552 4438 refert
1566 4373 1609 4439 ad
1624 4353 1687 4439 de-

355 4475 542 4560 signandos
556 4479 685 4567 eosqui
699 4477 843 4543 audiunt
858 4476 1017 4557 verbum3
1034 4475 1291 4543 ubt'seminatur
1304 4476 1459 4558 verbum,
1477 4481 1628 4568 proxime
1643 4480 1687 4547 ad

355 4580 446 4646 vtum
467 4582 678 4670 adiungitur,
704 4587 739 4650 in
764 4606 866 4673 quam
890 4582 1019 4672 aliquid
1046 4583 1137 4651 cadit
1158 4586 1312 4665 seminis,
1340 4597 1471 4651 etcum
1496 4585 1685 4668 audierint,

354 4708 497 4774 graece:
515 4690 669 4777 quicum
690 4691 861 4758 audierint
882 4692 942 4780 (uti
965 4693 1215 4758 construetione
1235 4691 1489 4778 grammaticali
1509 4693 1683 4782 exigitur),

355 4795 532 4881 confestim
543 4797 635 4862 venit
647 4812 824 4865 succenset
834 4800 947 4886 artfert
961 4797 1098 4864 verbum
1109 4797 1512 4888 quodsemz'nutumestin
1527 4800 1687 4868 cordibus

355 4921 490 4984 eorum;
508 4902 640 4991 primus
658 4905 771 4994 itaque
789 4907 894 4971 hostis
909 4910 958 4971 est
973 4911 1121 4987 satanas,
1146 4907 1206 4994 qui
1221 4908 1314 4973 omni
1331 4929 1412 4973 cura
1431 4904 1467 4973 id
1480 4907 1571 4996 quod
1586 4931 1686 4998 prae-
