3960 5654
206 464 266 526 396
730 480 819 524 usae.
845 464 893 530 ll,
915 460 1017 522 58-59.

205 615 384 702 aefectum
408 608 615 697 aedificatam
632 615 802 679 accusatio
829 611 912 675 baec
935 613 1136 695 gravissima
1158 614 1232 677 erat
1255 608 1336 696 quia
1360 613 1537 696 tamquam

205 721 387 789 sceleratus
407 719 440 782 in
456 719 620 807 templum
645 718 898 785 traducebatur.
922 718 1009 784 Olim
1032 739 1109 782 eum
1129 714 1285 783 {eremias
1300 715 1468 804 propheta
1481 737 1538 782 va·

205 826 364 892 ticiuatus
390 832 474 889 esset
502 829 639 893 nomine
667 829 722 892 [tei
746 849 754 892 :
780 823 868 889 dabo
893 822 1034 890 domum
1061 825 1158 889 istam
1179 821 1372 911 (templum)
1388 829 1425 888 ut
1447 820 1535 903 Sile,

204 930 511 1019 apprehenderunt
523 955 601 998 eum
617 932 808 999 sacerdotes
824 936 857 994 et
875 933 985 997 omnis
1003 930 1147 1018 populus
1171 928 1286 994 dicens
1309 952 1317 991 :
1343 935 1449 995 morte
1468 949 1538 994 mo·

206 1038 315 1101 riatur
334 1039 412 1123 (lcr.
439 1045 518 1120 aab
540 1039 647 1126 seq.),
675 1044 806 1103 etcum
831 1042 948 1121 postea
969 1035 1179 1122 Stephanum
1200 1035 1302 1099 morti
1327 1035 1462 1101 tradere
1477 1056 1538 1099 cu-

205 1153 342 1231 perent,
367 1152 559 1211 statuerunt
579 1144 680 1210 falsos
695 1149 794 1210 testes
809 1141 868 1227 qui
883 1141 1038 1208 dicerent
1055 1161 1061 1205 :
1082 1142 1184 1207 homo
1212 1142 1272 1206 iste
1288 1163 1355 1206 non
1370 1150 1476 1208 cessat
1488 1141 1537 1207 lo-

193 1248 264 1336 fqui
281 1251 385 1317 verba
405 1253 566 1317 adversus
581 1251 694 1316 locum
710 1253 862 1315 sanctum
884 1250 965 1334 (Act.
988 1249 1093 1332 6,13).
1122 1253 1158 1314 Et
1178 1247 1350 1336 protertur
1368 1249 1539 1314 accusatio

203 1354 252 1420 ita
268 1363 306 1421 ul
327 1359 445 1445 templi
461 1357 646 1422 destructio
667 1376 791 1439 magno
815 1377 891 1420 cum
908 1361 1105 1441 contemptu
1130 1355 1291 1420 efferatur
1314 1361 1347 1418 et
1373 1355 1448 1420 loco
1463 1355 1539 1422 vilis

203 1463 323 1551 templi
340 1463 441 1552 plane
456 1462 549 1528 aliud
563 1463 668 1551 idque
681 1460 922 1527 sublimissimo
934 1459 1034 1526 modo
1049 1458 1182 1525 dicatur
1196 1461 1323 1548 abipso
1334 1459 1537 1545 erigendum

204 1568 353 1634 maxima
372 1569 582 1654 arrogantia.
616 1572 722 1645 Quam
749 1568 957 1633 mendaciter
987 1567 1050 1631 lroe
1076 1567 1305 1632 testimonium
1329 1566 1535 1655 proteratur,

203 1673 271 1739 iam
289 1680 404 1740 monet.
426 1675 506 1740 Vict.
529 1673 610 1739 addi
626 1672 670 1740 ad
691 1672 855 1738 invidiam
869 1682 903 1739 et
915 1673 1122 1738 calumniam
1138 1671 1332 1757 augendam
1355 1673 1537 1761 manufac-

205 1793 296 1860 tum,
327 1803 388 1846 nec
413 1780 534 1844 dixisse
559 1785 666 1845 lesum
691 1800 698 1846 :
723 1801 788 1865 ego
814 1780 995 1845 dissolvam
1024 1786 1086 1843 etc.
1120 1778 1291 1866 (similiter
1323 1778 1401 1846 Bed.
1428 1777 1535 1867 Ata).

202 1887 382 1953 Contendit
406 1887 509 1951 Weiss
519 1890 666 1951 llarcnm
678 1885 783 1950 verba
799 1890 869 1951 lesu
880 1889 889 1970 l
896 1891 984 1950 loan.
999 1883 1091 1972 219)
1104 1884 1204 1950 aliter
1219 1885 1419 1951 intellexisse
1434 1891 1538 1974 atque

204 1997 294 2057 loan.
311 1999 387 2073 221
403 1992 616 2081 explicantur
633 2000 666 2057 et
677 1991 817 2057 testibus
831 1993 901 2057 istis
914 2012 1009 2056 suam
1026 1991 1209 2056 verborum
1223 1991 1538 2079 interpretationem

202 2097 415 2173 attribuisse3
436 2120 553 2163 verum
576 2120 681 2186 quam
702 2098 821 2163 frivole
846 2098 927 2163 talia
950 2097 1164 2162 affirmentur
1191 2119 1258 2162 non
1278 2118 1363 2184 opus
1378 2099 1442 2163 erit
1458 2096 1537 2186 plu·

202 2203 297 2268 ribus
321 2204 567 2269 demonstrare.
594 2204 657 2270 Sed
681 2205 717 2269 bi
738 2226 872 2292 quoque
897 2210 997 2269 testes
1022 2226 1090 2269 non
1113 2205 1201 2270 inter
1224 2226 1260 2269 se
1285 2203 1538 2270 conveniebant

201 2341 234 2385 v.
257 2326 298 2385 59
318 2332 350 2384 et
371 2341 439 2385 nori
459 2334 531 2385 erat
545 2315 597 2380 καὶ
613 2308 681 2380 οὐδὲ
696 2321 791 2392 οὕτως
810 2329 843 2385 et
871 2342 912 2384 ne
935 2319 983 2384 sic
1004 2318 1143 2408 quidem
1166 2324 1364 2386 conueniens
1391 2320 1538 2385 testimo-

201 2425 297 2491 nium
310 2448 428 2491 eorum
439 2448 451 2503 ,·
467 2429 499 2491 in
521 2448 670 2515 quanam
691 2448 725 2492 re
741 2427 830 2492 inter
847 2448 881 2491 se
899 2426 1118 2491 dissenserint
1135 2448 1203 2492 non
1221 2425 1361 2503 dicitur;
1381 2426 1441 2492 scd
1457 2447 1537 2515 pro-

200 2531 351 2598 babilius
371 2534 405 2598 in
426 2534 499 2621 ipsa
520 2533 673 2600 criminis
688 2533 918 2612 accusatione,
940 2554 1005 2598 nou
1024 2531 1133 2597 solum
1159 2533 1289 2598 ratione
1305 2533 1467 2623 temporis
1482 2532 1537 2598 vel

201 2639 277 2704 loci.

241 2827 272 2885 Si
294 2828 375 2887 aetio
396 2828 472 2887 haec
496 2828 658 2888 iudicialis
679 2829 840 2888 confertur
859 2846 932 2888 curu
955 2829 992 2886 iis
1013 2846 1092 2904 quae
1116 2829 1147 2886 iu
1166 2827 1326 2901 talmude,
1351 2828 1382 2886 in
1403 2832 1536 2888 tractatu

201 2925 372 2984 sanbedriu
401 2927 672 3001 praescribuntur,
701 2926 807 2984 statim
834 2927 919 2985 varia
947 2925 1229 3003 deprehenduntur
1254 2943 1333 3003 quae
1360 2926 1537 2985 seeundum

200 3039 328 3081 norruas
344 3024 382 3081 ab
399 3024 476 3099 ipsis
495 3023 635 3082 rabbinis
654 3028 788 3082 statutas
803 3042 821 3082 a
837 3041 910 3082 xero
928 3023 1046 3083 iudicio
1063 3023 1225 3083 deliciunt.
1242 3024 1326 3083 Bene
1342 3023 1473 3099 quidem
1488 3029 1537 3083 to·

201 3126 270 3179 tum
293 3122 439 3179 convenit
462 3120 660 3198 synedrium.
689 3123 765 3180 Nam
794 3121 847 3179 illo
872 3126 1006 3180 tractatu
1034 3124 1081 3192 t,5
1101 3120 1318 3197 (Surenlmsius
1343 3122 1382 3180 lV
1410 3139 1439 3198 p.
1464 3121 1536 3200 213)

200 3217 338 3276 dicitur:
357 3218 468 3287 trimis,
487 3218 777 3296 pseudopropheta,
793 3218 939 3278 sacerdos
956 3236 1086 3295 magnus
1102 3236 1163 3277 non
1179 3219 1238 3277 nisi
1254 3221 1289 3277 71
1306 3219 1450 3278 iudicum
1465 3236 1539 3278 con·

200 3333 289 3374 sessu
318 3316 506 3376 iudicantur.
536 3317 618 3376 Bene
645 3317 741 3375 ctiam
769 3323 864 3376 testes
891 3316 1088 3375 admiserunt
1117 3334 1178 3375 non
1206 3333 1317 3376 omnes
1342 3317 1455 3383 simul.
1481 3317 1536 3377 scd

202 3430 300 3472 unum
314 3421 386 3489 post
404 3415 553 3481 alterum,
578 3414 624 3472 uti
640 3415 691 3486 3,6
708 3433 738 3491 p.
761 3415 819 3472 224
840 3414 1074 3491 praescribitur.
1094 3413 1126 3472 ld
1143 3415 1226 3473 enim
1243 3415 1358 3473 merito
1374 3414 1537 3474 concludi-

200 3516 250 3568 tur
268 3528 306 3569 ex
328 3527 366 3569 ec
387 3510 474 3587 quod
495 3512 678 3570 testimonia
700 3529 762 3570 non
782 3511 996 3570 reddebantur
1014 3511 1165 3587 aequalia.
1190 3512 1221 3571 Si
1240 3512 1327 3570 euim
1346 3512 1425 3572 alter
1446 3512 1537 3571 testis

199 3607 342 3666 audisset
358 3608 435 3683 qnid
452 3608 539 3685 prior
553 3608 701 3677 dixisset,
719 3614 805 3668 certe
821 3609 905 3667 idem
920 3608 1052 3667 dixisset
1068 3625 1105 3666 ne
1122 3609 1189 3685 ipse
1205 3626 1299 3669 suum
1316 3609 1537 3670 testimouium

199 3704 348 3765 redderet
369 3706 498 3777 inutile;
520 3712 609 3764 erant
629 3707 747 3784 qnippe
765 3713 862 3765 testes
882 3706 951 3765 lalsi
970 3722 1108 3782 quorum
1128 3706 1204 3784 quid
1223 3724 1332 3767 verum
1353 3714 1438 3767 esset
1456 3707 1536 3766 nibil

200 3802 361 3861 intererat.
380 3807 418 3861 ltt
433 3803 463 3861 in
481 3820 577 3862 causa
590 3803 718 3880 capitali
733 3821 795 3862 nou
809 3803 899 3863 licuit
914 3803 1031 3863 iudicia
1047 3804 1154 3863 haberi
1170 3804 1230 3862 nisi
1246 3805 1285 3864 de
1301 3804 1353 3865 die
1369 3811 1402 3864 ct
1418 3806 1538 3883 pariter

199 3899 238 3959 de
257 3901 308 3959 die
324 3907 392 3959 erat
410 3902 568 3960 sententia
584 3901 733 3968 dicenda,
753 3919 815 3960 nou
832 3907 923 3962 noctu
937 3905 986 3975 Μ
1005 3921 1034 3979 p.
1053 3903 1121 3960 226.
1138 3901 1234 3960 Porro
1250 3902 1282 3960 in
1298 3919 1394 3961 causa
1409 3902 1535 3979 capitali

198 3998 365 4057 exordium
383 3999 451 4075 capi
472 3999 608 4058 debebat
622 3999 661 4057 ab
679 3999 717 4057 iis
732 4015 811 4076 qnae
831 4016 884 4058 reo
899 4000 1045 4059 favebant
1061 4016 1193 4076 eumque
1209 4017 1227 4058 a
1242 3999 1375 4059 crimine
1389 4017 1458 4059 esse
1476 4001 1536 4059 im-

199 4112 328 4155 munem
352 4097 542 4166 suailcbaut;
563 4097 696 4174 proinde
718 4103 813 4156 testes
836 4115 891 4174 pro
913 4098 981 4175 ipso
1000 4103 1087 4156 erant
1107 4097 1314 4173 conquirendi
1335 4103 1366 4157 et
1386 4097 1536 4158 audiendi

199 4192 218 4250 t.
230 4211 256 4253 c.
271 4213 301 4270 p,
313 4197 380 4252 ²2:³3.
397 4197 511 4254 l'erum
525 4212 617 4254 nemo
628 4195 953 4273 putabitsyuedristas
970 4195 1000 4253 id
1017 4195 1128 4255 secisse
1141 4195 1188 4254 rel
1201 4196 1300 4256 luisse
1312 4197 1534 4273 permissuros,

198 4297 233 4349 ut
248 4292 319 4367 riuis
336 4310 392 4368 pro
418 4294 487 4353 lesu
504 4293 660 4370 prodiret,
685 4295 737 4370 qui
763 4294 827 4352 iam
847 4299 919 4352 ante
938 4293 1119 4369 complures
1139 4311 1264 4352 menses
1282 4299 1474 4364 statuerant,
1503 4299 1537 4354 ut

199 4390 225 4446 si
250 4391 323 4464 quis
345 4409 417 4450 eum
448 4393 654 4452 eontiteretur
681 4392 839 4451 Christum
870 4397 956 4451 extra
983 4409 1172 4469 synagogam
1198 4394 1287 4450 lieret
1313 4393 1413 4468 (loan.
1437 4390 1534 4470 9:222).

200 4488 295 4545 l'crro
318 4495 414 4547 testes
438 4496 610 4566 autequam
631 4490 816 4549 audirentur
838 4491 868 4546 iu
889 4508 922 4548 re
954 4489 1079 4566 capitali
1099 4494 1188 4548 erant
1214 4506 1320 4549 severe
1343 4490 1536 4550 admonendi

200 4601 237 4643 ue
257 4585 385 4660 quidex
405 4589 583 4647 coniectura
603 4594 655 4647 aut
681 4604 808 4647 rumore
831 4587 987 4655 dicerent,
1011 4588 1132 4645 etiamsi
1156 4605 1192 4645 ex
1219 4604 1272 4646 ore
1297 4587 1386 4646 testis
1407 4592 1462 4647 aut
1481 4587 1535 4647 ho-

199 4682 295 4739 minis
308 4683 368 4741 tide
385 4684 471 4761 digni
488 4686 616 4744 audisse
633 4703 666 4744 se
682 4686 883 4744 altirmareut.
903 4684 1003 4753 Quam
1019 4685 1108 4762 longe
1124 4685 1162 4743 ab
1178 4684 1235 4742 hac
1249 4701 1360 4743 norma
1376 4686 1537 4745 abluerint

200 4781 276 4837 satis
308 4781 408 4839 elucet
438 4784 513 4858 quia
543 4784 620 4842 salsa
646 4784 828 4843 testimonia
857 4783 942 4841 omui
975 4782 1080 4841 studio
1110 4783 1336 4858 conquirebant
1366 4790 1399 4843 nt
1433 4785 1534 4843 lesum

201 4878 294 4936 morti
317 4878 486 4939 traderent.
519 4881 649 4941 illorum
673 4883 756 4940 actio
778 4881 937 4940 iudicialis
960 4897 1022 4939 uon
1045 4886 1109 4939 erat
1135 4879 1194 4939 nisi
1222 4882 1307 4940 larva
1327 4882 1482 4958 quaedam
1505 4887 1535 4941 et
