3960 5654
152 461 211 521 332
675 482 765 527 tinae.
791 467 838 537 12,
861 464 965 524 37-40.

158 613 229 703 ipse
250 615 301 680 vel
323 635 399 678 usus
415 633 483 676 non
507 621 593 679 esset
613 616 665 680 vel
689 616 776 681 nihil
798 613 993 681 confecisset
1010 644 1039 681 ».
1061 614 1236 692 Quomodo
1255 618 1370 703 itaque
1389 613 1488 697 origo

157 721 280 809 psalmi
295 718 452 783 davidica
465 724 584 807 negari
600 722 651 787 vel
668 722 703 787 in
719 721 863 787 dubium
880 724 993 788 vocari
1010 723 1113 812 possit
1129 720 1223 785 nullo
1246 720 1346 787 modo
1360 717 1487 783 intelli-

157 828 263 912 gitur.
282 827 435 890 Ceterum
453 827 527 894 vide
546 851 634 917 quae
648 828 692 894 ad
707 827 820 893 Mattb.
840 831 939 905 sata
958 828 1120 895 adnotata
1133 836 1223 893 sunt.
1241 866 1285 876 -
1299 831 1382 894 Cum
1396 824 1489 891 Clrri-

156 938 226 997 stus
238 929 323 995 adeo
338 933 556 1018 praeclareat
569 934 823 1024 quaestionibus
838 934 1052 1023 responderet
1063 939 1097 998 ct
1109 931 1297 999 doctrinam
1308 933 1488 1000 sublimem

161 1045 380 1123 proponeret,
405 1039 515 1106 mrclto
537 1039 637 1106 turbo
659 1061 735 1106 cerm
756 1036 894 1104 libenter
915 1039 1047 1106 arrdivit
1064 1040 1079 1099 ὀ
1094 1036 1186 1110 πολὺς
1200 1039 1292 1125 ὄχλος
1305 1040 1378 1106 scil,
1401 1058 1488 1126 quae

161 1148 233 1207 tum
252 1143 408 1213 adstabat
423 1154 553 1226 turma,
574 1135 673 1218 ἡθέως
692 1166 769 1211 cuni
793 1147 980 1235 voluptate;
1000 1145 1043 1210 cl.
1065 1146 1177 1212 llatth.
1204 1151 1303 1224 7293
1328 1144 1490 1234 impletur

162 1269 298 1337 quoque
314 1253 348 1317 in
364 1254 494 1319 Christo
510 1252 653 1319 docente
668 1251 752 1317 illud
769 1273 776 1317 :
797 1251 918 1319 diffusa
933 1259 984 1318 est
997 1253 1108 1337 gratia
1124 1254 1159 1317 in
1177 1250 1277 1317 labiis
1291 1252 1368 1317 tuis.

209 1358 297 1422 lesus
316 1360 483 1446 templum
506 1382 574 1425 non
592 1359 731 1445 reliquit
747 1361 808 1424 nisi
830 1364 1007 1448 postquam
1022 1379 1078 1424 eos
1092 1360 1214 1425 merito
1235 1358 1411 1442 castigavit
1432 1357 1491 1445 qui

165 1463 318 1529 custodes
340 1487 409 1530 esse
428 1464 602 1532 debebant
618 1466 803 1530 sanctitatis
819 1465 936 1554 templi
951 1471 984 1530 et
1000 1469 1114 1532 tamen
1129 1464 1198 1531 suis
1214 1462 1399 1530 sceleribus
1413 1468 1491 1528 sunt

163 1566 372 1653 ignominiae
385 1573 524 1659 templo,
540 1570 667 1662 populo
680 1578 794 1637 autem
810 1572 939 1637 ruinae.
953 1575 1042 1647 Quae
1056 1574 1171 1638 llatth.
1187 1593 1263 1660 cap.
1282 1576 1323 1636 23
1335 1568 1491 1655 longiore

162 1695 318 1742 sermone
335 1686 574 1766 proponuntur
588 1678 632 1744 ad
649 1676 789 1744 ludaeos
804 1676 1016 1743 dedocendos
1030 1677 1222 1766 aptissima,
1241 1679 1325 1744 haec
1343 1677 1493 1742 breviter

164 1783 455 1870 perstringuntur,
473 1785 519 1850 ita
536 1791 648 1850 tamen
667 1791 702 1849 ut
719 1787 785 1849 tria
799 1806 980 1872 procerum
996 1783 1078 1849 vitia
1097 1785 1297 1872 praecipua,
1314 1783 1490 1873 superbia,

163 1890 323 1968 avaritia,
342 1891 531 1978 hypocrisis
547 1897 707 1957 accurate
719 1897 940 1979 exponantur.
958 1891 1051 1955 Hisce
1065 1891 1158 1955 enim
1172 1898 1206 1955 et
1220 1888 1352 1955 ludaeis
1364 1896 1398 1955 et
1411 1910 1493 1975 gen-

98 1987 99 1990 *
164 1994 255 2061 tibus
272 1997 351 2062 satis
367 1995 562 2063 declaratur
583 2020 645 2063 cur
659 1996 822 2063 eiusmodi
841 1997 995 2063 homines
1014 2005 1048 2062 et
1066 2001 1137 2062 lesu
1153 1996 1345 2063 doctrinam
1361 1994 1492 2061 abomi-

165 2103 235 2166 nati
257 2103 324 2167 sint
339 2108 371 2167 et
392 2102 504 2191 ipsum
520 2126 537 2169 e
559 2103 671 2169 medio
688 2104 809 2171 tollere
829 2102 921 2169 haud
937 2103 1188 2183 dubitaverint;
1208 2126 1239 2169 v.
1256 2108 1297 2169 38
1314 2116 1345 2168 et
1360 2099 1493 2168 dicebat

165 2207 214 2273 eis
241 2208 277 2273 in
300 2206 455 2275 doctrino
478 2233 559 2292 suo,
579 2231 658 2276 cum
672 2212 705 2275 in
730 2210 856 2298 templo
875 2209 1026 2288 doceret,
1050 2211 1140 2276 inter
1159 2210 1228 2275 alia
1250 2210 1334 2275 haec
1355 2230 1494 2298 quoque

164 2316 295 2380 monuit
310 2337 317 2381 :
332 2329 445 2382 cavete
455 2339 477 2382 α
488 2315 618 2397 scribis,
634 2315 760 2396 βλέπετε
771 2314 836 2378 ἀντὶ
847 2322 899 2378 τοῦ
910 2313 1096 2404 φυλάττεσθε
1110 2315 1212 2383 Ειιιθ.
1234 2316 1316 2381 Vict.
1332 2317 1358 2379 Τ
1355 2315 1491 2404 beopb.,

165 2422 228 2510 qui
239 2422 357 2487 volunt
372 2424 407 2488 iu
420 2423 514 2489 stolis
523 2422 720 2501 ambulare,
738 2421 832 2484 θέλειν
846 2426 867 2490 i.
882 2447 912 2490 e.
928 2446 1060 2504 amare,
1078 2423 1142 2489 sibi
1155 2424 1304 2512 placere;
1322 2423 1374 2487 vel
1390 2427 1426 2488 ut
1435 2422 1494 2488 alii

166 2529 352 2617 explicant,
369 2531 434 2595 sibi
456 2531 559 2596 veluti
580 2533 632 2597 ius
653 2531 827 2597 vindicare
845 2531 902 2618 (cl.
929 2531 1039 2618 Weiss)
1055 2554 1063 2612 ;
1082 2532 1176 2597 στολή
1199 2529 1299 2594 vestis
1319 2534 1367 2594 est
1389 2551 1495 2617 usque

167 2635 210 2702 ad
227 2637 311 2702 talos
329 2636 492 2717 demissa,
519 2639 618 2704 vestis
634 2639 765 2714 talaris;
783 2659 860 2703 curn
873 2638 998 2728 plebeii
1013 2639 1213 2703 vestimento
1230 2642 1406 2701 uterentur
1419 2635 1495 2701 bre·
1573 2723 1574 2726 Ἴ

166 2743 275 2821 vioro,
295 2743 339 2808 ad
361 2744 513 2810 eundum
534 2751 568 2810 et
585 2744 813 2810 laborandum
833 2746 942 2831 magis
958 2744 1129 2833 expedito,
1147 2744 1245 2809 vestis
1260 2743 1394 2828 longior
1408 2743 1497 2808 viros

163 2847 367 2934 designabat
387 2851 636 2930 honoratiores;
664 2873 771 2939 quare
793 2851 890 2916 vestis
910 2850 1045 2929 talaris,
1065 2837 1216 2934 mtrem,
1236 2850 1423 2935 gravitatis,
1446 2849 1497 2914 di-

164 2956 314 3041 gnitatis,
328 2959 555 3044 praestantiae
567 2957 870 3023 habebaturindex
881 2958 1017 3046 (Lamp,
1034 2957 1172 3044 calm).
1185 2957 1255 3022 Tali
1268 2961 1356 3021 veste
1369 2955 1497 3021 scribas

164 3062 316 3150 aliosque
331 3064 516 3151 sapientiae
531 3064 683 3129 studium
699 3062 893 3151 profitentes
909 3064 959 3129 uti
972 3064 1088 3130 solitos
1102 3064 1201 3128 luisse
1220 3062 1322 3127 etiam
1340 3061 1498 3127 talmudi-

166 3175 238 3234 stae
259 3171 444 3236 memoriae
464 3169 689 3259 prodiderunt
705 3172 841 3256 (ram).
863 3175 976 3259 Neque
996 3169 1222 3258 improbabile
1246 3174 1295 3234 est
1317 3166 1496 3256 quodiam

168 3275 270 3341 Eam
300 3275 401 3342 habet
425 3284 458 3342 et
478 3279 606 3364 Lamp,
629 3277 738 3344 Calor.
761 3276 891 3364 Scltepq
919 3298 1052 3365 quoque
1071 3283 1223 3353 censent,
1246 3279 1391 3340 Marcum
1416 3296 1497 3340 voce

168 3381 232 3448 hac
252 3383 409 3450 llomanis
436 3383 526 3449 idem
548 3384 693 3449 voluisse
719 3383 912 3469 siguificare
933 3384 1025 3472 quod
1044 3383 1227 3448 Matthaeus
1247 3403 1341 3447 more
1361 3380 1497 3446 iudaice

167 3487 329 3554 indicavit
354 3511 362 3556 ;
388 3489 532 3556 dilatant
553 3490 766 3579 phylacteria
782 3512 844 3556 sua
867 3498 900 3556 et
917 3490 1139 3576 magnificant
1165 3488 1318 3554 fimbrias
1340 3488 1448 3575 (23‚5)
1466 3500 1498 3553 et

165 3594 314 3661 solutari
335 3596 371 3660 in
387 3599 484 3682 sore,
512 3597 630 3662 volunt
653 3597 871 3663 salutationes
890 3594 1070 3682 ἀσπασμούς
1089 3597 1123 3661 in
1151 3595 1245 3669 loris,
1270 3596 1305 3659 in
1333 3595 1413 3660 locis
1434 3616 1498 3682 pu-

170 3701 284 3782 blicis;
305 3710 472 3792 appetunt
487 3708 520 3768 et
535 3703 724 3791 postulant,
749 3711 785 3768 ut
804 3703 848 3768 ab
869 3704 1029 3769 omnibus
1048 3703 1204 3768 honoret
1225 3702 1415 3767 reverentia
1434 3700 1498 3765 sibi

168 3809 384 3886 exhibeatur3
404 3814 580 3898 praetcrea
594 3815 755 3898 expetunt
769 3815 802 3875 et
816 3810 880 3875 sibi
899 3811 996 3898 quasi
1011 3832 1071 3875 suo
1088 3811 1161 3874 iure
1182 3806 1355 3873 vindicant
1372 3807 1500 3895 primas

168 3914 264 3982 sedes
293 3917 326 3980 in
349 3915 534 4002 synagogis
560 3922 593 3981 et
620 3916 751 4005 primos
775 3915 880 3981 lectos
904 3917 939 3981 in
966 3917 1129 3981 conviviis
1150 3938 1180 3980 v.
1208 3921 1250 3981 39
1271 3926 1303 3979 et
1322 3914 1357 3978 iu
1379 3914 1499 4002 primis

170 4020 338 4088 catlredrr's
358 4022 471 4088 sedere
492 4024 529 4087 in
551 4023 735 4112 synopopis
755 4036 786 4088 ct
807 4023 937 4111 princes
957 4021 1141 4088 discribitur
1163 4021 1198 4086 in
1223 4021 1349 4097 coenes,
1371 4026 1500 4085 veteres

166 4131 256 4196 enim
275 4152 342 4195 non
362 4130 516 4196 sedentes
530 4129 590 4194 sed
609 4129 865 4195 discumbentes
880 4129 1034 4196 solebant
1051 4150 1194 4195 coenare
1208 4127 1266 4215 (cl.
1291 4131 1366 4192 Luc.
1389 4127 1496 4213 738),
1562 4113 1572 4125 ’

164 4242 198 4301 et
211 4236 384 4323 quomodo
399 4237 525 4325 primos
538 4235 719 4301 accubitus
731 4237 937 4325 appetierint
954 4235 1030 4302 vide
1046 4241 1123 4302 Luc.
1144 4242 1239 4315 lt,·l;
1258 4235 1338 4300 etin
1355 4238 1500 4299 tractatu

163 4341 347 4408 talmudico
375 4344 511 4409 lloriotlr
537 4343 595 4409 tot.
628 4349 668 4408 13
694 4342 715 4407 b
739 4345 948 4432 praecipitur
973 4350 1009 4408 ut
1031 4342 1138 4409 doctis
1158 4343 1192 4406 in
1215 4341 1291 4427 lege
1313 4361 1499 4428 eorumque

167 4447 244 4513 siliis
266 4451 366 4536 primi
390 4450 565 4517 accubitus
588 4451 622 4514 in
642 4450 809 4514 conviviis
830 4451 1047 4535 assignentur
1066 4448 1254 4538 (Wilnsclre
1276 4454 1408 4536 p.t01;
1430 4445 1499 4510 alia

166 4555 321 4643 exempla
334 4557 481 4641 ingentis
492 4557 691 4646 superbiae,
707 4555 912 4638 ambitionis,
928 4556 1145 4642 arrogantiae
1159 4555 1382 4620 rabbinorum
1397 4552 1501 4618 relert

168 4660 232 4727 Ed.
253 4666 276 4726 ll
295 4684 328 4749 p.
348 4670 409 4728 too
425 4686 495 4752 seq.
512 4672 544 4729 et
560 4661 745 4752 Liqlrtsoot,
763 4667 868 4728 llorae
882 4663 977 4729 hebr.
997 4664 1131 4729 adbuc.
1153 4663 1257 4748 lt,8).

211 4768 379 4856 adquam
395 4770 590 4857 superbiam
605 4769 733 4836 accedit
748 4769 890 4836 avaritia
906 4776 939 4834 et
954 4771 1061 4857 turpis
1076 4770 1248 4836 simulatio
1268 4768 1400 4857 quietatis
1410 4788 1440 4830 v.
1460 4772 1499 4831 to

168 4875 230 4964 qui
244 4873 406 4940 (lecerunt
420 4873 536 4941 domos
551 4875 732 4942 viduarum
741 4898 753 4958 ‚·
768 4877 811 4944 cl.
830 4876 943 4942 tratth.
962 4883 1080 4958 23,1t;
1099 4878 1243 4964 'turpiter
1257 4874 1358 4940 simul
1378 4880 1411 4938 et
1425 4894 1500 4937 cru-
