3960 5654
247 497 248 500 ’
357 506 397 565 40
889 526 982 570 usuc.
1007 511 1034 576 l,
1059 504 1160 565 lero.
1250 582 1251 587 ἵ

404 658 563 749 ,lpposite
576 658 643 719 iam
661 660 774 720 monet
787 658 879 724 Beda
896 681 907 723 :
924 677 1053 724 «nemo
1069 660 1183 722 autem
1199 663 1293 747 putet
1314 655 1534 722 traditionem
1552 652 1685 719 loannis

360 767 393 831 in
408 783 578 832 carcerem
596 759 709 826 statim
730 769 805 851 post
824 766 992 831 ieiunium
1013 760 1244 850 quadraginta
1259 762 1390 829 dierum
1407 768 1440 829 et
1461 758 1685 826 tentationem

359 872 490 939 Domini
516 869 653 932 factam.
677 870 832 958 Quisquis
858 871 949 936 enim
978 868 1110 935 loannis
1129 869 1346 957 evangelium
1372 869 1513 956 legerit,
1538 865 1687 931 inveniet

359 978 536 1045 Dominum
551 980 630 1039 ante
644 975 863 1041 traditionem
876 975 968 1042 illius
980 974 1085 1042 multa
1099 980 1132 1041 et
1142 976 1293 1044 docuisse
1306 980 1338 1039 et
1353 975 1515 1041 miracula
1526 971 1642 1039 fecisse
1656 997 1685 1036 ».

360 1083 497 1149 Reditus
514 1080 604 1145 enim
621 1082 655 1147 in
670 1080 855 1148 Galilaeam
871 1104 892 1147 a
907 1105 974 1171 quo
987 1083 1156 1169 synoptici
1172 1080 1401 1149 narrationem
1418 1083 1509 1147 vitae
1531 1077 1688 1170 publicae

359 1187 552 1266 ordiuntur,
571 1187 662 1254 idem
673 1195 725 1253 est
739 1185 780 1251 de
794 1209 862 1274 quo
878 1193 966 1254 loan.
986 1194 1054 1269 t,3.
1073 1191 1131 1268 [ὡς
1149 1212 1180 1254 ν.
1200 1196 1240 1256 lt
1253 1199 1434 1276 postquam
1448 1200 1564 1252 autem
1580 1181 1690 1252 trodi-

359 1306 412 1359 ms
426 1306 474 1359 est
487 1296 631 1360 loannes
646 1296 668 1359 i.
684 1316 713 1358 e.
731 1297 769 1379 τῇ
784 1295 903 1382 φυλακῇ
921 1293 1099 1383 (theoph.)
1115 1294 1151 1360 in
1170 1315 1357 1376 carcerem,
1380 1291 1428 1359 uti
1450 1292 1570 1359 merito
1585 1290 1690 1381 expli-

360 1405 439 1466 cant
456 1401 694 1467 communiter.
711 1398 828 1465 Solum
858 1399 1017 1467 Vollcmor
1032 1400 1206 1467 contendit
1220 1386 1428 1487 παραδοθῆναι
1441 1419 1506 1465 usu
1523 1397 1690 1464 constanti
1712 1440 1716 1447 -

362 1508 464 1595 primi
481 1507 607 1574 saeculi
626 1506 686 1594 qui
708 1506 775 1570 iam
798 1529 819 1572 a
839 1511 919 1573 Lxx
935 1505 1105 1592 originem
1123 1508 1249 1574 habeat
1268 1506 1427 1573 adhiberi
1447 1504 1489 1570 de
1507 1503 1691 1571 traditione

361 1612 405 1680 ad
422 1620 582 1692 mortem,
606 1633 712 1700 quare
731 1633 864 1679 sensum
888 1635 959 1679 esse
976 1620 1211 1700 postmortem
1235 1614 1368 1681 loannis
1384 1619 1493 1680 lesum
1509 1611 1640 1692 venisse
1654 1609 1690 1675 in

232 1741 254 1772 v
362 1721 557 1787 Galilaeam.
574 1724 613 1784 at
630 1740 821 1808 perperam.
839 1723 921 1785 Nam
933 1718 1076 1785 verbum
1091 1720 1217 1786 habere
1233 1721 1405 1786 notionem
1421 1718 1595 1800 tradendi,
1612 1737 1692 1807 pro-

362 1825 467 1893 dendi
486 1824 688 1913 simpliciter
705 1830 798 1913 patet
820 1849 859 1891 ex
884 1827 998 1891 Matth.
1021 1834 1119 1908 5253
1148 1832 1263 1907 10‚1'1;
1287 1824 1386 1908 18,3t
1405 1832 1469 1892 etc.
1491 1831 1585 1915 patet
1596 1846 1639 1890 ex
1653 1843 1693 1889 eo

362 1931 453 2021 quod
478 1931 577 1997 ludas
603 1933 662 2020 qui
691 1931 860 1998 Christum
886 1929 1028 1998 tradidit
1052 1932 1265 2022 principibus
1288 1933 1482 2022 appellatur
1502 1932 1517 1993 ὁ
1541 1916 1694 2018 παραδούς

365 2039 478 2104 Matth.
506 2045 596 2117 10,t.
621 2043 717 2104 Marc.
737 2043 815 2117 3,19
837 2044 901 2105 etc.
925 2045 958 2104 et
974 2045 1045 2104 Act.
1064 2045 1142 2122 3,13
1158 2040 1283 2105 dicitur
1306 2038 1348 2105 de
1362 2039 1493 2105 Christo
1508 2039 1566 2127 qui
1586 2035 1695 2104 Pilato

364 2143 508 2211 traditus
522 2151 588 2225 est,
615 2146 716 2211 etiam
732 2145 867 2232 saepius
881 2145 923 2211 de
938 2145 1010 2210 eius
1025 2146 1208 2212 traditione
1221 2145 1257 2210 in
1275 2150 1474 2235 potestatem
1489 2145 1645 2231 gentium
1661 2147 1695 2210 et

362 2248 576 2317 sacerdotum
592 2252 706 2317 Matth.
725 2257 841 2330 tw&
858 2257 977 2334 20,18;
994 2257 1108 2330 26,t5.
1124 2257 1221 2319 Mare.
1240 2258 1338 2332 9,31;
1357 2258 1472 2333 10,33;
1490 2251 1518 2317 si
1533 2251 1575 2318 de
1590 2248 1696 2317 tradi·

363 2360 455 2423 tione
468 2357 510 2423 ad
525 2364 669 2423 mortem
687 2380 798 2424 sermo
811 2365 872 2439 est,
892 2357 1049 2424 additum
1065 2360 1235 2449 reperitur
1250 2354 1290 2432 εἰς
1303 2353 1431 2420 θάνατον
1447 2358 1563 2425 Matth,
1580 2363 1692 2437 1031.

364 2469 461 2531 Marc.
480 2471 592 2543 13,st
613 2469 689 2531 Luc.
705 2470 818 2547 mo.
839 2465 872 2532 si
884 2465 993 2530 solum
1007 2466 1145 2555 ponitur
1158 2466 1200 2532 de
1215 2465 1395 2532 traditione
1410 2465 1458 2532 ad'
1470 2471 1628 2545 mortem,
1648 2464 1696 2530 uti
1719 2519 1721 2524 .

366 2576 461 2637 llom.
478 2578 570 2653 1⁸35,
592 2571 628 2637 id
644 2593 682 2637 ex
700 2571 853 2637 subiecta
870 2572 1012 2638 materia
1026 2573 1186 2639 omnibus
1207 2577 1287 2639 nota
1305 2573 1477 2662 provenit,
1497 2561 1639 2638 minime
1658 2592 1699 2637 ex

365 2677 505 2744 notione
531 2679 621 2745 vocis
648 2679 776 2744 nativa.
804 2679 975 2744 Christum
1005 2678 1144 2745 rediisse
1167 2680 1201 2744 in
1234 2679 1435 2760 Galilaeam,
1466 2684 1503 2745 ut
1530 2676 1696 2744 invidiam

365 2785 626 2873 pharisaeorum
647 2784 849 2865 declinaret,
871 2808 910 2851 ex
931 2788 1022 2851 toan.
1044 2775 1097 2867 t,l
1118 2786 1332 2852 manifestum
1347 2792 1411 2864 est;
1429 2791 1543 2852 cetera
1562 2784 1639 2878 vide
1653 2783 1697 2851 ad

367 2891 480 2957 natm.
503 2898 594 2973 aaa.

411 2996 553 3063 Galilaei
578 3004 692 3064 autem
714 3003 919 3088 exceperunt
938 3021 1033 3081 eum,
1051 3020 1130 3064 cum
1149 3000 1262 3065 omnia
1284 2998 1445 3065 vidissent
1467 3019 1556 3086 quae
1573 2998 1700 3064 lecerat

367 3103 576 3190 {erosolymis
586 3106 622 3169 in
632 3104 688 3171 die
702 3108 783 3171 festo
794 3105 900 3194 (toan.
914 3106 1027 3193 a,t5);
1043 3107 1132 3171 inter
1144 3127 1199 3171 eos
1210 3105 1325 3194 itaque
1338 3105 1490 3171 securius
1502 3126 1543 3170 ac
1553 3103 1701 3193 quietius

366 3210 491 3296 degere
504 3216 638 3298 poterat
655 3217 688 3277 et
702 3211 893 3277 doctrinam
908 3233 1071 3300 spargere
1078 3212 1282 3302 praedicans
1297 3209 1513 3300 euunpelium
1529 3210 1628 3299 requi
1639 3209 1702 3276 Dei

368 3317 422 3382 vel
437 3317 652 3405 euunqelium
670 3316 745 3400 Dei,
762 3319 784 3384 i.
809 3339 837 3383 e.
860 3317 1020 3384 nuntium
1037 3317 1134 3384 illum
1151 3319 1279 3384 bonum
1293 3341 1332 3384 ac
1349 3317 1583 3397 salutiferum,
1603 3314 1702 3393 cuius

369 3427 488 3489 auctor
513 3429 563 3490 est
582 3428 667 3490 Deus
692 3426 750 3514 qui
771 3423 868 3489 illum
892 3425 996 3489 mittit
1016 3430 1129 3512 etper
1153 3423 1274 3490 Filium
1298 3447 1397 3491 suum
1425 3422 1701 3490 annuntiandum

369 3537 476 3595 curat.
504 3533 542 3594 Et
566 3531 677 3618 qualis
695 3532 739 3595 sit
757 3531 819 3597 iste
843 3532 1001 3612 nuntiuS,
1028 3531 1182 3597 breviter
1206 3530 1402 3596 declaratur
1420 3553 1452 3595 v.
1479 3537 1518 3597 15
1539 3530 1702 3618 quomam

369 3635 420 3696 ὅτι
434 3635 507 3702 scil.
525 3658 594 3725 qua
608 3637 777 3725 particula
792 3638 960 3704 sententia
974 3637 1164 3717 inducitur,
1183 3635 1232 3698 ὅτι
1248 3636 1465 3704 recitativum
1485 3639 1623 3716 vocant,
1640 3635 1703 3701 im·

367 3741 499 3832 pletum
512 3756 560 3809 est
571 3755 716 3832 tempus,
728 3742 788 3809 illa
801 3745 897 3832 quasi
911 3765 1080 3810 annorum
1096 3764 1254 3809 mensura
1266 3765 1369 3833 quam
1384 3748 1470 3809 Deus
1480 3756 1704 3832 prosuapro·

372 3848 523 3916 videntia
538 3851 711 3916 constituit
726 3848 769 3916 ad
781 3871 927 3936 regnum
943 3849 1074 3936 gratiae
1086 3871 1167 3915 suae
1176 3849 1392 3916 condendum
1408 3851 1474 3916 hoc
1484 3871 1575 3916 anno
1590 3857 1624 3915 et
1640 3849 1704 3915 hoe

371 3962 526 4044 tempore
548 3956 688 4046 impleta
704 3961 768 4038 est;
790 3957 886 4023 adest
907 3956 967 4022 illa
988 3955 1164 4046 plenitudo
1182 3957 1346 4046 temporis
1367 3980 1435 4045 qua
1458 3956 1562 4022 mittit
1584 3956 1704 4021 Filium

371 4084 469 4128 suum
483 4063 569 4151 (Gal.
584 4069 657 4144 t‚a;
670 4063 776 4130 Euro.
792 4062 873 4130 Bed.
888 4061 964 4129 Alo.
986 4064 1067 4130 Viet.
1081 4075 1152 4129 ant.
1168 4062 1309 4146 Mald.);
1329 4092 1344 4123 «
1360 4062 1557 4151 impletum,
1574 4063 1703 4151 inquit,

372 4176 420 4234 est
442 4177 618 4258 tempusa
641 4175 756 4251 Patre,
782 4170 912 4236 scilicet
934 4170 978 4236 ab
998 4175 1137 4236 aeterno
1161 4170 1437 4259 praedefinitum,
1463 4192 1484 4234 a
1507 4168 1582 4255 lege
1602 4173 1705 4257 atque

372 4275 550 4366 prophetis
568 4278 650 4342 olim
665 4276 895 4366 praedictum,
913 4283 1013 4365 atque
1031 4299 1051 4342 a
1067 4276 1179 4356 vobis,
1198 4277 1266 4342 iam
1282 4275 1341 4341 diu
1356 4279 1603 4365 exspectatum,
1622 4282 1706 4341 tem-

373 4404 437 4470 pus
447 4384 596 4466 gratiae,
610 4389 744 4472 tempus
754 4383 887 4465 salutis,
901 4388 1035 4472 tempus
1047 4383 1248 4450 revelandae
1257 4389 1289 4448 et
1299 4381 1511 4448 exhibendae
1523 4382 1674 4448 veritatis
1688 4408 1704 4442 u

374 4487 505 4577 (latui.
522 4489 665 4575 Vigebat
679 4513 718 4557 eo
732 4497 885 4579 tempore
901 4491 1101 4578 exspectatio
1111 4491 1242 4555 Messiae
1257 4511 1344 4578 quae
1358 4512 1397 4554 cx
1419 4489 1578 4555 vaticinio
1590 4488 1709 4555 [lanie

375 4595 415 4660 lis
427 4600 506 4676 {att
520 4595 608 4662 hene
625 4598 830 4686 explicatum
843 4618 955 4662 nonne
971 4619 1009 4662 ex
1021 4596 1086 4663 hoe
1098 4596 1237 4662 oraculo
1249 4617 1383 4685 quoque
1397 4595 1513 4662 licebit
1523 4595 1705 4684 explicare,

377 4723 438 4767 cur
461 4703 615 4768 Christus
636 4702 678 4768 de
698 4705 837 4794 impleto
857 4710 1011 4793 tempore
1026 4725 1216 4769 sermonem
1238 4702 1382 4768 inierat?
1404 4724 1483 4768 eum
1508 4702 1624 4768 autem
1645 4701 1709 4768 hoe

376 4808 554 4875 oraculum
572 4809 753 4896 designare
768 4835 807 4879 eo
823 4813 934 4898 magis
950 4809 1126 4899 probabile
1142 4810 1287 4890 videtur,
1306 4811 1388 4899 quia
1405 4831 1467 4875 cur
1482 4814 1565 4875 tunc
1581 4809 1713 4876 llessias

376 4917 420 4982 sit
437 4922 662 5003 exspectatus,
690 4919 744 4984 vix
763 4920 863 4986 aliter
880 4941 985 5007 quarn
1008 4940 1048 4985 ex
1064 4917 1197 4984 Daniele
1215 4918 1295 4984 satis
1313 4917 1480 4984 declarari
1501 4916 1639 5004 poterit.
1658 4915 1709 4983 sd
