3960 5654
1799 459 1857 520 139
1960 504 1964 513 .

523 610 637 676 miseri
651 612 800 680 hominis
812 609 1007 680 conditione
1022 611 1130 678 oculis
1142 609 1326 678 subiicitur
1341 629 1372 672 v.
1393 614 1411 675 t
1430 607 1594 696 quoniam
1609 627 1709 698 saepe
1724 599 1859 696 compe-

522 714 617 786 ditus
631 733 663 787 et
679 720 807 787 eatenis
823 717 956 782 uinctus
968 716 1152 808 dirupisset
1165 726 1303 782 cotenes
1315 724 1348 780 et
1367 712 1544 803 compedes
1558 713 1810 781 comminuisset
1826 725 1858 780 et

522 847 619 893 nemo
633 837 772 917 poterat
784 844 862 889 cum
880 821 1020 892 domare
1025 847 1041 910 ,·
1055 846 1133 892 cum
1147 826 1286 912 praeter
1300 820 1484 911 compedes
1503 807 1600 892 πέδας
1613 825 1858 888 enumerentur

521 930 659 1010 ἁλύσεις,
680 935 794 997 censet
812 930 950 998 Sonant
973 933 1048 998 voci
1067 930 1123 996 hic
1145 927 1251 994 tribui
1271 929 1447 994 notionem
1471 927 1702 1007 manicarum;
1723 933 1758 994 at
1778 949 1853 1017 pro·

520 1039 608 1106 fecto
623 1040 772 1126 praestat
789 1059 908 1104 vocem
928 1036 1178 1123 significatione
1194 1056 1257 1101 sua
1271 1033 1425 1121 generali
1444 1039 1644 1100 catenarum
1660 1033 1713 1100 vel
1734 1035 1852 1100 vincu-

520 1144 633 1210 lorum
643 1143 800 1210 retinere.
814 1145 975 1210 Homines
986 1142 1079 1208 enim
1091 1141 1211 1208 furiosi
1225 1162 1296 1207 non
1308 1141 1420 1207 solum
1432 1140 1470 1206 in
1479 1139 1853 1230 manibusetpedibns,

519 1248 712 1329 sedetiam,
728 1249 757 1316 si
771 1270 857 1339 opus
871 1254 938 1328 est,
956 1249 1048 1314 circa
1064 1254 1181 1337 pectus
1196 1253 1230 1314 et
1248 1247 1357 1313 latera
1370 1247 1500 1313 catenis
1518 1246 1783 1333 adstringuntur
1800 1248 1855 1314 vel

519 1362 609 1422 certe
638 1356 719 1422 olim
745 1356 898 1423 adstricti
924 1360 1016 1421 sunt.
1044 1355 1171 1420 Dicitur
1199 1374 1278 1420 eum
1310 1353 1553 1420 comminuisse
1580 1353 1762 1443 compedes
1785 1376 1855 1417 σνν·

518 1460 697 1552 eripietur,
714 1485 771 1530 eas
784 1483 855 1529 esse
874 1461 1053 1540 contritas,
1074 1482 1144 1551 qua
1160 1481 1242 1526 voce
1263 1459 1445 1549 compedes
1466 1481 1505 1526 ex
1524 1459 1664 1527 lunibus
1683 1461 1737 1527 vel
1752 1462 1847 1551 ligno

519 1570 689 1637 rnniectae
703 1568 942 1654 designantur.

565 1676 729 1742 Videntur
746 1673 929 1741 daemones
947 1674 983 1740 in
1005 1696 1044 1740 eo
1058 1673 1197 1740 homine
1216 1671 1362 1739 voluisse
1381 1673 1572 1762 exprimere
1591 1673 1849 1741 similitudinem

517 1803 598 1847 suae
616 1782 768 1871 ipsorum
787 1782 963 1863 miseriae,
987 1779 1252 1870 desperationis,
1269 1778 1496 1847 damnationis
1515 1801 1548 1847 v.
1566 1787 1585 1848 5
1601 1791 1634 1847 et
1652 1802 1784 1871 semper
1797 1778 1851 1848 die

518 1900 683 1968 ocnocte,
701 1909 849 1974 graece:
871 1893 969 1954 nocte
985 1908 1025 1953 ac
1039 1885 1112 1966 die,
1130 1886 1178 1952 uti
1198 1890 1272 1952 Act.
1294 1891 1414 1969 20,31;
1434 1891 1526 1967 aar.
1551 1888 1567 1953 1
1589 1887 1704 1954 Thess.
1721 1894 1797 1971 2,9;
1817 1894 1850 1970 ³,

521 2002 578 2076 1u;
591 2017 673 2061 num
685 1995 749 2076 ita,
762 1994 845 2084 quia
855 1993 970 2061 ludaei
978 1993 1071 2060 diem
1081 2014 1102 2059 a
1114 2014 1258 2082 vespera
1267 1991 1500 2059 inchoabant?
1508 1993 1569 2059 sed
1579 1993 1704 2060 dicitur
1716 2016 1852 2085 quoqne

517 2103 630 2190 ἡμέρας
641 2097 694 2163 καὶ
705 2099 812 2175 νυκτὸς
831 2122 900 2167 non
917 2099 1030 2167 solum
1050 2104 1224 2181 Luc.18,'t
1245 2098 1305 2166 sed
1327 2100 1432 2166 etiam
1452 2104 1556 2190 Apoc.
1583 2105 1657 2180 t,s;
1676 2098 1768 2179 r,15.
1792 2106 1848 2185 12,

522 2216 561 2275 10
577 2214 654 2290 etc.;
671 2210 707 2274 in
717 2207 943 2274 monumentis
956 2206 1036 2273 etin
1048 2205 1218 2273 montibus
1227 2218 1303 2273 erat
1312 2206 1465 2273 clamans
1477 2219 1510 2274 et
1523 2206 1701 2274 concidens
1713 2230 1747 2274 se
1759 2208 1849 2299 lapi-

517 2314 625 2382 dibus.
641 2315 711 2381 Tali
724 2336 803 2381 cum
813 2321 899 2380 esset
912 2314 1102 2394 ferocitate,
1113 2334 1214 2380 nemo
1225 2334 1305 2379 eum
1317 2312 1490 2380 adducere
1500 2313 1662 2402 potuisset
1672 2313 1717 2381 ad
1726 2319 1846 2382 lesum.

456 2508 458 2513 s
517 2427 607 2488 lesus
626 2444 688 2512 pro
709 2443 770 2487 sua
789 2419 1026 2488 misericordia
1045 2420 1179 2487 homini
1198 2442 1234 2486 se
1254 2419 1392 2485 obviam
1411 2419 1478 2486 fert
1497 2425 1530 2486 et
1545 2441 1609 2510 pro
1623 2441 1685 2487 sna
1702 2422 1854 2510 potentia

452 2514 455 2520 ’
518 2528 699 2594 daemones
711 2528 755 2594 ad
769 2527 822 2594 sui
839 2527 1044 2618 obsequium
1062 2532 1095 2593 et
1111 2525 1368 2593 venerationem
1383 2525 1496 2612 adigit
1509 2549 1542 2595 v,
1565 2532 1585 2594 6
1605 2526 1720 2594 uidens
1735 2540 1861 2596 autem.

518 2637 628 2702 lesum
639 2658 660 2701 a
675 2634 773 2725 lonqe
784 2633 935 2701 cucurrit
951 2647 985 2700 et
1000 2632 1158 2701 adoravit
1173 2655 1247 2699 eum
1255 2685 1267 2717 ,
1283 2631 1520 2721 προσεκύνησεν,
1538 2633 1686 2723 procidit
1698 2633 1742 2700 ad
1752 2633 1857 2726 pedes

518 2743 606 2824 eius,
623 2764 657 2808 se
672 2741 856 2830 prostravit
869 2763 984 2807 coram
1008 2762 1063 2821 e0;
1084 2762 1147 2830 pro
1166 2762 1236 2831 qua
1254 2762 1335 2807 voce
1354 2741 1390 2806 in
1404 2740 1487 2807 locis
1501 2739 1675 2830 parallelis
1698 2740 1853 2831 quando·

518 2871 583 2939 que
602 2849 742 2938 ponitur
755 2850 951 2936 γονυπετεῖν,
969 2843 1096 2910 πίπτειν
1116 2841 1163 2910 ἐπὶ
1181 2842 1356 2934 πρόσωπον,
1377 2843 1451 2936 πρὸς
1468 2847 1539 2921 τοὺς
1559 2836 1659 2921 πόδας
1678 2846 1735 2937 (cl.
1752 2851 1849 2916 blare,

521 2962 616 3037 1,t0;
634 2961 724 3039 532.
741 2960 820 3022 Luc.
838 2961 936 3037 5,1n;
954 2953 1353 3044 8,1t)quemadmodum
1373 2956 1410 3021 in
1425 2952 1545 3021 eadem
1561 2955 1756 3021 narratione
1775 2959 1852 3022 Luc.

518 3066 598 3141 838
608 3062 712 3128 habet
725 3083 732 3129 :
744 3061 774 3128 is
786 3067 823 3127 ut
836 3060 920 3127 vidit
930 3066 1055 3143 lesum,
1068 3059 1306 3150 prociditante
1322 3062 1417 3128 illum
1436 3062 1615 3150 προσέπεσεν
1630 3059 1727 3140 αὐτῷ,
1747 3065 1849 3150 atque

518 3167 637 3234 eadem
659 3168 762 3234 etiam
780 3167 1033 3254 significatione
1057 3167 1201 3234 adorare
1225 3174 1424 3257 usurpatur;
1448 3189 1480 3234 v.
1499 3175 1519 3232 7
1546 3180 1579 3234 et
1602 3167 1755 3234 clemens
1775 3188 1855 3234 voce

519 3296 645 3362 moqno
664 3272 776 3340 derit:
797 3273 882 3364 quid
893 3273 982 3340 mitri
997 3287 1030 3340 et
1047 3272 1118 3353 tibi,
1135 3275 1211 3340 lesu
1228 3273 1297 3341 Fili
1307 3274 1373 3341 Dei
1381 3274 1564 3341 altissimi?
1576 3275 1749 3342 cruciatur
1765 3273 1857 3339 enim

520 3381 664 3447 daemon
680 3382 872 3470 praesentia
892 3381 1025 3446 Domini
1039 3387 1073 3446 et
1085 3380 1307 3447 invisibiliter
1323 3381 1517 3467 flagellatur
1536 3387 1570 3447 et
1585 3381 1697 3447 uritur
1714 3385 1747 3446 et
1765 3380 1854 3447 into·

519 3486 678 3553 lerabilia
694 3488 821 3576 pat-itur
831 3487 842 3576 (
853 3487 935 3554 Viet.
948 3486 1070 3575 lans.);
1085 3486 1176 3553 unde
1192 3488 1228 3553 in
1243 3488 1547 3577 expostulationem
1563 3487 1768 3578 prorumpit.
1784 3491 1855 3566 Quo

519 3615 621 3661 sensu
634 3601 808 3682 queratur,
826 3593 930 3660 etiam
950 3594 1061 3660 elucet
1074 3616 1115 3660 ex
1134 3594 1250 3660 llatth.
1272 3601 1352 3676 839
1371 3617 1379 3663 :
1401 3594 1521 3661 venisti
1538 3595 1606 3666 huc
1626 3606 1705 3661 ante
1727 3606 1858 3684 tempus

519 3708 676 3788 torquere
693 3703 774 3767 nos?
789 3699 942 3766 nondum
957 3722 1027 3767 esse
1050 3706 1183 3790 tempus
1203 3723 1272 3789 quo
1291 3703 1326 3766 in
1347 3723 1520 3768 carcerem
1539 3705 1726 3768 tartareum
1744 3698 1852 3767 inclu-

519 3806 621 3872 dendi
639 3808 706 3873 siut
732 3807 824 3897 (vide
846 3807 1034 3875 Commeat.
1060 3808 1096 3873 in
1119 3808 1235 3874 ltatth.
1259 3812 1270 3875 l
1294 3831 1328 3898 p.
1353 3809 1446 3898 335).
1472 3812 1559 3875 Voce
1578 3807 1728 3874 hominis
1749 3807 1857 3873 utitur

520 3913 665 3979 daemon
674 3920 707 3980 et
721 3914 905 3981 confitetur
915 3917 986 3980 lesu
1000 3920 1159 3981 naturam
1174 3913 1339 3982 divinam.
1353 3916 1415 3994 Qui
1425 3915 1532 4002 igitur
1541 3936 1609 3981 non
1618 3913 1855 3981 intellexerunt

521 4020 605 4109 qnid
617 4041 710 4086 mare
723 4020 935 4087 tumultuans
947 4021 1114 4087 etiterum
1127 4021 1305 4109 quiescens
1315 4022 1545 4111 profiteretur.
1560 4021 1596 4087 id
1607 4044 1698 4088 nunc
1710 4020 1856 4088 audiunt

522 4148 543 4192 a
557 4125 779 4193 daemonibus
793 4126 983 4209 enuntiari,
1005 4125 1096 4192 idem
1115 4126 1189 4193 scil.
1210 4127 1306 4218 quod
1328 4150 1421 4195 mare
1435 4129 1511 4218 ipsa
1527 4150 1589 4194 sua
1603 4126 1852 4217 tranquillitate

523 4232 698 4312 clamavit,
717 4239 754 4298 ut
775 4235 856 4300 Viet.
874 4232 1029 4300 adnotat.

568 4345 594 4404 Α
607 4360 687 4404 voce
700 4339 943 4430 expostulantis
959 4345 993 4406 et
1007 4341 1246 4430 conquerentis
1262 4341 1377 4407 statim
1395 4342 1516 4408 transit
1529 4341 1574 4408 ad
1589 4364 1706 4408 vocem
1723 4341 1852 4430 suppli-

523 4446 646 4523 cantis3
662 4445 780 4512 haeret
794 4450 924 4537 quippe
944 4446 1108 4530 daemon,
1126 4451 1163 4514 ut
1182 4448 1274 4513 lans.
1292 4448 1356 4530 ait,
1374 4449 1463 4514 inter
1480 4448 1660 4515 audaciam
1676 4454 1710 4515 et
1723 4453 1854 4514 metum
1885 4479 1888 4484 ·

524 4558 558 4619 et
573 4553 802 4642 pertimerem
824 4560 1006 4620 veneratur
1020 4575 1097 4619 eum
1113 4575 1217 4642 quem
1233 4560 1271 4620 ut
1285 4554 1338 4621 sni
1355 4553 1503 4621 iudicem
1524 4559 1558 4621 et
1572 4557 1670 4642 regui
1690 4556 1742 4622 sni
1760 4576 1856 4621 ever·

523 4682 633 4725 sorem
649 4659 727 4725 odio
743 4658 862 4736 habet;
879 4660 1001 4726 adiuro
1015 4672 1045 4726 te
1060 4682 1123 4750 per
1138 4664 1247 4728 Derim
1263 4682 1305 4726 ne
1320 4682 1374 4728 me
1391 4674 1549 4752 torqueas
1569 4661 1591 4728 i.
1608 4685 1638 4730 e.
1658 4662 1809 4729 obtestor
1823 4667 1855 4728 te

525 4789 585 4855 per
597 4770 717 4848 Deum,
730 4767 871 4856 supplex
886 4767 1016 4854 tlagito.
1034 4771 1184 4834 Daemon
1200 4769 1384 4835 enimcum
1403 4769 1470 4836 suis
1482 4769 1642 4859 precibus
1655 4769 1742 4836 nihil
1759 4769 1859 4836 sciret

526 4875 648 4940 merito
666 4872 904 4955 tribuendum,
926 4874 1033 4941 divini
1051 4875 1200 4942 nominis
1217 4877 1420 4943 auctoritate
1438 4875 1640 4965 interposita
1657 4898 1761 4967 quam
1779 4898 1859 4965 gra·
