3960 5654
224 37 283 83 ’,ρ’
311 38 317 47 ’
343 37 479 79 aeg-garg&-
522 39 651 79 -'¹'3‘-¹.''T'-1'52
656 39 1136 89 ›‡,g·5='355512‘·.71=st'4<¹22²,s't-343q‘.38231
1165 42 1214 77 1¹53·
1233 44 1260 63 :-.

928 331 1017 379 nac.
1040 318 1071 390 8,
1094 319 1198 383 ΜΟ.
1666 313 1726 374 219

398 471 498 530 strare
517 468 550 532 in
565 471 634 535 lesu
653 469 849 535 manifestari
868 469 1038 533 coelestem
1057 469 1217 552 quandam
1236 485 1273 530 ac
1288 468 1429 530 divinam
1450 467 1600 528 virtutem
1616 469 1648 525 ct
1667 480 1724 543 po·

399 571 555 632 testatem.
572 571 657 644 Quae
676 569 757 632 ratio
772 567 876 629 solum
893 572 959 631 turn
974 570 1151 651 quidquam
1164 566 1230 628 veri
1247 567 1393 636 haberet,
1408 565 1435 626 si
1449 566 1502 626 illa
1517 561 1724 645 promissione

398 667 476 728 nibil
492 669 579 732 aliud
595 667 816 731 contineretur
834 667 896 733 nisi
912 669 1027 748 aliquis
1044 668 1148 729 honor
1162 666 1222 727 soli
1237 665 1331 728 Petro
1348 681 1421 744 prae
1437 663 1508 724 aliis
1525 663 1672 734 collatus,
1691 663 1727 721 ut

397 772 482 829 osset
494 767 616 847 primus
631 765 716 825 inter
729 781 832 842 pares.

437 864 525 938 Quod
541 863 617 924 olim
632 862 712 924 Besa
726 865 855 944 scripsit
871 883 878 926 :
895 887 911 920 a
925 865 998 945 quis
1009 863 1183 926 crediderit
1195 863 1244 924 vel
1261 864 1368 943 ipsum
1381 861 1510 923 Petrum
1524 859 1572 920 vel
1590 862 1725 920 Marcum

398 961 643 1042 praeteriturum
661 961 761 1024 luisse
777 962 857 1025 illud
873 969 909 1025 tu
924 981 958 1026 es
972 965 1100 1041 Petrus,
1118 963 1144 1023 si
1158 961 1317 1024 Ecclesiae
1335 958 1523 1022 christianae
1539 957 1725 1019 tundamen-

398 1067 467 1122 tum
483 1059 514 1119 in
530 1059 579 1121 his
595 1061 700 1123 verbis
714 1061 814 1122 situm
826 1079 896 1123 esse
911 1061 1190 1134 existimassent»,
1208 1061 1304 1122 etiam
1319 1077 1337 1121 a
1352 1057 1580 1120 recentioribus
1594 1055 1726 1135 quibus·

396 1159 471 1220 dam
485 1158 669 1222 acatholicis
686 1159 844 1239 repetitur
856 1159 909 1239 (ci.
932 1158 1043 1235 Weiss,
1059 1157 1153 1236 Coei,
1169 1157 1233 1220 Ed.
1251 1159 1277 1220 ll
1291 1177 1322 1238 p.
1338 1157 1402 1236 81).
1420 1156 1545 1235 Utique,
1561 1155 1586 1215 si
1605 1155 1726 1215 llarcus

397 1256 576 1336 scripsisset
590 1263 735 1337 tempore
750 1255 897 1332 butheri,
912 1259 1007 1321 verba
1021 1258 1077 1321 illa
1094 1257 1353 1339 probabilissime
1369 1273 1434 1317 non
1448 1254 1620 1316 omisisset.
1637 1251 1725 1324 Quod

397 1355 449 1416 isti
469 1356 592 1431 volunt,
612 1355 699 1417 idem
721 1361 826 1417 estac
846 1357 962 1434 siquis
986 1357 1064 1419 ortis
1087 1355 1373 1436 disceptationibus
1397 1354 1436 1416 de
1461 1370 1534 1414 vera
1556 1351 1669 1414 Christi
1693 1350 1725 1410 in

397 1454 596 1516 Eucharistia
610 1454 789 1533 praesentia
804 1458 967 1535 argueret:
982 1455 1057 1536 quis
1069 1454 1241 1518 crediderit
1255 1453 1463 1534 evangelistas
1475 1456 1507 1513 et
1519 1450 1650 1537 Paulum
1660 1465 1724 1509 non

397 1552 539 1614 dicturos
553 1552 651 1614 luisse
666 1552 762 1614 verba
782 1553 836 1614 illa
854 1571 924 1615 esse
944 1554 1125 1617 litteraliter
1140 1554 1228 1616 nulla
1247 1551 1434 1632 metaphora
1451 1551 1588 1612 admissa
1607 1548 1724 1610 intelli·

395 1650 509 1730 ganda,
523 1651 549 1711 si
565 1656 673 1713 essent
684 1649 864 1713 litteraliter
875 1652 1071 1733 accipienda,
1084 1669 1205 1732 eosque
1217 1652 1257 1713 de
1269 1650 1488 1731 magnitudine
1501 1647 1643 1710 miraculi
1656 1664 1725 1708 mo·

396 1765 472 1810 nere
488 1749 584 1810 luisse
599 1750 797 1811 omissuros?
811 1752 978 1813 Praeterea
992 1751 1026 1812 in
1040 1750 1226 1830 primordiis
1241 1753 1286 1812 rei
1301 1749 1500 1819 christianae,
1515 1747 1590 1809 dum
1607 1747 1725 1824 ubique

395 1848 531 1926 apostoli
549 1849 610 1927 ipsi
625 1852 734 1911 coetus
752 1849 1000 1911 Christianorum
1015 1855 1183 1939 nascentes
1199 1855 1360 1929 regerent,
1376 1867 1438 1909 non
1452 1865 1530 1926 opus
1547 1847 1605 1907 luit
1621 1852 1655 1905 ut
1672 1845 1725 1905 l'o·

395 1949 463 2006 trus
481 1945 598 2024 ubique
613 1946 812 2025 praedicaret
830 1965 864 2009 sa
879 1964 948 2010 esso
962 1947 1147 2027 primatem.
1164 1950 1276 2028 Neque
1296 1965 1372 2009 sane
1388 1948 1490 2008 Marco
1505 1946 1565 2007 luit
1579 1943 1724 2023 proposi-

396 2049 466 2105 tum
482 2048 579 2105 totam
597 2050 629 2105 et
648 2045 805 2125 integram
819 2045 997 2108 doctrinam
1012 2049 1044 2107 et
1059 2046 1297 2108 institutionem
1313 2045 1426 2108 Christi
1447 2062 1503 2107 suo
1518 2043 1624 2104 libello
1638 2059 1725 2103 com-

395 2141 591 2222 prehendere
612 2160 719 2222 neque
741 2144 893 2205 omnibus
915 2144 1103 2207 haeresibus
1124 2163 1207 2225 quae
1225 2145 1375 2206 exsistere
1399 2151 1527 2224 possent
1549 2157 1723 2203 occurrere.

397 2241 465 2302 Pari
486 2241 609 2302 ratione
632 2241 696 2303 dici
719 2246 829 2320 posset
845 2242 1042 2323 baptismum
1060 2243 1092 2305 in
1112 2244 1245 2305 nomine
1265 2244 1367 2305 Patris
1389 2248 1421 2304 et
1444 2241 1511 2304 Filii
1536 2246 1568 2301 et
1590 2238 1725 2319 Spiritus

395 2339 493 2400 sancti
512 2325 802 2402 administrandum
826 2340 958 2404 minime
981 2359 1052 2404 esse
1074 2346 1179 2404 tantae
1203 2340 1415 2413 necessitatis,
1435 2341 1508 2419 quia
1527 2339 1602 2400 alias
1621 2353 1724 2415 neque

397 2438 518 2499 Marcus
530 2455 632 2516 neque
648 2439 747 2500 Lucas
758 2457 862 2518 neque
875 2441 1010 2503 Ioannes
1024 2441 1115 2502 illam
1129 2441 1311 2521 potuissent
1326 2443 1429 2501 tacere
1444 2438 1672 2500 necessitatem.
1689 2437 1725 2496 Et

394 2552 441 2597 sic
454 2553 559 2615 porro.

439 2719 528 2783 lesus
540 2720 653 2784 autem
671 2739 702 2784 v.
721 2723 764 2785 30
780 2717 1006 2786 comminatus
1021 2731 1071 2786 est
1084 2718 1148 2801 eis,
1170 2713 1371 2808 incriptione,
1396 2738 1510 2785 severe
1526 2715 1720 2794 admonuit,

393 2822 515 2892 additis
534 2823 636 2891 minis
651 2824 842 2908 interdixit,
863 2848 906 2894 ne
920 2825 978 2894 eui
992 2824 1144 2895 dicerent
1156 2824 1197 2894 de
1213 2826 1272 2894 illo
1283 2880 1291 2910 ,
1302 2826 1346 2894 de
1359 2848 1405 2907 se,
1424 2847 1458 2893 se
1475 2846 1544 2892 esse
1559 2823 1721 2891 llessiam.

393 2935 475 2999 Cum
490 2932 581 3000 enim
603 2931 729 3021 vulgus
749 2955 770 2999 a
792 2932 878 3001 ialsa
891 2932 952 3002 illa
970 2935 1222 3026 exspectatione
1242 2956 1312 3002 non
1326 2935 1453 3001 sineret
1466 2954 1537 2999 sese
1555 2931 1721 3006 avellere,

394 3039 475 3128 quid
494 3040 590 3108 fieret
610 3041 639 3107 si
657 3039 774 3132 palam
793 3040 922 3132 ubique
940 3042 1212 3133 proclamaretur
1237 3042 1385 3109 llessiam
1404 3063 1473 3108 esse
1493 3039 1726 3130 praesentem?

394 3150 538 3238 Tempus
556 3147 674 3215 adesse
693 3147 873 3216 crederent
891 3148 1012 3217 turbae
1028 3149 1103 3237 iugi
1124 3153 1357 3217 Romanorum
1376 3147 1583 3225 excutiendi,
1606 3168 1724 3213 omnes

394 3254 604 3341 alienigenas
623 3253 817 3345 expellendi
840 3255 885 3324 ab
907 3256 992 3324 urbe
1015 3261 1134 3324 sancta
1154 3263 1239 3339 etc.;
1266 3257 1414 3324 maxima
1437 3257 1543 3343 igitur
1571 3261 1604 3322 et
1626 3253 1723 3321 valdo

394 3360 582 3452 perniciosa
600 3362 748 3430 oriretur
765 3362 944 3432 turbarum
963 3364 1160 3432 concitatio.
1181 3369 1359 3432 Praeterea
1374 3385 1452 3431 cum
1477 3363 1578 3430 etiam
1593 3363 1641 3452 pii
1657 3362 1722 3428 mi·

394 3471 486 3536 nime
498 3470 623 3536 assueti
638 3475 749 3537 essent
763 3470 827 3561 (uli
847 3471 883 3538 in
903 3470 986 3563 ipsis
1000 3472 1163 3562 apostolis
1175 3471 1352 3561 discimus)
1371 3471 1521 3538 Messinm
1536 3470 1720 3561 patientem

394 3582 428 3645 et
444 3576 643 3644 morientem
660 3576 727 3645 sihi
741 3577 998 3666 animofingere
1008 3585 1042 3647 et
1057 3579 1210 3663 credere,
1225 3577 1436 3670 parcendum
1452 3583 1525 3647 erat
1538 3601 1581 3645 ne
1595 3580 1621 3644 si
1633 3599 1723 3645 nuno

394 3707 472 3752 eum
494 3684 642 3753 blessiam
663 3707 735 3753 esse
749 3685 933 3768 discerent,
963 3691 1081 3777 postea
1112 3686 1265 3756 videntes
1288 3708 1367 3754 eum
1393 3686 1479 3754 adeo
1500 3685 1722 3774 ignominiose

395 3792 605 3861 contumeliis
618 3793 777 3862 affectum
786 3798 818 3860 et
830 3792 1265 3886 indignissimapatientem
1278 3801 1312 3863 et
1324 3793 1447 3862 acerbe
1461 3794 1720 3884 interemptum,

394 3899 709 3968 scandalizarentur
726 3901 819 3969 etad
837 3902 989 3992 priorem
1014 3901 1169 3970 redirent
1193 3901 1466 3970 incredulitatem
1494 3902 1612 3990 (Ereti.
1640 3900 1720 3967 Bed.

395 4005 497 4094 Ata).
522 4008 617 4074 Prius
638 4008 730 4074 enim
754 4008 865 4095 gloria
885 4010 1145 4077 resurrectionis
1165 4010 1274 4078 iactae
1298 4014 1371 4077 erat
1390 4008 1589 4077 scandalum
1615 4008 1724 4076 crucis

395 4113 655 4197 removendum;
672 4120 746 4181 tum
759 4114 898 4185 demum
910 4115 1042 4185 Messias
1056 4117 1189 4208 patiens
1203 4123 1237 4185 et
1249 4140 1313 4208 pro
1327 4118 1472 4207 peccatis
1484 4139 1554 4184 sese
1567 4117 1600 4182 in
1614 4121 1723 4183 morte

394 4222 538 4289 olierens
551 4226 623 4288 tuto
639 4221 832 4311 praedicari
848 4223 959 4313 potuit
974 4228 1078 4315 atque
1099 4224 1137 4292 in
1157 4246 1272 4293 eume
1293 4225 1434 4292 mortuis
1448 4225 1593 4312 glorioso
1607 4224 1720 4291 vivum

395 4330 478 4398 fides
496 4334 629 4420 poterat
643 4328 750 4417 exigi,
767 4331 814 4398 ita
828 4335 866 4398 ut
885 4331 960 4423 ipsa
979 4331 1052 4400 eius
1071 4333 1109 4401 in
1123 4333 1257 4401 coelum
1273 4333 1467 4400 ascensione
1481 4339 1514 4399 et
1530 4333 1722 4400 conditione

395 4461 434 4506 ac
453 4435 705 4528 praedicatione
729 4439 961 4529 apostolorum
981 4440 1095 4509 omnis
1120 4440 1213 4509 notio
1235 4441 1336 4528 regni
1356 4442 1554 4531 temporalis
1573 4441 1723 4508 funditus

395 4549 621 4613 amoveretur.

440 4657 521 4720 Cum
534 4654 651 4744 itaque
671 4651 829 4744 discipuli
841 4655 934 4725 clare
948 4677 989 4724 ac
1008 4656 1167 4724 distincte
1188 4659 1336 4726 blessiam
1357 4663 1591 4745 agnoscerent,
1609 4657 1721 4724 statim

396 4761 496 4828 etiam
521 4760 665 4830 docendi
686 4766 785 4829 erant
809 4765 959 4833 blessiam
983 4771 1141 4855 oportere
1162 4765 1235 4856 pati
1258 4770 1291 4834 et
1309 4767 1356 4834 ita
1374 4766 1500 4834 intrare
1520 4765 1553 4832 in
1576 4765 1722 4854 gloriam
