3960 5654
186 529 247 589 386
702 541 795 583 nanc.
820 524 866 589 tl,
892 521 994 582 37-38.

230 677 388 743 Homines
404 674 571 757 angustiis
586 675 690 762 pressi
707 674 800 738 varia
814 677 957 747 tentare,
979 673 1077 737 modo
1094 674 1159 737 bue
1174 672 1272 736 modo
1291 674 1370 738 illue
1389 670 1519 737 discur-

186 806 260 851 rere
272 781 390 846 solent.
413 779 520 846 Etiam
544 781 633 846 bane
648 780 883 865 angustiarum
899 779 1183 862 significationem
1203 779 1408 867 modumque
1426 778 1520 843 Chri-

185 897 252 955 stus
266 908 348 975 prae
366 908 400 952 se
416 887 503 953 ferre
527 887 678 963 videtur3
698 883 799 950 modo
816 883 1011 963 enituerat,
1031 886 1132 949 modo
1146 883 1242 972 quasi
1260 886 1391 973 aliquid
1410 885 1519 950 solatii

183 1017 223 1060 ex
237 993 483 1081 discipulorum
496 994 619 1060 affeetu
634 1000 667 1058 et
682 988 854 1077 colloquio
867 999 1026 1078 capturus
1044 993 1122 1077 (Syl
1147 993 1170 1075 .)
1189 990 1232 1055 ad
1247 1012 1302 1055 eos
1316 1014 1350 1057 se
1373 992 1516 1057 confert.

185 1099 248 1166 Sed
274 1100 374 1165 simul
395 1123 513 1167 eorum
537 1100 626 1185 gerit
650 1118 766 1164 euram
795 1117 850 1159 eos
871 1096 1057 1162 admonens
1082 1106 1116 1162 ut
1136 1120 1204 1163 sese
1224 1099 1379 1163 muniant
1400 1103 1520 1164 contra

184 1207 373 1296 perieulum
388 1209 518 1273 instans
531 1213 563 1270 et
578 1228 674 1270 suam
691 1207 724 1268 in
741 1224 796 1266 eos
811 1201 959 1269 declarat
978 1203 1184 1269 ineffabilem
1202 1207 1517 1284 mansuetudinem,

182 1314 264 1401 quia
276 1335 332 1380 eos
348 1315 437 1381 iussa
451 1313 589 1377 minime
604 1311 765 1375 facientes
781 1330 847 1373 non
863 1310 987 1375 acerbo
1003 1309 1119 1375 animo
1135 1313 1329 1388 insectatur,
1347 1311 1406 1376 sed
1422 1333 1518 1377 man-

181 1425 274 1486 suete
288 1419 471 1509 compellat
485 1419 585 1483 tacite
601 1418 710 1482 solum
725 1421 845 1480 notans
859 1438 975 1481 eorum
993 1417 1026 1479 in
1040 1416 1268 1503 promittendo
1281 1415 1518 1483 infidelitatem

181 1525 301 1614 (lans.)
319 1551 350 1592 v.
368 1534 409 1593 37
426 1538 457 1593 et
472 1525 564 1591 venit
577 1536 609 1589 et
623 1521 753 1586 invenit
765 1543 819 1586 eos
834 1521 1056 1602 dor·›m'ente3,·
1072 1524 1163 1588 venit
1180 1522 1223 1589 ad
1239 1530 1305 1588 tres
1319 1523 1392 1588 illos
1408 1546 1440 1588 v.
1456 1529 1516 1599 333

181 1636 315 1699 Petrum
330 1635 434 1711 enim,
451 1652 556 1694 unum
580 1653 620 1695 ex
636 1627 745 1692 tribus
760 1630 820 1715 qui
840 1629 960 1693 remoti
975 1638 1072 1694 erant
1086 1628 1129 1694 ab
1144 1628 1221 1694 aliis
1237 1637 1312 1694 octo
1328 1629 1519 1717 alloquitur

180 1747 272 1807 etex
295 1744 456 1805 accurata
475 1738 670 1801 narratione
689 1733 783 1821 apud
807 1734 1010 1800 ttattbaeum
1035 1743 1068 1799 et
1097 1741 1242 1800 llareum
1267 1735 1377 1822 (aliter
1399 1737 1518 1823 utique

179 1844 288 1912 videri
304 1850 417 1933 posset
428 1865 469 1909 ex
486 1846 573 1907 Luea
588 1847 705 1918 2239.
723 1841 779 1927 to)
802 1842 861 1906 bos
874 1848 941 1906 tres
957 1841 1101 1925 vigilare
1120 1843 1279 1920 iusserat,
1300 1841 1392 1929 quod
1416 1842 1461 1908 ab
1478 1843 1519 1907 iis

180 1952 374 2038 neglectum
392 1949 529 2038 reperit.
547 1949 669 2013 Christi
688 1946 792 2011 verba
810 1945 925 2012 desua
942 1950 1085 2012 maxima
1102 1948 1255 2026 tristitia,
1272 1948 1385 2013 vultus
1400 1950 1472 2014 eius
1485 1953 1519 2014 et

180 2057 319 2123 babitus
338 2056 451 2122 subito
474 2053 559 2119 adeo
580 2061 747 2130 mutatus,
771 2061 805 2117 ut
826 2074 903 2117 eum
919 2061 1102 2141 parentem
1125 2053 1279 2119 viderent
1297 2060 1329 2118 et
1351 2061 1517 2119 moestum

180 2185 213 2228 v.
231 2169 272 2228 33
288 2160 513 2228 reddiderant
528 2162 618 2250 ipsos
630 2181 767 2247 quoque
777 2159 886 2223 tristes
901 2166 932 2223 et
944 2159 1081 2225 allectos
1097 2182 1268 2239 moerore;
1285 2159 1372 2227 adde
1386 2169 1518 2249 tempus

116 2284 120 2292 “
182 2270 304 2348 noetis;
329 2290 397 2333 non
415 2269 541 2333 mirum
559 2267 599 2332 iis
616 2266 806 2354 obrepsisse
826 2287 994 2330 somnum.
1012 2270 1095 2332 l'rae
1113 2269 1234 2332 ceteris
1249 2275 1361 2332 autem
1382 2270 1516 2333 Petrum

179 2376 366 2467 alloquitur
381 2376 509 2465 quippe
530 2374 588 2462 qui
604 2374 725 2438 ceteris
746 2373 874 2437 maiora
889 2379 920 2437 et
939 2372 1117 2439 ardentius
1133 2374 1301 2462 pollicitus
1316 2380 1390 2440 erat
1408 2375 1516 2464 etqui

178 2489 214 2548 ut
231 2483 442 2572 reliquorum
459 2483 591 2570 primus
605 2487 639 2545 et
653 2481 896 2565 antesignanus
911 2481 1064 2568 exemplo
1080 2481 1213 2568 praeire
1229 2481 1395 2546 debuerat
1409 2482 1514 2568 (lons.

178 2588 243 2678 Syl
265 2589 307 2678 .);
333 2602 366 2654 et
386 2589 436 2655 ait
452 2591 551 2654 Petro
567 2609 578 2651 .·
593 2588 731 2666 Simon,
751 2585 903 2651 dormis?
919 2609 986 2651 non
1000 2588 1148 2675 potuisti
1167 2610 1235 2652 ιυια
1250 2587 1332 2653 bero
1350 2587 1517 2674 oe'pt'lore?

180 2696 267 2762 mori
282 2717 417 2762 meeum
433 2695 621 2784 promisisti
636 2703 668 2758 et
683 2695 750 2759 iam
764 2716 834 2758 non
849 2702 942 2782 potes
959 2716 1091 2760 meeum
1107 2695 1272 2780 vigilare?
1288 2701 1382 2761 tanta
1399 2695 1459 2760 tibi
1474 2695 1516 2762 de

179 2809 211 2868 te
225 2802 448 2891 promittebas
461 2801 579 2879 modo,
597 2809 630 2865 et
646 2823 736 2866 nune
753 2822 793 2865 ne
812 2823 929 2866 somno
944 2800 1084 2888 quidem
1101 2801 1263 2867 obsistere
1282 2804 1396 2890 potes?

223 2913 310 2975 llaee
325 2909 428 2974 verba
445 2912 543 2973 Petro
561 2906 651 2972 dieta
668 2928 753 2972 unus
770 2906 882 2971 retulit
897 2914 1040 2986 llareus;
1059 2913 1176 2973 t'etrus
1194 2911 1228 2973 in
1244 2932 1304 2974 sua
1319 2911 1516 2975 narratione

177 3037 212 3081 se
229 3036 250 3080 a
271 3016 412 3081 Domino
432 3014 677 3101 reprehensum
697 3034 865 3100 exponere
885 3011 1031 3087 solebat;
1049 3014 1134 3079 alios
1150 3036 1286 3103 quoque
1306 3037 1376 3080 esse
1400 3037 1515 3103 repre-

179 3122 301 3187 hensos
316 3122 471 3186 innuitur
487 3141 518 3184 v.
537 3126 579 3184 38
601 3119 738 3207 riqilatr
751 3132 784 3182 et
799 3131 908 3196 orate,
928 3132 963 3181 ut
984 3142 1052 3183 riou
1067 3121 1197 3185 intretis
1215 3121 1251 3184 in
1275 3123 1516 3203 tentationem

177 3231 295 3293 Petrus
306 3227 365 3314 qui
382 3226 465 3292 alias
480 3225 565 3291 adeo
580 3232 772 3313 promptus,
789 3226 894 3289 immo
910 3247 1073 3314 praeceps
1086 3233 1157 3292 erat
1169 3226 1211 3291 ad
1225 3227 1512 3314 respondendum,

177 3334 254 3400 silet
268 3333 466 3423 pudefactus
492 3355 552 3397 nee
569 3331 710 3396 verbmn
729 3331 881 3419 proferre
899 3332 1002 3396 audet
1020 3334 1194 3398 convietus
1216 3335 1461 3401 inconstantiae
1482 3341 1515 3401 et

178 3439 325 3526 neglecti
347 3440 477 3505 Domini
500 3438 663 3504 mandati.
690 3442 777 3503 lesus
802 3447 916 3503 autem
943 3441 1064 3527 repetit
1090 3462 1177 3528 quae
1197 3448 1296 3506 antea
1317 3447 1511 3522 monuerat;

177 3545 275 3613 addit
292 3553 329 3611 ut
343 3552 457 3625 orent;
476 3544 589 3610 denuo
602 3544 812 3609 demonstrat
830 3545 1017 3631 perieulum
1036 3567 1166 3631 augens
1183 3548 1251 3612 vim
1271 3546 1516 3613 admonitionis

177 3659 212 3719 et
229 3652 452 3738 gravitatem,
475 3674 516 3717 ne
534 3650 688 3736 neglecta
706 3652 857 3716 oratione
871 3651 1011 3717 tentatio
1031 3674 1089 3717 eos
1109 3654 1261 3719 inveniat
1280 3654 1463 3743 imparatos
1482 3663 1515 3721 et

178 3760 333 3824 infirmos
343 3766 375 3823 et
385 3779 448 3847 ope
457 3757 573 3823 divina
582 3780 683 3844 quam
698 3758 886 3843 elllagitare
898 3759 1301 3842 neglexerintdestitutos.
1317 3765 1414 3827 Posse
1425 3762 1515 3850 peri-

177 3866 292 3931 eulum
303 3867 417 3954 lapsus
429 3871 463 3930 et
476 3865 695 3929 tentationem
709 3864 844 3930 assidua
862 3865 1038 3950 vigilantia
1053 3872 1085 3929 et
1097 3868 1250 3932 oratione
1263 3870 1370 3933 averti
1385 3870 1514 3960 pariter

178 3994 234 4038 eos
253 3971 363 4038 docet.
387 3978 495 4059 Atque
513 3993 555 4035 ne
575 3971 643 4035 suis
662 3971 791 4035 viribus
806 3971 980 4036 confidant
997 3995 1079 4037 neve
1099 3995 1139 4037 ex
1156 3975 1325 4061 praesenti
1341 3975 1462 4041 allecta
1482 3981 1514 4041 et

177 4079 283 4145 animi
308 4078 445 4143 consilio
468 4077 654 4141 metiantur
681 4077 960 4165 arbitrenturque
984 4077 1065 4164 quid
1088 4078 1213 4145 tacturi
1237 4081 1303 4145 sint
1330 4081 1514 4167 ingruente

179 4185 346 4272 periculo,
363 4190 477 4249 monet
493 4183 651 4270 :spiritus
664 4181 801 4269 quidem
812 4199 990 4272 promptus
1001 4196 1061 4263 est,
1077 4208 1156 4250 coro
1172 4209 1244 4252 rere
1256 4188 1417 4275 infirm&
1436 4192 1514 4274 πρό-

176 4286 268 4375 θυμον
283 4293 417 4357 animus
441 4289 580 4377 quidem
605 4295 742 4377 paratus
764 4298 813 4354 est
838 4291 879 4355 ad
902 4291 1027 4356 bouum
1051 4292 1196 4358 libenter
1217 4294 1510 4382 amplectendum;

176 4395 236 4462 sed
256 4419 298 4462 ne
321 4397 403 4462 haee
426 4396 659 4485 promptitudo
681 4404 859 4484 superetur
874 4405 906 4461 et
928 4398 1162 4483 exstinguatur
1178 4402 1288 4466 earnis
1314 4401 1513 4469 infirmitate

178 4508 210 4568 et
233 4503 386 4589 ignavia,
405 4503 486 4569 dum
512 4505 611 4568 instet
631 4503 837 4590 perieulum.
859 4526 943 4589 opus¹
959 4513 1007 4567 est
1024 4514 1059 4569 ut
1077 4507 1230 4572 voluntas
1245 4508 1369 4573 auxilio
1395 4508 1513 4575 divino

176 4608 355 4675 roboretur
369 4632 408 4675 ac
422 4616 638 4686 sustentetur,
657 4609 751 4696 quod
769 4610 967 4674 auriliana
984 4616 1045 4676 ltee
1062 4613 1268 4699 elllagitetur
1283 4621 1426 4702 oportet.
1447 4622 1513 4683 llae

176 4719 342 4781 sententia
367 4715 412 4781 ita
441 4719 475 4781 in
504 4718 698 4782 universum
726 4718 856 4805 prolata
885 4719 1045 4783 ltominns
1072 4721 1172 4785 sinml
1199 4720 1332 4786 ridetur
1352 4724 1511 4808 mitigare

177 4823 475 4910 reprehensionem
489 4824 733 4889 somnolentiae
744 4824 939 4910 signilieans
952 4848 1007 4890 eos
1023 4849 1089 4891 non
1105 4827 1149 4892 ob
1162 4834 1396 4917 contemptum
1415 4853 1512 4895 man-

175 4928 293 4995 datum
308 4928 365 4994 sed
380 4937 519 5018 propter
531 4932 761 4997 infirmitatem
775 4934 885 4998 earnis
899 4932 1144 5001 obdormivisse
1163 4936 1171 5019 (
1180 4934 1323 5025 l'lreopt.
1339 4936 1382 5001 ad
1395 4939 1508 5004 naun.

111 5226 282 5320 A
