3960 5654
171 657 219 714 tes
233 643 414 720 cenetam,
428 660 506 707 cum
522 641 710 708 secundum
727 645 828 707 testes
846 640 1003 709 meliores
1016 640 1200 728 legendum
1217 643 1261 708 sit
1274 637 1304 703 oi
1319 627 1353 699 δὲ
1374 635 1498 699 ἀκολου·

170 749 304 838 mcccc,
320 748 357 814 hi
376 746 435 836 qui
449 752 638 835 sequuntur
652 748 710 816 alii
721 752 799 813 sunt
815 746 859 813 ab
878 749 1052 836 apostolis,
1074 744 1218 836 proinde
1231 748 1255 814 ii
1270 747 1329 838 qui
1345 766 1383 810 ex
1399 743 1500 810 turba

170 863 280 927 Iesum
289 853 499 943 etapostolos
511 853 772 921 comitabantur.
786 852 841 919 lsti
851 852 1033 937 timebant,
1047 851 1272 942 probabiliter
1283 852 1364 944 quia
1373 852 1405 916 in
1420 850 1501 939 ipsis

171 950 331 1053 apostolis
341 960 494 1048 aliquam
506 958 810 1050 deprehendebant
822 959 1094 1049 trepidationem.
1111 960 1172 1038 Qui
1185 959 1306 1046 legunt
1318 972 1350 1026 et
1361 979 1502 1047 sequen-

172 1080 236 1148 tes,
251 1065 296 1133 ad
307 1065 477 1156 apostolos
486 1067 654 1146 colerunt,
668 1065 728 1153 qui
740 1066 898 1155 quamvis
905 1089 945 1133 ex
953 1067 1105 1133 humana
1114 1065 1312 1131 infirmitate
1328 1067 1498 1140 timerent,

171 1179 287 1240 tamen
301 1173 471 1239 constanti
482 1172 665 1239 dilectione
674 1171 853 1239 Dominum
867 1177 1090 1261 praeeuntem
1102 1172 1169 1239 sint
1181 1172 1286 1239 secuti
1307 1171 1361 1257 (cl.
1379 1169 1498 1257 lora).

69 1355 74 1364 .
172 1279 267 1347 Solus
290 1283 419 1346 Marcus
442 1280 532 1346 hanc
551 1277 684 1344 itineris
701 1299 839 1346 scenam
862 1279 960 1345 nobis
975 1277 1168 1368 descripsit,
1192 1279 1227 1343 in
1250 1280 1324 1343 lesu
1348 1277 1504 1366 quierat

69 1383 81 1402 ⁶
110 1403 112 1407 ’
173 1385 381 1476 praecedens
396 1384 581 1453 adumbrat
596 1384 670 1472 ipsa
683 1407 718 1452 re
733 1406 821 1474 quae
835 1388 926 1452 lesus
941 1384 1025 1452 dixit
1043 1405 1051 1451 :
1073 1385 1242 1474 baptismo
1259 1383 1371 1450 habco
1389 1383 1502 1472 bapti-

173 1490 244 1560 zari
253 1488 286 1560 et
299 1491 469 1583 quomodo
483 1501 648 1572 coarctor,
664 1489 855 1582 usquedum
868 1490 1066 1580 perficiatur
1084 1488 1175 1581 (buc.
1196 1488 1324 1577 1250).

217 1599 321 1666 lnillo
329 1599 450 1665 itinere
459 1602 548 1665 lesus
555 1597 679 1664 iterum
688 1599 857 1665 seorsima
866 1598 967 1665 turba
976 1594 1146 1686 apostolos
1155 1596 1254 1664 docet
1269 1608 1505 1665 :etassumeos

172 1705 295 1772 iterum
314 1703 511 1784 duodecim,
527 1702 615 1770 sicut
632 1703 706 1771 scil.
722 1705 792 1771 iam
809 1709 910 1771 antea
923 1703 992 1770 illis
1010 1702 1105 1784 solis,
1126 1725 1194 1770 non
1213 1702 1338 1783 turbis,
1358 1701 1401 1767 de
1423 1723 1500 1791 pas·

174 1811 270 1879 sione
288 1810 423 1877 locutus
441 1814 514 1876 erat
524 1814 602 1892 8,31
617 1815 651 1877 et
665 1816 756 1892 939.
770 1816 829 1890 23;
848 1808 908 1877 alii
920 1831 1094 1877 assumens
1109 1810 1211 1876 etiam
1225 1830 1265 1875 ex
1280 1831 1319 1876 eo
1335 1808 1507 1897 explicant

176 1916 271 2008 quod
284 1920 357 1983 lesu
369 1915 595 2005 praecedente
612 1915 772 2006 discipuli
789 1915 907 2005 aliquo
925 1915 1106 1982 intervallo
1118 1914 1161 1981 ab
1177 1937 1216 1982 eo
1232 1922 1329 1981 erant
1342 1915 1504 2004 separati,

175 2045 262 2115 quos
283 2024 408 2089 iterum
431 2021 498 2088 sibi
514 2022 689 2104 sociasset,
715 2022 825 2112 coepit
842 2021 910 2089 illis
933 2021 1042 2089 dicere
1062 2044 1151 2112 quoe
1172 2034 1279 2088 cssent
1299 2021 1332 2088 ei
1346 2034 1507 2088 coelatura

176 2150 209 2196 v.
227 2135 268 2197 33
284 2128 366 2218 quio
381 2150 458 2196 ecce
477 2127 691 2212 escendimus
704 2127 965 2219 lerosolymam,
977 2129 1013 2195 in
1028 2129 1101 2218 ipsa
1118 2128 1203 2195 urbe
1217 2127 1283 2195 sibi
1298 2151 1368 2195 esse
1379 2128 1507 2218 passio·
1592 2198 1593 2202 ,

176 2257 256 2303 nem
265 2234 499 2318 subeundam,
517 2257 610 2303 nunc
625 2233 763 2302 demum
774 2235 866 2303 clare
878 2234 1068 2322 significat,
1082 2248 1114 2301 ct
1124 2235 1230 2302 Filius
1240 2233 1386 2302 bominis
1399 2228 1509 2299 trode-

178 2354 235 2409 tur
239 2341 458 2432 principibus
475 2341 708 2423 sacerdotum,
728 2362 790 2432 per
804 2364 906 2431 quem
926 2341 1111 2410 tradendus
1129 2344 1189 2422 sit,
1207 2342 1359 2408 nondum
1380 2341 1506 2431 aperit3

179 2449 215 2516 id
224 2449 424 2516 iacietinter
437 2470 578 2516 coenam
587 2448 797 2538 paschalem,
808 2459 841 2516 et
851 2447 971 2516 scribis
983 2463 1015 2516 et
1026 2447 1208 2515 senioribus
1222 2447 1311 2538 (vide
1323 2449 1401 2515 lect.
1420 2448 1508 2533 var.)

176 2566 210 2623 et
227 2554 442 2623 damnabunt
457 2577 535 2622 eum
554 2567 661 2623 morte
682 2567 716 2622 et
737 2553 874 2622 tradent
896 2578 974 2623 eum
997 2553 1169 2645 concibat,
1193 2555 1258 2621 hoc
1277 2561 1311 2622 et
1331 2557 1511 2644 sequentia

177 2684 314 2752 quoque
333 2684 425 2729 nunc
445 2661 548 2753 modo
567 2661 654 2730 adeo
674 2661 902 2730 determinato
917 2662 1087 2752 praedicit
1105 2683 1138 2728 v.
1160 2668 1201 2729 at
1218 2674 1251 2728 et
1263 2661 1407 2729 illudent
1427 2661 1459 2728 ei
1477 2673 1510 2727 ct

179 2781 366 2858 conspuent
375 2790 454 2836 eum
466 2782 508 2835 -et
516 2767 747 2860 (depellebant
757 2791 837 2836 eum
857 2781 890 2836 et
909 2768 1112 2856 interficient
1131 2790 1209 2835 cum
1224 2770 1369 2836 eclectio
1389 2768 1443 2834 die
1462 2789 1511 2834 rc·

178 2888 313 2964 serpen
327 2875 422 2942 varia
440 2876 559 2964 itaque
579 2898 667 2965 quae
686 2897 847 2966 passurus
865 2883 916 2942 est
933 2881 1090 2943 accurate
1112 2881 1265 2956 enarrat,
1283 2876 1463 2942 ostendens
1477 2896 1511 2940 se

179 2987 302 3049 cuncta
317 2983 487 3071 praescire
507 2986 541 3048 ct
560 2982 778 3050 manifestans
796 3004 831 3049 se
850 2980 935 3049 velle
959 2983 1031 3071 pati
1051 2988 1083 3049 et
1104 2983 1294 3049 voluntarie
1314 3005 1355 3049 ea
1376 2982 1509 3057 subire3

180 3087 316 3175 singula
330 3093 511 3155 enumerat
529 3087 779 3180 nequidquam
803 3090 946 3156 nescisse
967 3087 1124 3156 videatur
1136 3092 1169 3155 et
1187 3095 1224 3154 ut
1246 3088 1388 3177 apostoli
1403 3088 1514 3154 minus

180 3194 425 3285 perturbentur
436 3194 464 3260 si
477 3216 518 3260 ca
529 3193 606 3261 fieri
612 3194 750 3262 videant
759 3217 848 3284 quac
862 3193 948 3262 adeo
960 3194 1072 3262 aliena
1087 3216 1187 3261 essea
1201 3196 1334 3261 Messiae
1347 3195 1513 3281 dignitate

180 3301 393 3368 arbitrantur
404 3300 462 3389 (cf.
481 3301 565 3368 Vico.
577 3300 752 3390 Themide).
766 3300 833 3368 Sed
843 3301 945 3367 simul
960 3301 1070 3391 aperit
1078 3323 1180 3392 quem
1191 3302 1319 3368 exitum
1329 3303 1513 3388 gloriosum

181 3429 221 3474 ac
241 3406 457 3496 triumphum
481 3407 705 3475 haecomnia
729 3407 892 3475 habitura
912 3408 996 3486 sint3
1023 3430 1130 3497 quare
1149 3409 1271 3475 merito
1289 3408 1372 3474 dicit
1397 3409 1478 3474 Ve'ct.
1502 3430 1513 3473 .·

181 3507 262 3586 ἴασις
280 3501 315 3575 δὲ
332 3511 448 3575 τούτων
466 3509 608 3576 ἁπάντων
628 3509 666 3577 τὸ
680 3519 720 3602 τῇ
739 3508 825 3603 τρίτῃ
845 3515 943 3603 ἡμέρᾳ
963 3512 1185 3584 ἀναστήσεται.

228 3618 387 3698 Quamvis
400 3625 483 3686 teste
498 3624 588 3688 Luca
600 3619 729 3710 (laet)
740 3620 824 3711 quid
838 3621 875 3687 hi
889 3621 1025 3688 Domini
1040 3643 1211 3688 sermones
1224 3621 1289 3687 sibi
1305 3620 1433 3687 vellent
1448 3643 1513 3687 non

182 3726 433 3813 intelligerent,
456 3732 570 3794 tamen
583 3727 757 3794 mentione
772 3727 1031 3795 resurrectionis
1043 3728 1132 3795 lacta
1145 3727 1182 3794 id
1192 3728 1311 3794 saltem
1326 3729 1515 3817 percepisse

78 3853 80 3857 ·
185 3832 423 3900 videnturlore
434 3836 472 3899 ut
485 3833 646 3901 Dominus
659 3833 792 3900 insidiis
803 3835 1023 3902 inimicorum
1036 3835 1201 3924 superatis
1215 3856 1361 3921 regnum
1378 3836 1515 3900 messia-

184 3960 268 4007 num
285 3937 411 4007 condat
428 3939 645 4029 triumphum
658 3961 766 4028 agens
786 3939 829 4007 de
848 3940 919 4007 suis
938 3940 1217 4031 persecutoribus
1230 3939 1320 4029 (vide
1340 3963 1428 4029 quae
1447 3941 1517 4006 dixi

185 4046 230 4114 ad
252 4047 364 4115 llatth.
394 4051 489 4129 18,1;
511 4049 700 4114 comment.
722 4050 749 4113 ll
776 4069 810 4137 p.
840 4047 931 4136 107).
961 4051 1140 4115 Praeterea
1167 4053 1329 4114 narrante
1352 4050 1517 4115 Matthaeo

186 4153 313 4242 (1928)
330 4153 480 4220 Christus
494 4157 595 4248 antea
609 4153 769 4243 apostolis
783 4153 916 4220 dixerat
932 4176 940 4223 :
958 4176 1036 4220 cum
1052 4152 1178 4221 sederit
1196 4155 1297 4222 Filius
1317 4155 1466 4221 hominis
1483 4155 1518 4219 in

185 4258 264 4341 sede
280 4260 465 4327 maiestatis
474 4281 555 4327 suae
566 4312 574 4342 ,
585 4257 746 4327 sedebitis
757 4265 790 4327 et
801 4281 972 4350 vossupcr
983 4259 1081 4327 sedes
1091 4259 1269 4328 duodecim
1283 4267 1345 4328 etc.
1358 4301 1401 4310 -
1415 4283 1517 4350 quem

185 4385 377 4434 sermonem
391 4366 576 4457 utpotequi
586 4366 741 4457 proxime
754 4366 796 4433 de
806 4365 989 4434 duodecim
1000 4368 1268 4434 tribubuslsrael
1280 4368 1519 4456 proferebatur

187 4474 314 4538 llarcus
328 4494 398 4539 non
418 4473 552 4556 retulit;
576 4472 719 4540 -inde
738 4474 855 4562 itaque
877 4473 939 4539 filii
962 4474 1126 4541 Zebedaei
1145 4476 1355 4542 occasionem
1379 4481 1519 4563 captant

186 4577 325 4668 petendi
337 4578 402 4645 sibi
418 4580 547 4669 primas
567 4579 661 4649 sedes
677 4579 779 4670 (Ve'ct¹
793 4580 900 4648 uoco.
921 4580 1012 4670 Coi.)
1028 4581 1255 4648 existimantes
1269 4603 1416 4668 regnum
1432 4588 1518 4646 tcm-

187 4684 302 4774 porale
325 4685 514 4771 gloriosum
541 4709 619 4754 mox
644 4687 688 4753 iri
707 4685 896 4754 eonditum.
916 4689 1000 4753 Cum
1025 4687 1086 4754 filii
1104 4688 1243 4755 tonitrui
1268 4688 1376 4776 (alr)
1398 4688 1520 4754 indolis

187 4797 297 4858 essent
320 4791 551 4877 ferventioris,
571 4795 676 4861 etiam
699 4814 832 4861 summa
851 4815 1008 4883 quaeque
1027 4794 1138 4861 studio
1158 4794 1290 4861 ardenti
1312 4795 1520 4884 appetebant

188 4920 220 4964 v.
238 4904 280 4966 35
293 4911 326 4964 et
340 4897 567 4967 acceduntod
578 4923 657 4968 eum
670 4899 811 4968 lacobus
827 4913 860 4967 et
871 4901 1028 4985 Ioannes,
1049 4902 1117 4988 filii
1129 4899 1310 4983 Zebedaei,
1326 4924 1365 4968 ea
1386 4903 1420 4967 in
1438 4924 1518 4967 nar-

100 5224 192 5296 R
