<?xml version="1.0" encoding="UTF-8"?>
<!DOCTYPE html PUBLIC "-//W3C//DTD XHTML 1.0 Transitional//EN"
    "http://www.w3.org/TR/xhtml1/DTD/xhtml1-transitional.dtd">
<html xmlns="http://www.w3.org/1999/xhtml" xml:lang="en" lang="en">
 <head>
  <title>
</title>
<meta http-equiv="Content-Type" content="text/html;charset=utf-8" />
  <meta name='ocr-system' content='tesseract 3.04.00' />
  <meta name='ocr-capabilities' content='ocr_page ocr_carea ocr_par ocr_line ocrx_word'/>
</head>
<body>
  <div class='ocr_page' id='page_1' title='image "./commentariusinq01knabgoog_0064.png"; bbox 0 0 3960 5654; ppageno 0'>
   <div class='ocr_carea' id='block_1_1' title="bbox 727 103 1979 319">
    <p class='ocr_par' dir='ltr' id='par_1_1' title="bbox 727 103 1979 311">
     <span class='ocr_line' id='line_1_1' title="bbox 727 103 1977 157; baseline -0.009 -22"><span class='ocrx_word' id='word_1_1' title='bbox 727 119 761 147; x_wconf 34' lang='grc' dir='ltr'><strong>Ἀ»,</strong></span> <span class='ocrx_word' id='word_1_2' title='bbox 790 136 792 143; x_wconf 24' lang='lat' dir='ltr'>k</span> <span class='ocrx_word' id='word_1_3' title='bbox 814 111 825 145; x_wconf 37' lang='lat'><strong>¹?</strong></span> <span class='ocrx_word' id='word_1_4' title='bbox 845 114 857 144; x_wconf 53' lang='grc' dir='ltr'><strong>ζ.</strong></span> <span class='ocrx_word' id='word_1_5' title='bbox 881 109 903 145; x_wconf 42' lang='grc' dir='ltr'><strong>ιι·</strong></span> <span class='ocrx_word' id='word_1_6' title='bbox 920 121 925 129; x_wconf 92' lang='grc'><strong><em>,</em></strong></span> <span class='ocrx_word' id='word_1_7' title='bbox 960 125 977 152; x_wconf 35' lang='grc' dir='ltr'><strong>κ,</strong></span> <span class='ocrx_word' id='word_1_8' title='bbox 1000 107 1037 140; x_wconf 55' lang='grc' dir='ltr'><strong>ζ,’</strong></span> <span class='ocrx_word' id='word_1_9' title='bbox 1050 128 1053 132; x_wconf 41' lang='lat'><strong><em>⁴</em></strong></span> <span class='ocrx_word' id='word_1_10' title='bbox 1068 133 1087 144; x_wconf 60' lang='grc' dir='ltr'><strong>Ι,</strong></span> <span class='ocrx_word' id='word_1_11' title='bbox 1139 105 1660 155; x_wconf 23' lang='grc' dir='ltr'><strong>ι.,ἠ,,“’.Αὦκ’]ῃῃῃίἶςὺεῗὲζῖ,ἕννηῆηὶὶζμζζὼ,</strong></span> <span class='ocrx_word' id='word_1_12' title='bbox 1681 106 1796 157; x_wconf 28' lang='lat'><strong>*3423*</strong></span> <span class='ocrx_word' id='word_1_13' title='bbox 1811 115 1825 133; x_wconf 68' lang='lat' dir='ltr'><strong>,r</strong></span> <span class='ocrx_word' id='word_1_14' title='bbox 1843 103 1922 154; x_wconf 38' lang='grc' dir='ltr'><strong>χ-,ζθὶῖ</strong></span> <span class='ocrx_word' id='word_1_15' title='bbox 1932 116 1977 155; x_wconf 40' lang='lat'><strong>⁴1:¹¹..</strong></span> 
     </span>
     <span class='ocr_line' id='line_1_2' title="bbox 746 124 1978 187; baseline 0.011 -17"><span class='ocrx_word' id='word_1_16' title='bbox 746 144 783 166; x_wconf 67' lang='grc' dir='ltr'><strong>-ι</strong></span> <span class='ocrx_word' id='word_1_17' title='bbox 810 139 839 171; x_wconf 67' lang='lat'><strong>„¹</strong></span> <span class='ocrx_word' id='word_1_18' title='bbox 857 140 898 180; x_wconf 79' lang='lat'><strong>¹..</strong></span> <span class='ocrx_word' id='word_1_19' title='bbox 1005 162 1009 169; x_wconf 70' lang='grc'><strong>»</strong></span> <span class='ocrx_word' id='word_1_20' title='bbox 1031 148 1040 165; x_wconf 55' lang='lat' dir='ltr'><strong>r</strong></span> <span class='ocrx_word' id='word_1_21' title='bbox 1081 148 1091 177; x_wconf 83' lang='grc'><strong>.’</strong></span> <span class='ocrx_word' id='word_1_22' title='bbox 1134 144 1178 181; x_wconf 67' lang='grc' dir='ltr'><strong>-.ὶ</strong></span> <span class='ocrx_word' id='word_1_23' title='bbox 1196 139 1378 183; x_wconf 58' lang='lat' dir='ltr'><strong>v.«=‚·n2....v³·¹·t.t</strong></span> <span class='ocrx_word' id='word_1_24' title='bbox 1393 143 1510 187; x_wconf 34' lang='lat'><strong>1:³4⁹&amp;</strong></span> <span class='ocrx_word' id='word_1_25' title='bbox 1523 148 1563 182; x_wconf 57' lang='lat'><strong>¹³0·</strong></span> <span class='ocrx_word' id='word_1_26' title='bbox 1673 130 1791 181; x_wconf 45' lang='grc' dir='ltr'><strong>ιυιιἻΦ-ε-</strong></span> <span class='ocrx_word' id='word_1_27' title='bbox 1861 124 1978 186; x_wconf 48' lang='grc' dir='ltr'><strong>ἈΨ-κ’·</strong></span> 
     </span>
     <span class='ocr_line' id='line_1_3' title="bbox 1024 163 1979 229; baseline 0.012 -18"><span class='ocrx_word' id='word_1_28' title='bbox 1024 203 1028 211; x_wconf 82' lang='grc'><em>,</em></span> <span class='ocrx_word' id='word_1_29' title='bbox 1067 183 1071 196; x_wconf 88' lang='grc'><strong><em>·</em></strong></span> <span class='ocrx_word' id='word_1_30' title='bbox 1163 172 1226 209; x_wconf 51' lang='grc' dir='ltr'><strong>’ν’</strong></span> <span class='ocrx_word' id='word_1_31' title='bbox 1312 180 1318 197; x_wconf 65' lang='grc'><strong>’-</strong></span> <span class='ocrx_word' id='word_1_32' title='bbox 1340 182 1349 212; x_wconf 85' lang='grc'><strong>·,</strong></span> <span class='ocrx_word' id='word_1_33' title='bbox 1377 180 1386 190; x_wconf 43' lang='lat'><strong>*⁴</strong></span> <span class='ocrx_word' id='word_1_34' title='bbox 1537 176 1624 221; x_wconf 59' lang='lat' dir='ltr'><strong>fr.-</strong></span> <span class='ocrx_word' id='word_1_35' title='bbox 1648 180 1656 203; x_wconf 87' lang='lat'><strong>·.</strong></span> <span class='ocrx_word' id='word_1_36' title='bbox 1683 163 1979 229; x_wconf 36' lang='lat' dir='ltr'><strong>·mers—²1⁸-;*·,··-:1:·a.‘2·⁸-;‘2:²‹</strong></span> 
     </span>
     <span class='ocr_line' id='line_1_4' title="bbox 1276 219 1961 257; baseline 0.003 -10"><span class='ocrx_word' id='word_1_37' title='bbox 1276 224 1281 231; x_wconf 67' lang='lat'>¹</span> <span class='ocrx_word' id='word_1_38' title='bbox 1318 234 1340 247; x_wconf 74' lang='grc' dir='ltr'><strong><em>ἰ</em></strong></span> <span class='ocrx_word' id='word_1_39' title='bbox 1463 220 1467 226; x_wconf 70' lang='lat'><em>›</em></span> <span class='ocrx_word' id='word_1_40' title='bbox 1575 219 1597 241; x_wconf 20' lang='grc' dir='ltr'>Ἠ</span> <span class='ocrx_word' id='word_1_41' title='bbox 1720 239 1733 257; x_wconf 40' lang='grc' dir='ltr'><strong>ι..</strong></span> <span class='ocrx_word' id='word_1_42' title='bbox 1776 220 1782 235; x_wconf 55' lang='grc'><strong>“’</strong></span> <span class='ocrx_word' id='word_1_43' title='bbox 1806 248 1807 252; x_wconf 55' lang='lat'>,</span> <span class='ocrx_word' id='word_1_44' title='bbox 1844 221 1873 247; x_wconf 44' lang='grc' dir='ltr'><strong>ι’»</strong></span> <span class='ocrx_word' id='word_1_45' title='bbox 1898 219 1928 257; x_wconf 41' lang='grc'><strong>“,’</strong></span> <span class='ocrx_word' id='word_1_46' title='bbox 1949 242 1961 256; x_wconf 63' lang='grc' dir='ltr'><strong>4ι.</strong></span> 
     </span>
     <span class='ocr_line' id='line_1_5' title="bbox 728 251 1977 276; baseline 0.002 -2"><span class='ocrx_word' id='word_1_47' title='bbox 728 264 731 274; x_wconf 86' lang='grc' dir='ltr'>Ι</span> <span class='ocrx_word' id='word_1_48' title='bbox 1658 269 1659 274; x_wconf 71' lang='lat' dir='ltr'><strong>t</strong></span> <span class='ocrx_word' id='word_1_49' title='bbox 1834 252 1844 264; x_wconf 46' lang='grc' dir='ltr'><strong>,ι</strong></span> <span class='ocrx_word' id='word_1_50' title='bbox 1895 262 1897 266; x_wconf 68' lang='grc'><strong>”</strong></span> <span class='ocrx_word' id='word_1_51' title='bbox 1918 252 1938 275; x_wconf 52' lang='lat' dir='ltr'><strong>1d</strong></span> <span class='ocrx_word' id='word_1_52' title='bbox 1953 251 1977 276; x_wconf 52' lang='grc' dir='ltr'><strong>1ιι</strong></span> 
     </span>
     <span class='ocr_line' id='line_1_6' title="bbox 1229 269 1967 311; baseline 0.001 -26"><span class='ocrx_word' id='word_1_53' title='bbox 1229 287 1236 296; x_wconf 59' lang='grc' dir='ltr'><strong><em>Ι</em></strong></span> <span class='ocrx_word' id='word_1_54' title='bbox 1322 277 1324 285; x_wconf 81' lang='grc'>.</span> <span class='ocrx_word' id='word_1_55' title='bbox 1611 269 1616 285; x_wconf 80' lang='lat'><em>1</em></span> <span class='ocrx_word' id='word_1_56' title='bbox 1708 293 1710 297; x_wconf 44' lang='grc' dir='ltr'>Ι</span> <span class='ocrx_word' id='word_1_57' title='bbox 1890 287 1902 300; x_wconf 40' lang='grc' dir='ltr'><strong>Ι,</strong></span> <span class='ocrx_word' id='word_1_58' title='bbox 1925 275 1967 311; x_wconf 37' lang='lat' dir='ltr'><strong>sl!</strong></span> 
     </span>
    </p>

    <p class='ocr_par' dir='ltr' id='par_1_2' title="bbox 1203 306 1911 319">
     <span class='ocr_line' id='line_1_7' title="bbox 1203 306 1911 319; baseline -0.003 0"><span class='ocrx_word' id='word_1_59' title='bbox 1203 308 1207 319; x_wconf 72' lang='grc'>1</span> <span class='ocrx_word' id='word_1_60' title='bbox 1905 306 1911 317; x_wconf 60' lang='grc' dir='ltr'><strong>Χ</strong></span> 
     </span>
    </p>
   </div>
   <div class='ocr_carea' id='block_1_2' title="bbox 1751 521 1791 591">
    <p class='ocr_par' dir='ltr' id='par_1_3' title="bbox 1751 521 1791 591">
     <span class='ocr_line' id='line_1_8' title="bbox 1751 521 1791 591; baseline 0 0"><span class='ocrx_word' id='word_1_61' title='bbox 1751 521 1791 591; x_wconf 77' lang='lat'><strong>⁴9.</strong></span> 
     </span>
    </p>
   </div>
   <div class='ocr_carea' id='block_1_3' title="bbox 363 661 1848 4913">
    <p class='ocr_par' dir='ltr' id='par_1_4' title="bbox 363 661 1848 4913">
     <span class='ocr_line' id='line_1_9' title="bbox 460 661 1791 756; baseline 0.006 -28"><span class='ocrx_word' id='word_1_62' title='bbox 460 683 564 750; x_wconf 93' lang='lat' dir='ltr'><strong>quam</strong></span> <span class='ocrx_word' id='word_1_63' title='bbox 583 663 774 756; x_wconf 82' lang='lat' dir='ltr'><strong>perceperit</strong></span> <span class='ocrx_word' id='word_1_64' title='bbox 792 662 937 732; x_wconf 90' lang='lat' dir='ltr'><strong>daemon</strong></span> <span class='ocrx_word' id='word_1_65' title='bbox 958 686 998 730; x_wconf 87' lang='lat' dir='ltr'><strong>ex</strong></span> <span class='ocrx_word' id='word_1_66' title='bbox 1015 661 1137 729; x_wconf 78' lang='lat' dir='ltr'><strong>Christi</strong></span> <span class='ocrx_word' id='word_1_67' title='bbox 1158 661 1367 754; x_wconf 86' lang='lat' dir='ltr'><strong>praesentia,</strong></span> <span class='ocrx_word' id='word_1_68' title='bbox 1386 685 1466 731; x_wconf 91' lang='lat' dir='ltr'><strong>cum</strong></span> <span class='ocrx_word' id='word_1_69' title='bbox 1484 666 1624 756; x_wconf 90' lang='lat' dir='ltr'><strong>insuper</strong></span> <span class='ocrx_word' id='word_1_70' title='bbox 1643 664 1791 736; x_wconf 89' lang='lat' dir='ltr'><strong>daemon</strong></span> 
     </span>
     <span class='ocr_line' id='line_1_10' title="bbox 460 768 1791 860; baseline 0.003 -26"><span class='ocrx_word' id='word_1_71' title='bbox 460 774 574 838; x_wconf 88' lang='lat' dir='ltr'><strong>statim</strong></span> <span class='ocrx_word' id='word_1_72' title='bbox 598 776 706 838; x_wconf 91' lang='lat' dir='ltr'><strong>lesum</strong></span> <span class='ocrx_word' id='word_1_73' title='bbox 725 772 887 837; x_wconf 85' lang='lat' dir='ltr'><strong>Sanctum</strong></span> <span class='ocrx_word' id='word_1_74' title='bbox 910 769 967 837; x_wconf 88' lang='lat' dir='ltr'><strong>Dei</strong></span> <span class='ocrx_word' id='word_1_75' title='bbox 984 769 1187 837; x_wconf 87' lang='lat' dir='ltr'><strong>confiteatur</strong></span> <span class='ocrx_word' id='word_1_76' title='bbox 1211 769 1285 857; x_wconf 92' lang='lat' dir='ltr'><strong>(qui</strong></span> <span class='ocrx_word' id='word_1_77' title='bbox 1306 790 1391 835; x_wconf 89' lang='lat' dir='ltr'><strong>sane</strong></span> <span class='ocrx_word' id='word_1_78' title='bbox 1407 775 1581 860; x_wconf 78' lang='lat' dir='ltr'><strong>tamquam</strong></span> <span class='ocrx_word' id='word_1_79' title='bbox 1596 774 1613 834; x_wconf 85' lang='grc' dir='ltr'>ὁ</span> <span class='ocrx_word' id='word_1_80' title='bbox 1627 768 1713 860; x_wconf 76' lang='grc' dir='ltr'>ἅγιος</span> <span class='ocrx_word' id='word_1_81' title='bbox 1725 773 1791 837; x_wconf 92' lang='lat' dir='ltr'><strong>im-</strong></span> 
     </span>
     <span class='ocr_line' id='line_1_11' title="bbox 363 875 1789 968; baseline 0.002 -26"><span class='ocrx_word' id='word_1_82' title='bbox 363 885 364 889; x_wconf 77' lang='grc'>’</span> <span class='ocrx_word' id='word_1_83' title='bbox 460 878 628 944; x_wconf 91' lang='lat' dir='ltr'><strong>mundum</strong></span> <span class='ocrx_word' id='word_1_84' title='bbox 648 875 805 964; x_wconf 91' lang='lat' dir='ltr'><strong>spiritum</strong></span> <span class='ocrx_word' id='word_1_85' title='bbox 821 875 977 968; x_wconf 80' lang='lat' dir='ltr'>persequi</span> <span class='ocrx_word' id='word_1_86' title='bbox 999 877 1185 944; x_wconf 87' lang='lat' dir='ltr'><strong>censendus</strong></span> <span class='ocrx_word' id='word_1_87' title='bbox 1201 875 1293 964; x_wconf 89' lang='lat' dir='ltr'><strong>erit),</strong></span> <span class='ocrx_word' id='word_1_88' title='bbox 1310 876 1422 962; x_wconf 88' lang='lat' dir='ltr'><strong>magis</strong></span> <span class='ocrx_word' id='word_1_89' title='bbox 1436 882 1628 962; x_wconf 79' lang='lat' dir='ltr'><strong>congruere</strong></span> <span class='ocrx_word' id='word_1_90' title='bbox 1642 880 1789 961; x_wconf 87' lang='lat' dir='ltr'><strong>videtur,</strong></span> 
     </span>
     <span class='ocr_line' id='line_1_12' title="bbox 460 981 1789 1075; baseline 0.004 -27"><span class='ocrx_word' id='word_1_91' title='bbox 460 988 497 1048; x_wconf 87' lang='lat' dir='ltr'><strong>ut</strong></span> <span class='ocrx_word' id='word_1_92' title='bbox 508 982 647 1069; x_wconf 87' lang='lat' dir='ltr'><strong>legatur</strong></span> <span class='ocrx_word' id='word_1_93' title='bbox 665 986 826 1050; x_wconf 81' lang='lat' dir='ltr'><strong>assertive</strong></span> <span class='ocrx_word' id='word_1_94' title='bbox 842 981 897 1047; x_wconf 92' lang='lat' dir='ltr'><strong>vel</strong></span> <span class='ocrx_word' id='word_1_95' title='bbox 917 1003 994 1047; x_wconf 89' lang='lat' dir='ltr'><strong>cum</strong></span> <span class='ocrx_word' id='word_1_96' title='bbox 1015 982 1261 1050; x_wconf 79' lang='lat' dir='ltr'><strong>exclamatione</strong></span> <span class='ocrx_word' id='word_1_97' title='bbox 1282 981 1412 1048; x_wconf 89' lang='lat' dir='ltr'><strong>doloris</strong></span> <span class='ocrx_word' id='word_1_98' title='bbox 1431 1004 1471 1047; x_wconf 88' lang='lat' dir='ltr'><strong>ae</strong></span> <span class='ocrx_word' id='word_1_99' title='bbox 1491 983 1652 1070; x_wconf 89' lang='lat' dir='ltr'><strong>querelae</strong></span> <span class='ocrx_word' id='word_1_100' title='bbox 1672 986 1789 1075; x_wconf 90' lang='lat' dir='ltr'><strong>plena,</strong></span> 
     </span>
     <span class='ocr_line' id='line_1_13' title="bbox 459 1087 1792 1181; baseline 0.002 -25"><span class='ocrx_word' id='word_1_101' title='bbox 459 1111 527 1156; x_wconf 95' lang='lat' dir='ltr'><strong>non</strong></span> <span class='ocrx_word' id='word_1_102' title='bbox 546 1087 809 1176; x_wconf 75' lang='lat' dir='ltr'><strong>interrogative,</strong></span> <span class='ocrx_word' id='word_1_103' title='bbox 834 1088 915 1177; x_wconf 93' lang='lat' dir='ltr'><strong>quia</strong></span> <span class='ocrx_word' id='word_1_104' title='bbox 936 1088 1194 1176; x_wconf 84' lang='lat' dir='ltr'><strong>interrogationi</strong></span> <span class='ocrx_word' id='word_1_105' title='bbox 1209 1088 1323 1176; x_wconf 89' lang='lat' dir='ltr'><strong>potius</strong></span> <span class='ocrx_word' id='word_1_106' title='bbox 1343 1088 1482 1155; x_wconf 87' lang='lat' dir='ltr'><strong>subesse</strong></span> <span class='ocrx_word' id='word_1_107' title='bbox 1502 1088 1639 1155; x_wconf 90' lang='lat' dir='ltr'><strong>videtur</strong></span> <span class='ocrx_word' id='word_1_108' title='bbox 1660 1091 1792 1181; x_wconf 91' lang='lat' dir='ltr'><strong>aliquid</strong></span> 
     </span>
     <span class='ocr_line' id='line_1_14' title="bbox 460 1185 1791 1285; baseline 0.004 -25"><span class='ocrx_word' id='word_1_109' title='bbox 460 1185 572 1273; x_wconf 87' lang='lat' dir='ltr'><strong>dubii,</strong></span> <span class='ocrx_word' id='word_1_110' title='bbox 594 1194 629 1260; x_wconf 96' lang='lat' dir='ltr'><strong>id</strong></span> <span class='ocrx_word' id='word_1_111' title='bbox 644 1196 736 1285; x_wconf 92' lang='lat' dir='ltr'><strong>quod</strong></span> <span class='ocrx_word' id='word_1_112' title='bbox 753 1195 818 1260; x_wconf 92' lang='lat' dir='ltr'><strong>hoc</strong></span> <span class='ocrx_word' id='word_1_113' title='bbox 838 1193 912 1261; x_wconf 90' lang='lat' dir='ltr'><strong>loco</strong></span> <span class='ocrx_word' id='word_1_114' title='bbox 936 1197 989 1261; x_wconf 86' lang='lat' dir='ltr'><strong>vix</strong></span> <span class='ocrx_word' id='word_1_115' title='bbox 1004 1194 1138 1262; x_wconf 90' lang='lat' dir='ltr'><strong>admitti</strong></span> <span class='ocrx_word' id='word_1_116' title='bbox 1158 1194 1295 1283; x_wconf 89' lang='lat' dir='ltr'><strong>poterit.</strong></span> <span class='ocrx_word' id='word_1_117' title='bbox 1319 1194 1405 1260; x_wconf 84' lang='lat' dir='ltr'><strong>Dicit</strong></span> <span class='ocrx_word' id='word_1_118' title='bbox 1424 1199 1539 1261; x_wconf 88' lang='lat' dir='ltr'><strong>autem</strong></span> <span class='ocrx_word' id='word_1_119' title='bbox 1554 1195 1791 1285; x_wconf 71' lang='lat' dir='ltr'><strong>perderemus,</strong></span> 
     </span>
     <span class='ocr_line' id='line_1_15' title="bbox 460 1298 1792 1392; baseline 0.008 -32"><span class='ocrx_word' id='word_1_120' title='bbox 460 1326 477 1361; x_wconf 90' lang='lat'>«</span> <span class='ocrx_word' id='word_1_121' title='bbox 499 1321 575 1366; x_wconf 87' lang='lat' dir='ltr'><strong>ecce</strong></span> <span class='ocrx_word' id='word_1_122' title='bbox 594 1301 769 1392; x_wconf 87' lang='lat' dir='ltr'><strong>potestatis</strong></span> <span class='ocrx_word' id='word_1_123' title='bbox 782 1300 904 1368; x_wconf 85' lang='lat' dir='ltr'><strong>Christi</strong></span> <span class='ocrx_word' id='word_1_124' title='bbox 920 1300 1141 1392; x_wconf 86' lang='lat' dir='ltr'><strong>praeconium</strong></span> <span class='ocrx_word' id='word_1_125' title='bbox 1159 1329 1175 1360; x_wconf 87' lang='lat'>»</span> <span class='ocrx_word' id='word_1_126' title='bbox 1194 1298 1300 1389; x_wconf 82' lang='lat' dir='ltr'><strong>(A&#39;lb.)</strong></span> <span class='ocrx_word' id='word_1_127' title='bbox 1317 1307 1350 1367; x_wconf 88' lang='lat' dir='ltr'><strong>et</strong></span> <span class='ocrx_word' id='word_1_128' title='bbox 1369 1300 1514 1390; x_wconf 87' lang='lat' dir='ltr'><strong>perdere</strong></span> <span class='ocrx_word' id='word_1_129' title='bbox 1531 1307 1581 1368; x_wconf 89' lang='lat' dir='ltr'><strong>est</strong></span> <span class='ocrx_word' id='word_1_130' title='bbox 1598 1325 1667 1370; x_wconf 90' lang='lat' dir='ltr'><strong>non</strong></span> <span class='ocrx_word' id='word_1_131' title='bbox 1681 1304 1792 1371; x_wconf 89' lang='lat' dir='ltr'><strong>solum</strong></span> 
     </span>
     <span class='ocr_line' id='line_1_16' title="bbox 459 1404 1793 1499; baseline 0.004 -27"><span class='ocrx_word' id='word_1_132' title='bbox 459 1404 640 1475; x_wconf 88' lang='lat' dir='ltr'><strong>daemones</strong></span> <span class='ocrx_word' id='word_1_133' title='bbox 660 1409 796 1499; x_wconf 88' lang='lat' dir='ltr'><strong>privare</strong></span> <span class='ocrx_word' id='word_1_134' title='bbox 821 1413 985 1498; x_wconf 90' lang='lat' dir='ltr'><strong>potestate</strong></span> <span class='ocrx_word' id='word_1_135' title='bbox 1009 1405 1154 1473; x_wconf 88' lang='lat' dir='ltr'><strong>vexandi</strong></span> <span class='ocrx_word' id='word_1_136' title='bbox 1176 1406 1335 1474; x_wconf 90' lang='lat' dir='ltr'><strong>homines</strong></span> <span class='ocrx_word' id='word_1_137' title='bbox 1360 1405 1512 1497; x_wconf 70' lang='lat' dir='ltr'><strong>(nuit),</strong></span> <span class='ocrx_word' id='word_1_138' title='bbox 1534 1407 1593 1475; x_wconf 92' lang='lat' dir='ltr'><strong>sed</strong></span> <span class='ocrx_word' id='word_1_139' title='bbox 1614 1409 1718 1476; x_wconf 82' lang='lat' dir='ltr'><strong>etiam</strong></span> <span class='ocrx_word' id='word_1_140' title='bbox 1737 1432 1793 1477; x_wconf 91' lang='lat' dir='ltr'><strong>eos</strong></span> 
     </span>
     <span class='ocr_line' id='line_1_17' title="bbox 458 1511 1791 1608; baseline 0.005 -29"><span class='ocrx_word' id='word_1_141' title='bbox 458 1516 617 1604; x_wconf 84' lang='lat' dir='ltr'><strong>torquere</strong></span> <span class='ocrx_word' id='word_1_142' title='bbox 637 1515 717 1581; x_wconf 88' lang='lat' dir='ltr'><strong>etin</strong></span> <span class='ocrx_word' id='word_1_143' title='bbox 738 1514 912 1581; x_wconf 81' lang='lat' dir='ltr'><strong>infernum</strong></span> <span class='ocrx_word' id='word_1_144' title='bbox 931 1513 1114 1580; x_wconf 89' lang='lat' dir='ltr'><strong>detrudere</strong></span> <span class='ocrx_word' id='word_1_145' title='bbox 1130 1512 1186 1602; x_wconf 79' lang='lat' dir='ltr'><strong>(cl.</strong></span> <span class='ocrx_word' id='word_1_146' title='bbox 1205 1511 1281 1581; x_wconf 83' lang='lat' dir='ltr'><strong>Alb.</strong></span> <span class='ocrx_word' id='word_1_147' title='bbox 1297 1515 1388 1581; x_wconf 84' lang='lat' dir='ltr'><strong>lons.</strong></span> <span class='ocrx_word' id='word_1_148' title='bbox 1402 1513 1518 1599; x_wconf 7' lang='lat' dir='ltr'><strong>‘Malu</strong></span> <span class='ocrx_word' id='word_1_149' title='bbox 1540 1514 1689 1597; x_wconf 77' lang='lat' dir='ltr'><strong>Teletos,</strong></span> <span class='ocrx_word' id='word_1_150' title='bbox 1706 1519 1791 1608; x_wconf 80' lang='lat' dir='ltr'><strong>Lep.</strong></span> 
     </span>
     <span class='ocr_line' id='line_1_18' title="bbox 458 1605 1848 1712; baseline 0.002 -24"><span class='ocrx_word' id='word_1_151' title='bbox 458 1620 554 1710; x_wconf 79' lang='lat' dir='ltr'><strong>Sylv.</strong></span> <span class='ocrx_word' id='word_1_152' title='bbox 578 1620 689 1688; x_wconf 83' lang='lat' dir='ltr'><strong>Calm.</strong></span> <span class='ocrx_word' id='word_1_153' title='bbox 712 1619 873 1710; x_wconf 79' lang='lat' dir='ltr'><strong>Schcnz).</strong></span> <span class='ocrx_word' id='word_1_154' title='bbox 888 1619 1008 1709; x_wconf 86' lang='lat' dir='ltr'><strong>¹Sentit</strong></span> <span class='ocrx_word' id='word_1_155' title='bbox 1029 1620 1154 1709; x_wconf 87' lang='lat' dir='ltr'><strong>itaque·</strong></span> <span class='ocrx_word' id='word_1_156' title='bbox 1169 1605 1314 1687; x_wconf 79' lang='lat' dir='ltr'><strong>daemon</strong></span> <span class='ocrx_word' id='word_1_157' title='bbox 1332 1643 1420 1687; x_wconf 89' lang='lat' dir='ltr'><strong>eum</strong></span> <span class='ocrx_word' id='word_1_158' title='bbox 1440 1643 1556 1688; x_wconf 90' lang='lat' dir='ltr'><strong>coram</strong></span> <span class='ocrx_word' id='word_1_159' title='bbox 1577 1621 1712 1706; x_wconf 88' lang='lat' dir='ltr'><strong>adesse,</strong></span> <span class='ocrx_word' id='word_1_160' title='bbox 1733 1623 1794 1712; x_wconf 91' lang='lat' dir='ltr'><strong>qui</strong></span> <span class='ocrx_word' id='word_1_161' title='bbox 1840 1634 1848 1653; x_wconf 89' lang='lat'><em>&#39;</em></span> 
     </span>
     <span class='ocr_line' id='line_1_19' title="bbox 455 1725 1794 1817; baseline 0.002 -23"><span class='ocrx_word' id='word_1_162' title='bbox 455 1727 619 1816; x_wconf 89' lang='lat' dir='ltr'><strong>serpentis</strong></span> <span class='ocrx_word' id='word_1_163' title='bbox 641 1735 745 1817; x_wconf 83' lang='lat' dir='ltr'><strong>eaput</strong></span> <span class='ocrx_word' id='word_1_164' title='bbox 761 1733 936 1795; x_wconf 83' lang='lat' dir='ltr'><strong>conterere</strong></span> <span class='ocrx_word' id='word_1_165' title='bbox 957 1725 1092 1793; x_wconf 90' lang='lat' dir='ltr'><strong>debeat.</strong></span> <span class='ocrx_word' id='word_1_166' title='bbox 1114 1733 1223 1816; x_wconf 77' lang='lat' dir='ltr'><strong>Atque</strong></span> <span class='ocrx_word' id='word_1_167' title='bbox 1246 1726 1337 1808; x_wconf 84' lang='lat' dir='ltr'><strong>unde</strong></span> <span class='ocrx_word' id='word_1_168' title='bbox 1359 1728 1426 1794; x_wconf 94' lang='lat' dir='ltr'><strong>hoc</strong></span> <span class='ocrx_word' id='word_1_169' title='bbox 1450 1735 1651 1815; x_wconf 82' lang='lat' dir='ltr'><strong>eognoscat,</strong></span> <span class='ocrx_word' id='word_1_170' title='bbox 1673 1727 1794 1796; x_wconf 90' lang='lat' dir='ltr'><strong>adiun-</strong></span> 
     </span>
     <span class='ocr_line' id='line_1_20' title="bbox 457 1831 1793 1924; baseline 0.004 -25"><span class='ocrx_word' id='word_1_171' title='bbox 457 1833 511 1920; x_wconf 85' lang='lat' dir='ltr'><strong>git</strong></span> <span class='ocrx_word' id='word_1_172' title='bbox 524 1831 671 1900; x_wconf 86' lang='lat' dir='ltr'><strong>daemon</strong></span> <span class='ocrx_word' id='word_1_173' title='bbox 689 1857 697 1903; x_wconf 92' lang='lat'>:</span> <span class='ocrx_word' id='word_1_174' title='bbox 713 1835 781 1901; x_wconf 79' lang='lat' dir='ltr'><strong>scio</strong></span> <span class='ocrx_word' id='word_1_175' title='bbox 797 1834 858 1923; x_wconf 80' lang='lat' dir='ltr'><strong>qui</strong></span> <span class='ocrx_word' id='word_1_176' title='bbox 869 1835 928 1914; x_wconf 81' lang='lat' dir='ltr'><strong>sis,</strong></span> <span class='ocrx_word' id='word_1_177' title='bbox 944 1835 1090 1902; x_wconf 82' lang='lat' dir='ltr'><strong>Sanctus</strong></span> <span class='ocrx_word' id='word_1_178' title='bbox 1100 1834 1174 1914; x_wconf 83' lang='lat' dir='ltr'><strong>Dei,</strong></span> <span class='ocrx_word' id='word_1_179' title='bbox 1192 1833 1321 1900; x_wconf 89' lang='lat' dir='ltr'><strong>maiore</strong></span> <span class='ocrx_word' id='word_1_180' title='bbox 1337 1834 1495 1924; x_wconf 88' lang='lat' dir='ltr'><strong>emphasi</strong></span> <span class='ocrx_word' id='word_1_181' title='bbox 1509 1836 1545 1901; x_wconf 91' lang='lat' dir='ltr'><strong>in</strong></span> <span class='ocrx_word' id='word_1_182' title='bbox 1557 1857 1681 1922; x_wconf 87' lang='lat' dir='ltr'><strong>graeco</strong></span> <span class='ocrx_word' id='word_1_183' title='bbox 1696 1856 1705 1903; x_wconf 88' lang='lat'>:</span> <span class='ocrx_word' id='word_1_184' title='bbox 1723 1836 1793 1904; x_wconf 91' lang='lat' dir='ltr'><strong>scio</strong></span> 
     </span>
     <span class='ocr_line' id='line_1_21' title="bbox 455 1937 1794 2032; baseline 0.001 -26"><span class='ocrx_word' id='word_1_185' title='bbox 455 1946 489 2006; x_wconf 87' lang='lat' dir='ltr'><strong>te</strong></span> <span class='ocrx_word' id='word_1_186' title='bbox 504 1940 580 2027; x_wconf 90' lang='lat' dir='ltr'><strong>quis</strong></span> <span class='ocrx_word' id='word_1_187' title='bbox 593 1941 655 2023; x_wconf 90' lang='lat' dir='ltr'><strong>sis,</strong></span> <span class='ocrx_word' id='word_1_188' title='bbox 669 1942 689 2002; x_wconf 76' lang='grc' dir='ltr'><strong><em>ὁ</em></strong></span> <span class='ocrx_word' id='word_1_189' title='bbox 703 1937 806 2026; x_wconf 72' lang='grc' dir='ltr'><strong>ἅγιος,</strong></span> <span class='ocrx_word' id='word_1_190' title='bbox 821 1944 962 2006; x_wconf 89' lang='lat' dir='ltr'><strong>Sanctus</strong></span> <span class='ocrx_word' id='word_1_191' title='bbox 980 1940 1037 2007; x_wconf 91' lang='lat' dir='ltr'><strong>ille</strong></span> <span class='ocrx_word' id='word_1_192' title='bbox 1057 1962 1147 2006; x_wconf 87' lang='lat' dir='ltr'><strong>unus</strong></span> <span class='ocrx_word' id='word_1_193' title='bbox 1161 1948 1195 2006; x_wconf 89' lang='lat' dir='ltr'><strong>et</strong></span> <span class='ocrx_word' id='word_1_194' title='bbox 1214 1939 1373 2018; x_wconf 80' lang='lat' dir='ltr'><strong>eximius3</strong></span> <span class='ocrx_word' id='word_1_195' title='bbox 1397 1967 1414 2002; x_wconf 91' lang='lat'>«</span> <span class='ocrx_word' id='word_1_196' title='bbox 1436 1946 1573 2007; x_wconf 87' lang='lat' dir='ltr'><strong>sanctus</strong></span> <span class='ocrx_word' id='word_1_197' title='bbox 1591 1946 1665 2009; x_wconf 89' lang='lat' dir='ltr'><strong>erat</strong></span> <span class='ocrx_word' id='word_1_198' title='bbox 1682 1942 1794 2032; x_wconf 91' lang='lat' dir='ltr'><strong>quivis</strong></span> 
     </span>
     <span class='ocr_line' id='line_1_22' title="bbox 457 2045 1792 2135; baseline 0.001 -23"><span class='ocrx_word' id='word_1_199' title='bbox 457 2046 719 2135; x_wconf 86' lang='lat' dir='ltr'><strong>prophetarum,</strong></span> <span class='ocrx_word' id='word_1_200' title='bbox 740 2068 859 2114; x_wconf 90' lang='lat' dir='ltr'><strong>verum</strong></span> <span class='ocrx_word' id='word_1_201' title='bbox 880 2068 946 2112; x_wconf 92' lang='lat' dir='ltr'><strong>non</strong></span> <span class='ocrx_word' id='word_1_202' title='bbox 967 2067 1073 2112; x_wconf 90' lang='lat' dir='ltr'><strong>unum</strong></span> <span class='ocrx_word' id='word_1_203' title='bbox 1100 2045 1252 2135; x_wconf 89' lang='lat' dir='ltr'><strong>aliquem</strong></span> <span class='ocrx_word' id='word_1_204' title='bbox 1275 2068 1315 2112; x_wconf 85' lang='lat' dir='ltr'><strong>ex</strong></span> <span class='ocrx_word' id='word_1_205' title='bbox 1333 2045 1495 2113; x_wconf 90' lang='lat' dir='ltr'><strong>omnibus</strong></span> <span class='ocrx_word' id='word_1_206' title='bbox 1515 2047 1708 2134; x_wconf 86' lang='lat' dir='ltr'><strong>significat,</strong></span> <span class='ocrx_word' id='word_1_207' title='bbox 1731 2046 1792 2114; x_wconf 91' lang='lat' dir='ltr'><strong>sed</strong></span> 
     </span>
     <span class='ocr_line' id='line_1_23' title="bbox 457 2152 1792 2243; baseline 0.001 -24"><span class='ocrx_word' id='word_1_208' title='bbox 457 2174 536 2219; x_wconf 92' lang='lat' dir='ltr'><strong>eum</strong></span> <span class='ocrx_word' id='word_1_209' title='bbox 550 2153 701 2241; x_wconf 91' lang='lat' dir='ltr'><strong>appellat</strong></span> <span class='ocrx_word' id='word_1_210' title='bbox 715 2155 776 2243; x_wconf 92' lang='lat' dir='ltr'><strong>qui</strong></span> <span class='ocrx_word' id='word_1_211' title='bbox 790 2159 840 2220; x_wconf 87' lang='lat' dir='ltr'><strong>est</strong></span> <span class='ocrx_word' id='word_1_212' title='bbox 853 2175 939 2219; x_wconf 90' lang='lat' dir='ltr'><strong>unus</strong></span> <span class='ocrx_word' id='word_1_213' title='bbox 951 2174 991 2219; x_wconf 78' lang='lat' dir='ltr'><strong>ex</strong></span> <span class='ocrx_word' id='word_1_214' title='bbox 1005 2173 1090 2235; x_wconf 87' lang='lat' dir='ltr'><strong>nno;</strong></span> <span class='ocrx_word' id='word_1_215' title='bbox 1108 2159 1249 2243; x_wconf 88' lang='lat' dir='ltr'><strong>propter</strong></span> <span class='ocrx_word' id='word_1_216' title='bbox 1262 2152 1449 2220; x_wconf 89' lang='lat' dir='ltr'><strong>articulum</strong></span> <span class='ocrx_word' id='word_1_217' title='bbox 1464 2153 1557 2220; x_wconf 90' lang='lat' dir='ltr'><strong>enim</strong></span> <span class='ocrx_word' id='word_1_218' title='bbox 1572 2175 1680 2221; x_wconf 91' lang='lat' dir='ltr'><strong>unum</strong></span> <span class='ocrx_word' id='word_1_219' title='bbox 1693 2153 1792 2221; x_wconf 91' lang='lat' dir='ltr'><strong>illum</strong></span> 
     </span>
     <span class='ocr_line' id='line_1_24' title="bbox 456 2245 1794 2351; baseline 0.002 -27"><span class='ocrx_word' id='word_1_220' title='bbox 456 2258 611 2345; x_wconf 88' lang='lat' dir='ltr'><strong>designat</strong></span> <span class='ocrx_word' id='word_1_221' title='bbox 632 2261 693 2349; x_wconf 91' lang='lat' dir='ltr'><strong>qui</strong></span> <span class='ocrx_word' id='word_1_222' title='bbox 712 2282 793 2351; x_wconf 91' lang='lat' dir='ltr'><strong>prae</strong></span> <span class='ocrx_word' id='word_1_223' title='bbox 822 2260 980 2327; x_wconf 89' lang='lat' dir='ltr'><strong>omnibus</strong></span> <span class='ocrx_word' id='word_1_224' title='bbox 1000 2264 1051 2326; x_wconf 89' lang='lat' dir='ltr'><strong>est</strong></span> <span class='ocrx_word' id='word_1_225' title='bbox 1071 2260 1213 2326; x_wconf 78' lang='lat' dir='ltr'><strong>eximius</strong></span> <span class='ocrx_word' id='word_1_226' title='bbox 1234 2287 1249 2318; x_wconf 79' lang='lat' dir='ltr'><strong>v</strong></span> <span class='ocrx_word' id='word_1_227' title='bbox 1273 2245 1391 2347; x_wconf 72' lang='lat' dir='ltr'><strong>(vict.)</strong></span> <span class='ocrx_word' id='word_1_228' title='bbox 1411 2268 1445 2327; x_wconf 90' lang='lat' dir='ltr'><strong>et</strong></span> <span class='ocrx_word' id='word_1_229' title='bbox 1460 2261 1565 2327; x_wconf 69' lang='lat' dir='ltr'><strong>nuth.</strong></span> <span class='ocrx_word' id='word_1_230' title='bbox 1586 2282 1598 2327; x_wconf 88' lang='lat'><strong><em>:</em></strong></span> <span class='ocrx_word' id='word_1_231' title='bbox 1617 2283 1686 2327; x_wconf 92' lang='lat' dir='ltr'><strong>non</strong></span> <span class='ocrx_word' id='word_1_232' title='bbox 1711 2261 1794 2328; x_wconf 91' lang='lat' dir='ltr'><strong>dicit</strong></span> 
     </span>
     <span class='ocr_line' id='line_1_25' title="bbox 458 2360 1790 2456; baseline 0.005 -32"><span class='ocrx_word' id='word_1_233' title='bbox 458 2360 557 2455; x_wconf 72' lang='grc' dir='ltr'><strong>ἅγιος,</strong></span> <span class='ocrx_word' id='word_1_234' title='bbox 574 2365 632 2432; x_wconf 91' lang='lat' dir='ltr'><strong>sed</strong></span> <span class='ocrx_word' id='word_1_235' title='bbox 647 2388 725 2433; x_wconf 91' lang='lat' dir='ltr'><strong>eum</strong></span> <span class='ocrx_word' id='word_1_236' title='bbox 745 2367 918 2434; x_wconf 87' lang='lat' dir='ltr'><strong>additione</strong></span> <span class='ocrx_word' id='word_1_237' title='bbox 939 2365 1091 2447; x_wconf 80' lang='lat' dir='ltr'><strong>articuli3</strong></span> <span class='ocrx_word' id='word_1_238' title='bbox 1117 2366 1289 2454; x_wconf 90' lang='lat' dir='ltr'><strong>siquidem</strong></span> <span class='ocrx_word' id='word_1_239' title='bbox 1307 2371 1341 2432; x_wconf 90' lang='lat' dir='ltr'><strong>et</strong></span> <span class='ocrx_word' id='word_1_240' title='bbox 1360 2362 1549 2456; x_wconf 87' lang='lat' dir='ltr'><strong>prophetae</strong></span> <span class='ocrx_word' id='word_1_241' title='bbox 1569 2368 1677 2434; x_wconf 89' lang='lat' dir='ltr'><strong>sancti</strong></span> <span class='ocrx_word' id='word_1_242' title='bbox 1694 2371 1790 2451; x_wconf 87' lang='lat' dir='ltr'><strong>sunt,</strong></span> 
     </span>
     <span class='ocr_line' id='line_1_26' title="bbox 456 2471 1793 2563; baseline 0.002 -26"><span class='ocrx_word' id='word_1_243' title='bbox 456 2471 514 2538; x_wconf 93' lang='lat' dir='ltr'><strong>sed</strong></span> <span class='ocrx_word' id='word_1_244' title='bbox 528 2495 589 2562; x_wconf 90' lang='lat' dir='ltr'><strong>per</strong></span> <span class='ocrx_word' id='word_1_245' title='bbox 602 2473 902 2563; x_wconf 88' lang='lat' dir='ltr'><strong>participationem</strong></span> <span class='ocrx_word' id='word_1_246' title='bbox 912 2495 920 2556; x_wconf 78' lang='lat'>3</span> <span class='ocrx_word' id='word_1_247' title='bbox 931 2472 1022 2539; x_wconf 88' lang='lat' dir='ltr'><strong>solus</strong></span> <span class='ocrx_word' id='word_1_248' title='bbox 1034 2478 1148 2539; x_wconf 88' lang='lat' dir='ltr'><strong>autem</strong></span> <span class='ocrx_word' id='word_1_249' title='bbox 1160 2476 1246 2538; x_wconf 86' lang='lat' dir='ltr'><strong>Deus</strong></span> <span class='ocrx_word' id='word_1_250' title='bbox 1256 2477 1381 2539; x_wconf 90' lang='lat' dir='ltr'><strong>natura</strong></span> <span class='ocrx_word' id='word_1_251' title='bbox 1390 2495 1451 2539; x_wconf 90' lang='lat' dir='ltr'><strong>sua</strong></span> <span class='ocrx_word' id='word_1_252' title='bbox 1464 2480 1499 2539; x_wconf 87' lang='lat' dir='ltr'><strong>et</strong></span> <span class='ocrx_word' id='word_1_253' title='bbox 1508 2475 1646 2563; x_wconf 88' lang='lat' dir='ltr'><strong>proprie</strong></span> <span class='ocrx_word' id='word_1_254' title='bbox 1656 2477 1793 2540; x_wconf 89' lang='lat' dir='ltr'><strong>sanctus</strong></span> 
     </span>
     <span class='ocr_line' id='line_1_27' title="bbox 457 2573 1789 2669; baseline 0.003 -25"><span class='ocrx_word' id='word_1_255' title='bbox 457 2584 521 2658; x_wconf 84' lang='lat' dir='ltr'><strong>est,</strong></span> <span class='ocrx_word' id='word_1_256' title='bbox 539 2579 583 2645; x_wconf 91' lang='lat' dir='ltr'><strong>ob</strong></span> <span class='ocrx_word' id='word_1_257' title='bbox 596 2577 631 2645; x_wconf 85' lang='lat' dir='ltr'><strong>id</strong></span> <span class='ocrx_word' id='word_1_258' title='bbox 644 2600 726 2666; x_wconf 83' lang='lat' dir='ltr'><strong>ergo</strong></span> <span class='ocrx_word' id='word_1_259' title='bbox 741 2578 825 2646; x_wconf 85' lang='lat' dir='ltr'><strong>dicit</strong></span> <span class='ocrx_word' id='word_1_260' title='bbox 838 2579 853 2641; x_wconf 82' lang='lat' dir='ltr'><strong>d</strong></span> <span class='ocrx_word' id='word_1_261' title='bbox 868 2574 974 2668; x_wconf 77' lang='grc' dir='ltr'><strong>ἅγιος,</strong></span> <span class='ocrx_word' id='word_1_262' title='bbox 991 2574 1063 2640; x_wconf 77' lang='grc' dir='ltr'>ἀντὶ</span> <span class='ocrx_word' id='word_1_263' title='bbox 1077 2584 1130 2641; x_wconf 81' lang='grc' dir='ltr'><strong>τοῦ</strong></span> <span class='ocrx_word' id='word_1_264' title='bbox 1149 2580 1165 2639; x_wconf 84' lang='grc' dir='ltr'><strong>ὁ</strong></span> <span class='ocrx_word' id='word_1_265' title='bbox 1178 2576 1264 2666; x_wconf 79' lang='grc' dir='ltr'>φύσει</span> <span class='ocrx_word' id='word_1_266' title='bbox 1280 2573 1331 2640; x_wconf 79' lang='grc' dir='ltr'><strong>καὶ</strong></span> <span class='ocrx_word' id='word_1_267' title='bbox 1346 2575 1455 2667; x_wconf 80' lang='grc' dir='ltr'>κυρίως</span> <span class='ocrx_word' id='word_1_268' title='bbox 1467 2574 1575 2668; x_wconf 75' lang='grc' dir='ltr'>ἅγιος,</span> <span class='ocrx_word' id='word_1_269' title='bbox 1593 2585 1626 2646; x_wconf 84' lang='lat' dir='ltr'><strong>et</strong></span> <span class='ocrx_word' id='word_1_270' title='bbox 1641 2579 1789 2669; x_wconf 74' lang='lat' dir='ltr'><strong>Theoph.</strong></span> 
     </span>
     <span class='ocr_line' id='line_1_28' title="bbox 457 2677 1792 2777; baseline 0.007 -32"><span class='ocrx_word' id='word_1_271' title='bbox 457 2677 473 2745; x_wconf 83' lang='grc' dir='ltr'>ὁ</span> <span class='ocrx_word' id='word_1_272' title='bbox 486 2685 574 2772; x_wconf 79' lang='grc' dir='ltr'><strong>μόνος</strong></span> <span class='ocrx_word' id='word_1_273' title='bbox 587 2679 638 2748; x_wconf 77' lang='grc' dir='ltr'><strong>καὶ</strong></span> <span class='ocrx_word' id='word_1_274' title='bbox 653 2684 812 2774; x_wconf 79' lang='grc' dir='ltr'><strong>ὡρισμένος</strong></span> <span class='ocrx_word' id='word_1_275' title='bbox 827 2685 885 2751; x_wconf 93' lang='lat' dir='ltr'><strong>ille</strong></span> <span class='ocrx_word' id='word_1_276' title='bbox 897 2687 1017 2752; x_wconf 90' lang='lat' dir='ltr'><strong>unicus</strong></span> <span class='ocrx_word' id='word_1_277' title='bbox 1031 2691 1064 2752; x_wconf 92' lang='lat' dir='ltr'><strong>et</strong></span> <span class='ocrx_word' id='word_1_278' title='bbox 1075 2684 1335 2775; x_wconf 86' lang='lat' dir='ltr'><strong>praedefinitus.</strong></span> <span class='ocrx_word' id='word_1_279' title='bbox 1353 2685 1416 2753; x_wconf 90' lang='lat' dir='ltr'><strong>Sed</strong></span> <span class='ocrx_word' id='word_1_280' title='bbox 1428 2687 1464 2753; x_wconf 90' lang='lat' dir='ltr'><strong>in</strong></span> <span class='ocrx_word' id='word_1_281' title='bbox 1479 2688 1553 2777; x_wconf 92' lang='lat' dir='ltr'><strong>ipsa</strong></span> <span class='ocrx_word' id='word_1_282' title='bbox 1563 2686 1792 2777; x_wconf 87' lang='lat' dir='ltr'><strong>appellatione</strong></span> 
     </span>
     <span class='ocr_line' id='line_1_29' title="bbox 457 2791 1792 2883; baseline 0.003 -27"><span class='ocrx_word' id='word_1_283' title='bbox 457 2813 520 2880; x_wconf 94' lang='lat' dir='ltr'><strong>per</strong></span> <span class='ocrx_word' id='word_1_284' title='bbox 538 2814 573 2858; x_wconf 92' lang='lat' dir='ltr'><strong>se</strong></span> <span class='ocrx_word' id='word_1_285' title='bbox 594 2815 664 2859; x_wconf 94' lang='lat' dir='ltr'><strong>non</strong></span> <span class='ocrx_word' id='word_1_286' title='bbox 684 2794 880 2859; x_wconf 88' lang='lat' dir='ltr'><strong>continetur</strong></span> <span class='ocrx_word' id='word_1_287' title='bbox 900 2792 1065 2881; x_wconf 83' lang='lat' dir='ltr'><strong>professio</strong></span> <span class='ocrx_word' id='word_1_288' title='bbox 1085 2791 1272 2883; x_wconf 85' lang='lat' dir='ltr'><strong>divinitatis</strong></span> <span class='ocrx_word' id='word_1_289' title='bbox 1293 2796 1383 2876; x_wconf 91' lang='lat' dir='ltr'><strong>lesu,</strong></span> <span class='ocrx_word' id='word_1_290' title='bbox 1407 2792 1467 2860; x_wconf 89' lang='lat' dir='ltr'><strong>sed</strong></span> <span class='ocrx_word' id='word_1_291' title='bbox 1488 2791 1600 2860; x_wconf 91' lang='lat' dir='ltr'><strong>solum</strong></span> <span class='ocrx_word' id='word_1_292' title='bbox 1621 2815 1700 2859; x_wconf 90' lang='lat' dir='ltr'><strong>eum</strong></span> <span class='ocrx_word' id='word_1_293' title='bbox 1721 2815 1792 2860; x_wconf 88' lang='lat' dir='ltr'><strong>esse</strong></span> 
     </span>
     <span class='ocr_line' id='line_1_30' title="bbox 456 2898 1789 2988; baseline 0.002 -24"><span class='ocrx_word' id='word_1_294' title='bbox 456 2898 624 2985; x_wconf 82' lang='lat' dir='ltr'><strong>singulari</strong></span> <span class='ocrx_word' id='word_1_295' title='bbox 637 2899 769 2965; x_wconf 88' lang='lat' dir='ltr'><strong>ratione</strong></span> <span class='ocrx_word' id='word_1_296' title='bbox 778 2922 800 2966; x_wconf 92' lang='lat' dir='ltr'><strong>a</strong></span> <span class='ocrx_word' id='word_1_297' title='bbox 810 2903 877 2965; x_wconf 86' lang='lat' dir='ltr'><strong>Deo</strong></span> <span class='ocrx_word' id='word_1_298' title='bbox 887 2898 933 2965; x_wconf 92' lang='lat' dir='ltr'><strong>ad</strong></span> <span class='ocrx_word' id='word_1_299' title='bbox 944 2920 1029 2988; x_wconf 90' lang='lat' dir='ltr'><strong>opus</strong></span> <span class='ocrx_word' id='word_1_300' title='bbox 1043 2898 1101 2965; x_wconf 85' lang='lat' dir='ltr'><strong>llei</strong></span> <span class='ocrx_word' id='word_1_301' title='bbox 1117 2899 1262 2966; x_wconf 89' lang='lat' dir='ltr'><strong>electum</strong></span> <span class='ocrx_word' id='word_1_302' title='bbox 1276 2921 1316 2965; x_wconf 90' lang='lat' dir='ltr'><strong>ac</strong></span> <span class='ocrx_word' id='word_1_303' title='bbox 1330 2905 1581 2982; x_wconf 87' lang='lat' dir='ltr'><strong>consecratum,</strong></span> <span class='ocrx_word' id='word_1_304' title='bbox 1596 2906 1629 2966; x_wconf 90' lang='lat' dir='ltr'><strong>et</strong></span> <span class='ocrx_word' id='word_1_305' title='bbox 1645 2903 1695 2967; x_wconf 89' lang='lat' dir='ltr'><strong>Ps.</strong></span> <span class='ocrx_word' id='word_1_306' title='bbox 1714 2906 1789 2982; x_wconf 82' lang='lat'><strong>105,</strong></span> 
     </span>
     <span class='ocr_line' id='line_1_31' title="bbox 460 3004 1792 3105; baseline 0.003 -37"><span class='ocrx_word' id='word_1_307' title='bbox 460 3011 501 3071; x_wconf 82' lang='lat'><strong>16</strong></span> <span class='ocrx_word' id='word_1_308' title='bbox 515 3012 628 3072; x_wconf 76' lang='lat' dir='ltr'><strong>Aaron</strong></span> <span class='ocrx_word' id='word_1_309' title='bbox 643 3004 770 3072; x_wconf 82' lang='lat' dir='ltr'><strong>dicitur</strong></span> <span class='ocrx_word' id='word_1_310' title='bbox 787 3016 803 3075; x_wconf 80' lang='grc' dir='ltr'><strong>ὁ</strong></span> <span class='ocrx_word' id='word_1_311' title='bbox 818 3009 903 3100; x_wconf 73' lang='grc' dir='ltr'>ἅγιος</span> <span class='ocrx_word' id='word_1_312' title='bbox 918 3009 1017 3101; x_wconf 64' lang='grc' dir='ltr'>κυρίου</span> <span class='ocrx_word' id='word_1_313' title='bbox 1033 3021 1104 3081; x_wconf 66' lang='lat' dir='ltr'><strong>mn?</strong></span> <span class='ocrx_word' id='word_1_314' title='bbox 1122 3006 1217 3105; x_wconf 54' lang='lat' dir='ltr'><strong>hilp,</strong></span> <span class='ocrx_word' id='word_1_315' title='bbox 1236 3005 1388 3072; x_wconf 82' lang='lat' dir='ltr'><strong>Christus</strong></span> <span class='ocrx_word' id='word_1_316' title='bbox 1403 3013 1517 3073; x_wconf 85' lang='lat' dir='ltr'><strong>autem</strong></span> <span class='ocrx_word' id='word_1_317' title='bbox 1535 3007 1584 3072; x_wconf 79' lang='lat' dir='ltr'><strong>ita</strong></span> <span class='ocrx_word' id='word_1_318' title='bbox 1599 3005 1792 3095; x_wconf 84' lang='lat' dir='ltr'><strong>appellatur</strong></span> 
     </span>
     <span class='ocr_line' id='line_1_32' title="bbox 458 3111 1788 3202; baseline 0.002 -25"><span class='ocrx_word' id='word_1_319' title='bbox 458 3115 548 3179; x_wconf 86' lang='lat' dir='ltr'><strong>loan.</strong></span> <span class='ocrx_word' id='word_1_320' title='bbox 568 3119 646 3193; x_wconf 84' lang='lat'><strong>6,69</strong></span> <span class='ocrx_word' id='word_1_321' title='bbox 667 3113 717 3201; x_wconf 89' lang='lat' dir='ltr'><strong>(in</strong></span> <span class='ocrx_word' id='word_1_322' title='bbox 737 3113 835 3180; x_wconf 91' lang='lat' dir='ltr'><strong>codd.</strong></span> <span class='ocrx_word' id='word_1_323' title='bbox 860 3114 993 3199; x_wconf 87' lang='lat' dir='ltr'><strong>graecis</strong></span> <span class='ocrx_word' id='word_1_324' title='bbox 1012 3112 1187 3202; x_wconf 91' lang='lat' dir='ltr'><strong>aliquibus</strong></span> <span class='ocrx_word' id='word_1_325' title='bbox 1206 3115 1292 3177; x_wconf 77' lang='lat' dir='ltr'><strong>uBC</strong></span> <span class='ocrx_word' id='word_1_326' title='bbox 1309 3117 1322 3172; x_wconf 58' lang='lat'><strong>,*</strong></span> <span class='ocrx_word' id='word_1_327' title='bbox 1338 3114 1408 3201; x_wconf 86' lang='lat' dir='ltr'><strong>DL)</strong></span> <span class='ocrx_word' id='word_1_328' title='bbox 1428 3120 1463 3179; x_wconf 90' lang='lat' dir='ltr'><strong>et</strong></span> <span class='ocrx_word' id='word_1_329' title='bbox 1478 3112 1581 3180; x_wconf 88' lang='lat' dir='ltr'><strong>simili</strong></span> <span class='ocrx_word' id='word_1_330' title='bbox 1595 3111 1698 3183; x_wconf 88' lang='lat' dir='ltr'><strong>modo</strong></span> <span class='ocrx_word' id='word_1_331' title='bbox 1715 3118 1788 3180; x_wconf 80' lang='lat' dir='ltr'><strong>Act.</strong></span> 
     </span>
     <span class='ocr_line' id='line_1_33' title="bbox 458 3218 1791 3309; baseline 0 -23"><span class='ocrx_word' id='word_1_332' title='bbox 458 3225 549 3301; x_wconf 82' lang='lat' dir='ltr'><strong>t,30.</strong></span> <span class='ocrx_word' id='word_1_333' title='bbox 563 3222 671 3286; x_wconf 91' lang='lat' dir='ltr'><strong>lesum</strong></span> <span class='ocrx_word' id='word_1_334' title='bbox 682 3224 977 3287; x_wconf 90' lang='lat' dir='ltr'><strong>vocansSanctum</strong></span> <span class='ocrx_word' id='word_1_335' title='bbox 990 3220 1047 3285; x_wconf 85' lang='lat' dir='ltr'><strong>Dei</strong></span> <span class='ocrx_word' id='word_1_336' title='bbox 1057 3219 1219 3299; x_wconf 87' lang='lat' dir='ltr'><strong>daemon,</strong></span> <span class='ocrx_word' id='word_1_337' title='bbox 1230 3218 1428 3285; x_wconf 80' lang='lat' dir='ltr'><strong>immundus</strong></span> <span class='ocrx_word' id='word_1_338' title='bbox 1439 3220 1596 3309; x_wconf 88' lang='lat' dir='ltr'><strong>spiritus,</strong></span> <span class='ocrx_word' id='word_1_339' title='bbox 1606 3220 1791 3286; x_wconf 81' lang='lat' dir='ltr'><strong>maximam</strong></span> 
     </span>
     <span class='ocr_line' id='line_1_34' title="bbox 457 3324 1793 3416; baseline 0.001 -25"><span class='ocrx_word' id='word_1_340' title='bbox 457 3325 584 3392; x_wconf 88' lang='lat' dir='ltr'><strong>invitus</strong></span> <span class='ocrx_word' id='word_1_341' title='bbox 598 3324 750 3393; x_wconf 87' lang='lat' dir='ltr'><strong>declarat</strong></span> <span class='ocrx_word' id='word_1_342' title='bbox 764 3327 1011 3416; x_wconf 89' lang='lat' dir='ltr'><strong>oppositionem</strong></span> <span class='ocrx_word' id='word_1_343' title='bbox 1025 3359 1032 3409; x_wconf 41' lang='grc' dir='ltr'><strong>ᾗ</strong></span> <span class='ocrx_word' id='word_1_344' title='bbox 1046 3325 1134 3414; x_wconf 77' lang='lat' dir='ltr'><strong>qu&#39;ae</strong></span> <span class='ocrx_word' id='word_1_345' title='bbox 1150 3326 1289 3392; x_wconf 85' lang='lat' dir='ltr'><strong>interae</strong></span> <span class='ocrx_word' id='word_1_346' title='bbox 1304 3333 1338 3391; x_wconf 90' lang='lat' dir='ltr'><strong>et</strong></span> <span class='ocrx_word' id='word_1_347' title='bbox 1352 3329 1461 3392; x_wconf 92' lang='lat' dir='ltr'><strong>lesum</strong></span> <span class='ocrx_word' id='word_1_348' title='bbox 1473 3325 1663 3392; x_wconf 86' lang='lat' dir='ltr'><strong>intercedat</strong></span> <span class='ocrx_word' id='word_1_349' title='bbox 1677 3346 1685 3392; x_wconf 92' lang='lat'>:</span> <span class='ocrx_word' id='word_1_350' title='bbox 1702 3330 1793 3393; x_wconf 91' lang='lat' dir='ltr'><strong>lesus</strong></span> 
     </span>
     <span class='ocr_line' id='line_1_35' title="bbox 457 3430 1832 3522; baseline 0.002 -25"><span class='ocrx_word' id='word_1_351' title='bbox 457 3435 507 3497; x_wconf 87' lang='lat' dir='ltr'><strong>est</strong></span> <span class='ocrx_word' id='word_1_352' title='bbox 529 3439 704 3520; x_wconf 88' lang='lat' dir='ltr'><strong>tamquam</strong></span> <span class='ocrx_word' id='word_1_353' title='bbox 733 3439 870 3499; x_wconf 88' lang='lat' dir='ltr'><strong>sanctus</strong></span> <span class='ocrx_word' id='word_1_354' title='bbox 893 3438 959 3498; x_wconf 82' lang='lat' dir='ltr'><strong>lleo</strong></span> <span class='ocrx_word' id='word_1_355' title='bbox 984 3438 1215 3511; x_wconf 88' lang='lat' dir='ltr'><strong>consecratus,</strong></span> <span class='ocrx_word' id='word_1_356' title='bbox 1247 3436 1314 3498; x_wconf 86' lang='lat' dir='ltr'><strong>Deo</strong></span> <span class='ocrx_word' id='word_1_357' title='bbox 1341 3434 1534 3521; x_wconf 85' lang='lat' dir='ltr'><strong>proximus,</strong></span> <span class='ocrx_word' id='word_1_358' title='bbox 1560 3431 1605 3499; x_wconf 91' lang='lat' dir='ltr'><strong>ad</strong></span> <span class='ocrx_word' id='word_1_359' title='bbox 1628 3454 1713 3522; x_wconf 90' lang='lat' dir='ltr'><strong>opus</strong></span> <span class='ocrx_word' id='word_1_360' title='bbox 1736 3433 1791 3500; x_wconf 84' lang='lat' dir='ltr'><strong>llei</strong></span> <span class='ocrx_word' id='word_1_361' title='bbox 1830 3430 1832 3434; x_wconf 70' lang='grc'><strong>’</strong></span> 
     </span>
     <span class='ocr_line' id='line_1_36' title="bbox 458 3536 1791 3628; baseline 0.001 -25"><span class='ocrx_word' id='word_1_362' title='bbox 458 3537 577 3604; x_wconf 85' lang='lat' dir='ltr'><strong>eximie</strong></span> <span class='ocrx_word' id='word_1_363' title='bbox 592 3540 733 3619; x_wconf 83' lang='lat' dir='ltr'><strong>electus3</strong></span> <span class='ocrx_word' id='word_1_364' title='bbox 758 3536 958 3605; x_wconf 90' lang='lat' dir='ltr'><strong>immundus</strong></span> <span class='ocrx_word' id='word_1_365' title='bbox 978 3540 1118 3627; x_wconf 89' lang='lat' dir='ltr'><strong>spiritus</strong></span> <span class='ocrx_word' id='word_1_366' title='bbox 1134 3538 1333 3624; x_wconf 83' lang='lat' dir='ltr'><strong>longissime</strong></span> <span class='ocrx_word' id='word_1_367' title='bbox 1360 3561 1381 3605; x_wconf 93' lang='lat' dir='ltr'><strong>a</strong></span> <span class='ocrx_word' id='word_1_368' title='bbox 1405 3543 1470 3605; x_wconf 85' lang='lat' dir='ltr'><strong>ileo</strong></span> <span class='ocrx_word' id='word_1_369' title='bbox 1491 3543 1524 3605; x_wconf 89' lang='lat' dir='ltr'><strong>et</strong></span> <span class='ocrx_word' id='word_1_370' title='bbox 1543 3561 1647 3628; x_wconf 90' lang='lat' dir='ltr'><strong>opere</strong></span> <span class='ocrx_word' id='word_1_371' title='bbox 1668 3539 1726 3605; x_wconf 84' lang='lat' dir='ltr'><strong>llei</strong></span> <span class='ocrx_word' id='word_1_372' title='bbox 1741 3560 1791 3605; x_wconf 90' lang='lat' dir='ltr'><strong>re·</strong></span> 
     </span>
     <span class='ocr_line' id='line_1_37' title="bbox 458 3639 1787 3740; baseline 0.004 -31"><span class='ocrx_word' id='word_1_373' title='bbox 458 3649 585 3727; x_wconf 88' lang='lat' dir='ltr'><strong>molus,</strong></span> <span class='ocrx_word' id='word_1_374' title='bbox 614 3667 634 3710; x_wconf 93' lang='lat' dir='ltr'><strong>a</strong></span> <span class='ocrx_word' id='word_1_375' title='bbox 660 3649 725 3711; x_wconf 83' lang='lat' dir='ltr'><strong>lleo</strong></span> <span class='ocrx_word' id='word_1_376' title='bbox 749 3643 968 3725; x_wconf 82' lang='lat' dir='ltr'><strong>maledictus,</strong></span> <span class='ocrx_word' id='word_1_377' title='bbox 998 3643 1042 3711; x_wconf 90' lang='lat' dir='ltr'><strong>ad</strong></span> <span class='ocrx_word' id='word_1_378' title='bbox 1069 3666 1205 3710; x_wconf 91' lang='lat' dir='ltr'><strong>omnem</strong></span> <span class='ocrx_word' id='word_1_379' title='bbox 1227 3645 1479 3740; x_wconf 81' lang='lat' dir='ltr'><strong>turpitudinem</strong></span> <span class='ocrx_word' id='word_1_380' title='bbox 1502 3639 1787 3736; x_wconf 85' lang='lat' dir='ltr'><strong>promptissimus.</strong></span> 
     </span>
     <span class='ocr_line' id='line_1_38' title="bbox 457 3750 1791 3833; baseline 0.002 -17"><span class='ocrx_word' id='word_1_381' title='bbox 457 3751 554 3816; x_wconf 88' lang='lat' dir='ltr'><strong>Notat</strong></span> <span class='ocrx_word' id='word_1_382' title='bbox 572 3750 664 3818; x_wconf 84' lang='lat' dir='ltr'><strong>Beda</strong></span> <span class='ocrx_word' id='word_1_383' title='bbox 676 3773 687 3817; x_wconf 89' lang='lat'><em>:</em></span> <span class='ocrx_word' id='word_1_384' title='bbox 701 3781 716 3812; x_wconf 87' lang='lat'>«</span> <span class='ocrx_word' id='word_1_385' title='bbox 732 3773 799 3818; x_wconf 91' lang='lat' dir='ltr'><strong>non</strong></span> <span class='ocrx_word' id='word_1_386' title='bbox 810 3751 992 3818; x_wconf 89' lang='lat' dir='ltr'><strong>voluntatis</strong></span> <span class='ocrx_word' id='word_1_387' title='bbox 1004 3753 1069 3818; x_wconf 90' lang='lat' dir='ltr'><strong>isla</strong></span> <span class='ocrx_word' id='word_1_388' title='bbox 1082 3751 1247 3818; x_wconf 82' lang='lat' dir='ltr'><strong>confessio</strong></span> <span class='ocrx_word' id='word_1_389' title='bbox 1261 3758 1330 3833; x_wconf 88' lang='lat' dir='ltr'><strong>est,</strong></span> <span class='ocrx_word' id='word_1_390' title='bbox 1348 3751 1407 3822; x_wconf 91' lang='lat' dir='ltr'><strong>sed</strong></span> <span class='ocrx_word' id='word_1_391' title='bbox 1423 3751 1628 3819; x_wconf 84' lang='lat' dir='ltr'><strong>necessitatis</strong></span> <span class='ocrx_word' id='word_1_392' title='bbox 1645 3753 1791 3819; x_wconf 80' lang='lat' dir='ltr'><strong>extorsio</strong></span> 
     </span>
     <span class='ocr_line' id='line_1_39' title="bbox 456 3856 1791 3954; baseline 0.001 -31"><span class='ocrx_word' id='word_1_393' title='bbox 456 3879 544 3952; x_wconf 89' lang='lat' dir='ltr'><strong>quae</strong></span> <span class='ocrx_word' id='word_1_394' title='bbox 556 3857 648 3952; x_wconf 82' lang='lat' dir='ltr'><strong>cogit</strong></span> <span class='ocrx_word' id='word_1_395' title='bbox 660 3858 785 3924; x_wconf 88' lang='lat' dir='ltr'><strong>invitos</strong></span> <span class='ocrx_word' id='word_1_396' title='bbox 800 3858 973 3954; x_wconf 82' lang='lat' dir='ltr'><strong>confiteri3</strong></span> <span class='ocrx_word' id='word_1_397' title='bbox 988 3862 1022 3923; x_wconf 87' lang='lat' dir='ltr'><strong>et</strong></span> <span class='ocrx_word' id='word_1_398' title='bbox 1038 3856 1130 3924; x_wconf 91' lang='lat' dir='ltr'><strong>velut</strong></span> <span class='ocrx_word' id='word_1_399' title='bbox 1145 3859 1173 3924; x_wconf 92' lang='lat' dir='ltr'><strong>si</strong></span> <span class='ocrx_word' id='word_1_400' title='bbox 1191 3858 1282 3924; x_wconf 89' lang='lat' dir='ltr'><strong>servi</strong></span> <span class='ocrx_word' id='word_1_401' title='bbox 1297 3858 1438 3945; x_wconf 81' lang='lat' dir='ltr'><strong>fugitivi</strong></span> <span class='ocrx_word' id='word_1_402' title='bbox 1452 3867 1528 3951; x_wconf 91' lang='lat' dir='ltr'><strong>post</strong></span> <span class='ocrx_word' id='word_1_403' title='bbox 1544 3859 1690 3926; x_wconf 89' lang='lat' dir='ltr'><strong>multum</strong></span> <span class='ocrx_word' id='word_1_404' title='bbox 1706 3865 1791 3925; x_wconf 88' lang='lat' dir='ltr'><strong>tem-</strong></span> 
     </span>
     <span class='ocr_line' id='line_1_40' title="bbox 456 3960 1792 4056; baseline 0.004 -27"><span class='ocrx_word' id='word_1_405' title='bbox 456 3964 547 4053; x_wconf 91' lang='lat' dir='ltr'><strong>poris</strong></span> <span class='ocrx_word' id='word_1_406' title='bbox 565 3964 744 4031; x_wconf 91' lang='lat' dir='ltr'><strong>dominum</strong></span> <span class='ocrx_word' id='word_1_407' title='bbox 766 3986 866 4031; x_wconf 90' lang='lat' dir='ltr'><strong>suum</strong></span> <span class='ocrx_word' id='word_1_408' title='bbox 886 3964 1043 4046; x_wconf 90' lang='lat' dir='ltr'><strong>videant,</strong></span> <span class='ocrx_word' id='word_1_409' title='bbox 1065 3964 1153 4031; x_wconf 93' lang='lat' dir='ltr'><strong>nihil</strong></span> <span class='ocrx_word' id='word_1_410' title='bbox 1173 3963 1267 4031; x_wconf 93' lang='lat' dir='ltr'><strong>aliud</strong></span> <span class='ocrx_word' id='word_1_411' title='bbox 1289 3965 1356 4032; x_wconf 88' lang='lat' dir='ltr'><strong>nisi</strong></span> <span class='ocrx_word' id='word_1_412' title='bbox 1381 3966 1424 4033; x_wconf 93' lang='lat' dir='ltr'><strong>de</strong></span> <span class='ocrx_word' id='word_1_413' title='bbox 1448 3960 1650 4034; x_wconf 87' lang='lat' dir='ltr'><strong>verberibus</strong></span> <span class='ocrx_word' id='word_1_414' title='bbox 1672 3965 1792 4056; x_wconf 90' lang='lat' dir='ltr'><strong>depre-</strong></span> 
     </span>
     <span class='ocr_line' id='line_1_41' title="bbox 456 4055 1791 4164; baseline 0.003 -27"><span class='ocrx_word' id='word_1_415' title='bbox 456 4075 588 4150; x_wconf 87' lang='lat' dir='ltr'><strong>cantur,</strong></span> <span class='ocrx_word' id='word_1_416' title='bbox 604 4072 651 4137; x_wconf 92' lang='lat' dir='ltr'><strong>sic</strong></span> <span class='ocrx_word' id='word_1_417' title='bbox 675 4078 709 4137; x_wconf 90' lang='lat' dir='ltr'><strong>et</strong></span> <span class='ocrx_word' id='word_1_418' title='bbox 727 4071 912 4138; x_wconf 88' lang='lat' dir='ltr'><strong>daemones</strong></span> <span class='ocrx_word' id='word_1_419' title='bbox 930 4077 1108 4138; x_wconf 88' lang='lat' dir='ltr'><strong>cernentes</strong></span> <span class='ocrx_word' id='word_1_420' title='bbox 1130 4073 1311 4155; x_wconf 88' lang='lat' dir='ltr'><strong>Dominum</strong></span> <span class='ocrx_word' id='word_1_421' title='bbox 1331 4073 1486 4140; x_wconf 88' lang='lat' dir='ltr'><strong>interris</strong></span> <span class='ocrx_word' id='word_1_422' title='bbox 1508 4055 1646 4164; x_wconf 80' lang='lat' dir='ltr'><strong>repente</strong></span> <span class='ocrx_word' id='word_1_423' title='bbox 1664 4074 1791 4141; x_wconf 91' lang='lat' dir='ltr'><strong>versari</strong></span> 
     </span>
     <span class='ocr_line' id='line_1_42' title="bbox 455 4175 1790 4249; baseline 0.004 -6"><span class='ocrx_word' id='word_1_424' title='bbox 455 4175 500 4243; x_wconf 89' lang='lat' dir='ltr'><strong>ad</strong></span> <span class='ocrx_word' id='word_1_425' title='bbox 517 4176 719 4245; x_wconf 89' lang='lat' dir='ltr'><strong>iudicandos</strong></span> <span class='ocrx_word' id='word_1_426' title='bbox 736 4200 772 4245; x_wconf 90' lang='lat' dir='ltr'><strong>se</strong></span> <span class='ocrx_word' id='word_1_427' title='bbox 794 4179 924 4245; x_wconf 90' lang='lat' dir='ltr'><strong>venisse</strong></span> <span class='ocrx_word' id='word_1_428' title='bbox 950 4178 1139 4245; x_wconf 88' lang='lat' dir='ltr'><strong>credebant</strong></span> <span class='ocrx_word' id='word_1_429' title='bbox 1161 4207 1191 4244; x_wconf 88' lang='lat'><strong>».</strong></span> <span class='ocrx_word' id='word_1_430' title='bbox 1218 4179 1283 4245; x_wconf 83' lang='lat' dir='ltr'><strong>Alii</strong></span> <span class='ocrx_word' id='word_1_431' title='bbox 1310 4180 1505 4247; x_wconf 81' lang='lat' dir='ltr'><strong>existimant</strong></span> <span class='ocrx_word' id='word_1_432' title='bbox 1528 4180 1730 4248; x_wconf 90' lang='lat' dir='ltr'><strong>daemonem</strong></span> <span class='ocrx_word' id='word_1_433' title='bbox 1750 4204 1790 4249; x_wconf 86' lang='lat' dir='ltr'><strong>ex</strong></span> 
     </span>
     <span class='ocr_line' id='line_1_43' title="bbox 456 4281 1788 4376; baseline 0.002 -26"><span class='ocrx_word' id='word_1_434' title='bbox 456 4281 650 4351; x_wconf 89' lang='lat' dir='ltr'><strong>adulatione</strong></span> <span class='ocrx_word' id='word_1_435' title='bbox 666 4286 713 4351; x_wconf 88' lang='lat' dir='ltr'><strong>ita</strong></span> <span class='ocrx_word' id='word_1_436' title='bbox 728 4288 838 4352; x_wconf 91' lang='lat' dir='ltr'><strong>lesum</strong></span> <span class='ocrx_word' id='word_1_437' title='bbox 855 4284 1045 4375; x_wconf 89' lang='lat' dir='ltr'><strong>appellasse</strong></span> <span class='ocrx_word' id='word_1_438' title='bbox 1059 4285 1194 4372; x_wconf 71' lang='lat' dir='ltr'><strong>(auto.)</strong></span> <span class='ocrx_word' id='word_1_439' title='bbox 1209 4286 1280 4352; x_wconf 92' lang='lat' dir='ltr'><strong>scil.</strong></span> <span class='ocrx_word' id='word_1_440' title='bbox 1300 4293 1338 4352; x_wconf 88' lang='lat' dir='ltr'><strong>ut</strong></span> <span class='ocrx_word' id='word_1_441' title='bbox 1348 4287 1414 4354; x_wconf 90' lang='lat' dir='ltr'><strong>sihi</strong></span> <span class='ocrx_word' id='word_1_442' title='bbox 1429 4286 1562 4376; x_wconf 88' lang='lat' dir='ltr'><strong>abipso</strong></span> <span class='ocrx_word' id='word_1_443' title='bbox 1577 4293 1788 4376; x_wconf 88' lang='lat' dir='ltr'><strong>parceretur,</strong></span> 
     </span>
     <span class='ocr_line' id='line_1_44' title="bbox 455 4389 1787 4481; baseline 0.004 -24"><span class='ocrx_word' id='word_1_444' title='bbox 455 4389 492 4457; x_wconf 91' lang='lat' dir='ltr'><strong>id</strong></span> <span class='ocrx_word' id='word_1_445' title='bbox 505 4389 598 4479; x_wconf 94' lang='lat' dir='ltr'><strong>quod</strong></span> <span class='ocrx_word' id='word_1_446' title='bbox 610 4390 745 4458; x_wconf 87' lang='lat' dir='ltr'><strong>Toletus</strong></span> <span class='ocrx_word' id='word_1_447' title='bbox 759 4395 881 4459; x_wconf 86' lang='lat' dir='ltr'><strong>merito</strong></span> <span class='ocrx_word' id='word_1_448' title='bbox 895 4414 964 4458; x_wconf 92' lang='lat' dir='ltr'><strong>non</strong></span> <span class='ocrx_word' id='word_1_449' title='bbox 977 4393 1164 4481; x_wconf 77' lang='lat' dir='ltr'><strong>approbat3</strong></span> <span class='ocrx_word' id='word_1_450' title='bbox 1178 4393 1272 4460; x_wconf 91' lang='lat' dir='ltr'><strong>illam</strong></span> <span class='ocrx_word' id='word_1_451' title='bbox 1287 4400 1404 4461; x_wconf 90' lang='lat' dir='ltr'><strong>autem</strong></span> <span class='ocrx_word' id='word_1_452' title='bbox 1418 4395 1663 4462; x_wconf 85' lang='lat' dir='ltr'><strong>confessionem</strong></span> <span class='ocrx_word' id='word_1_453' title='bbox 1679 4394 1787 4462; x_wconf 71' lang='lat' dir='ltr'><strong>Malu.</strong></span> 
     </span>
     <span class='ocr_line' id='line_1_45' title="bbox 456 4495 1789 4591; baseline 0.005 -29"><span class='ocrx_word' id='word_1_454' title='bbox 456 4495 540 4563; x_wconf 90' lang='lat' dir='ltr'><strong>dicit</strong></span> <span class='ocrx_word' id='word_1_455' title='bbox 555 4497 781 4565; x_wconf 91' lang='lat' dir='ltr'><strong>voluntariam</strong></span> <span class='ocrx_word' id='word_1_456' title='bbox 791 4532 805 4580; x_wconf 30' lang='lat' dir='ltr'><strong>,v</strong></span> <span class='ocrx_word' id='word_1_457' title='bbox 816 4522 855 4565; x_wconf 86' lang='lat' dir='ltr'><strong>ex</strong></span> <span class='ocrx_word' id='word_1_458' title='bbox 870 4498 1010 4589; x_wconf 92' lang='lat' dir='ltr'><strong>proprio</strong></span> <span class='ocrx_word' id='word_1_459' title='bbox 1024 4520 1142 4566; x_wconf 87' lang='lat' dir='ltr'><strong>amore</strong></span> <span class='ocrx_word' id='word_1_460' title='bbox 1156 4505 1190 4566; x_wconf 90' lang='lat' dir='ltr'><strong>et</strong></span> <span class='ocrx_word' id='word_1_461' title='bbox 1203 4508 1296 4567; x_wconf 89' lang='lat' dir='ltr'><strong>metu</strong></span> <span class='ocrx_word' id='word_1_462' title='bbox 1309 4523 1440 4590; x_wconf 92' lang='lat' dir='ltr'><strong>poenae</strong></span> <span class='ocrx_word' id='word_1_463' title='bbox 1457 4502 1657 4591; x_wconf 86' lang='lat' dir='ltr'><strong>prolectam.</strong></span> <span class='ocrx_word' id='word_1_464' title='bbox 1671 4502 1789 4591; x_wconf 90' lang='lat' dir='ltr'><strong>Utique</strong></span> 
     </span>
     <span class='ocr_line' id='line_1_46' title="bbox 456 4606 1789 4695; baseline 0.003 -25"><span class='ocrx_word' id='word_1_465' title='bbox 456 4626 525 4670; x_wconf 94' lang='lat' dir='ltr'><strong>non</strong></span> <span class='ocrx_word' id='word_1_466' title='bbox 551 4606 675 4694; x_wconf 89' lang='lat' dir='ltr'><strong>poterit</strong></span> <span class='ocrx_word' id='word_1_467' title='bbox 703 4607 904 4688; x_wconf 86' lang='lat' dir='ltr'><strong>existimari,</strong></span> <span class='ocrx_word' id='word_1_468' title='bbox 928 4629 949 4674; x_wconf 90' lang='lat' dir='ltr'><strong>a</strong></span> <span class='ocrx_word' id='word_1_469' title='bbox 973 4606 1105 4673; x_wconf 87' lang='lat' dir='ltr'><strong>Christo</strong></span> <span class='ocrx_word' id='word_1_470' title='bbox 1128 4609 1188 4695; x_wconf 93' lang='lat' dir='ltr'><strong>qui</strong></span> <span class='ocrx_word' id='word_1_471' title='bbox 1210 4607 1412 4675; x_wconf 91' lang='lat' dir='ltr'><strong>daemonem</strong></span> <span class='ocrx_word' id='word_1_472' title='bbox 1437 4609 1551 4675; x_wconf 88' lang='lat' dir='ltr'><strong>statim</strong></span> <span class='ocrx_word' id='word_1_473' title='bbox 1575 4608 1674 4675; x_wconf 91' lang='lat' dir='ltr'><strong>silere</strong></span> <span class='ocrx_word' id='word_1_474' title='bbox 1694 4607 1789 4676; x_wconf 93' lang='lat' dir='ltr'><strong>iubet</strong></span> 
     </span>
     <span class='ocr_line' id='line_1_47' title="bbox 457 4709 1789 4783; baseline 0.005 -7"><span class='ocrx_word' id='word_1_475' title='bbox 457 4709 658 4780; x_wconf 89' lang='lat' dir='ltr'><strong>daemonem</strong></span> <span class='ocrx_word' id='word_1_476' title='bbox 674 4714 781 4780; x_wconf 90' lang='lat' dir='ltr'><strong>auctis</strong></span> <span class='ocrx_word' id='word_1_477' title='bbox 796 4713 1005 4780; x_wconf 90' lang='lat' dir='ltr'><strong>cruciatibus</strong></span> <span class='ocrx_word' id='word_1_478' title='bbox 1018 4736 1089 4780; x_wconf 88' lang='lat' dir='ltr'><strong>esse</strong></span> <span class='ocrx_word' id='word_1_479' title='bbox 1104 4713 1148 4780; x_wconf 90' lang='lat' dir='ltr'><strong>ad</strong></span> <span class='ocrx_word' id='word_1_480' title='bbox 1163 4716 1409 4782; x_wconf 80' lang='lat' dir='ltr'><strong>consessionem</strong></span> <span class='ocrx_word' id='word_1_481' title='bbox 1427 4715 1521 4782; x_wconf 91' lang='lat' dir='ltr'><strong>illam</strong></span> <span class='ocrx_word' id='word_1_482' title='bbox 1535 4723 1700 4783; x_wconf 90' lang='lat' dir='ltr'><strong>coactum.</strong></span> <span class='ocrx_word' id='word_1_483' title='bbox 1716 4718 1789 4783; x_wconf 86' lang='lat' dir='ltr'><strong>Sul-</strong></span> 
     </span>
     <span class='ocr_line' id='line_1_48' title="bbox 456 4816 1789 4913; baseline 0.007 -31"><span class='ocrx_word' id='word_1_484' title='bbox 456 4816 528 4884; x_wconf 87' lang='lat' dir='ltr'><strong>ficit</strong></span> <span class='ocrx_word' id='word_1_485' title='bbox 536 4818 648 4886; x_wconf 89' lang='lat' dir='ltr'><strong>dicere</strong></span> <span class='ocrx_word' id='word_1_486' title='bbox 663 4820 732 4887; x_wconf 91' lang='lat' dir='ltr'><strong>sola</strong></span> <span class='ocrx_word' id='word_1_487' title='bbox 748 4819 870 4887; x_wconf 88' lang='lat' dir='ltr'><strong>Christi</strong></span> <span class='ocrx_word' id='word_1_488' title='bbox 884 4821 1076 4911; x_wconf 89' lang='lat' dir='ltr'><strong>praesentia</strong></span> <span class='ocrx_word' id='word_1_489' title='bbox 1090 4820 1310 4888; x_wconf 90' lang='lat' dir='ltr'><strong>immundum</strong></span> <span class='ocrx_word' id='word_1_490' title='bbox 1322 4824 1481 4913; x_wconf 91' lang='lat' dir='ltr'><strong>spiritum</strong></span> <span class='ocrx_word' id='word_1_491' title='bbox 1494 4846 1564 4890; x_wconf 88' lang='lat' dir='ltr'><strong>esse</strong></span> <span class='ocrx_word' id='word_1_492' title='bbox 1575 4829 1730 4890; x_wconf 90' lang='lat' dir='ltr'><strong>coactum</strong></span> <span class='ocrx_word' id='word_1_493' title='bbox 1745 4823 1789 4891; x_wconf 87' lang='lat' dir='ltr'><strong>ad</strong></span> 
     </span>
    </p>
   </div>
   <div class='ocr_carea' id='block_1_4' title="bbox 456 4926 1664 5097">
    <p class='ocr_par' dir='ltr' id='par_1_5' title="bbox 456 4926 1664 5097">
     <span class='ocr_line' id='line_1_49' title="bbox 456 4926 1664 5017; baseline 0.007 -27"><span class='ocrx_word' id='word_1_494' title='bbox 456 4944 551 4992; x_wconf 90' lang='lat' dir='ltr'><strong>suam</strong></span> <span class='ocrx_word' id='word_1_495' title='bbox 569 4926 675 5017; x_wconf 90' lang='lat' dir='ltr'><strong>ipsius</strong></span> <span class='ocrx_word' id='word_1_496' title='bbox 693 4926 919 5016; x_wconf 88' lang='lat' dir='ltr'><strong>ignominiam</strong></span> <span class='ocrx_word' id='word_1_497' title='bbox 937 4927 1111 4996; x_wconf 85' lang='lat' dir='ltr'><strong>fatendam</strong></span> <span class='ocrx_word' id='word_1_498' title='bbox 1130 4934 1164 4996; x_wconf 90' lang='lat' dir='ltr'><strong>et</strong></span> <span class='ocrx_word' id='word_1_499' title='bbox 1183 4927 1227 4995; x_wconf 93' lang='lat' dir='ltr'><strong>ad</strong></span> <span class='ocrx_word' id='word_1_500' title='bbox 1246 4928 1387 4999; x_wconf 89' lang='lat' dir='ltr'><strong>laudem</strong></span> <span class='ocrx_word' id='word_1_501' title='bbox 1407 4935 1481 4998; x_wconf 89' lang='lat' dir='ltr'><strong>lesu</strong></span> <span class='ocrx_word' id='word_1_502' title='bbox 1499 4930 1664 4998; x_wconf 91' lang='lat' dir='ltr'><strong>dandam.</strong></span> 
     </span>
     <span class='ocr_line' id='line_1_50' title="bbox 911 5034 1335 5097; baseline 0.007 -3"><span class='ocrx_word' id='word_1_503' title='bbox 911 5044 1098 5096; x_wconf 58' lang='lat' dir='ltr'><strong>narrantum</strong></span> <span class='ocrx_word' id='word_1_504' title='bbox 1115 5057 1141 5097; x_wconf 77' lang='lat' dir='ltr'><strong>nt</strong></span> <span class='ocrx_word' id='word_1_505' title='bbox 1158 5046 1242 5094; x_wconf 76' lang='lat' dir='ltr'><strong>lianc.</strong></span> <span class='ocrx_word' id='word_1_506' title='bbox 1260 5071 1293 5084; x_wconf 86' lang='lat'>-</span> <span class='ocrx_word' id='word_1_507' title='bbox 1309 5034 1335 5097; x_wconf 71' lang='lat' dir='ltr'><strong>ts</strong></span> 
     </span>
    </p>
   </div>
   <div class='ocr_carea' id='block_1_5' title="bbox 0 0 1984 5654">
    <p class='ocr_par' dir='ltr' id='par_1_6' title="bbox 0 0 1984 5654">
     <span class='ocr_line' id='line_1_51' title="bbox 0 0 1984 5654; baseline 0 0"><span class='ocrx_word' id='word_1_508' title='bbox 0 0 1984 5654; x_wconf 95' lang='lat' dir='ltr'><strong> </strong></span> 
     </span>
    </p>
   </div>
  </div>
 </body>
</html>
