3960 5654
187 505 247 564 444
709 512 799 559 nac.
826 500 874 569 lss,
899 497 999 556 itt-⁶20.

184 655 279 721 simis
302 650 399 718 bonis
425 646 531 711 Patris
555 645 744 714 secundum
769 649 1019 715 humanitatem
1044 650 1167 738 (Atop
1195 648 1306 734 gloria
1328 657 1361 716 et
1386 650 1515 714 honore

183 764 365 827 coronatus
378 760 427 818 est
441 755 544 818 etiam
559 752 746 819 secundum
761 756 946 821 humanam
962 763 1134 836 naturam;
1153 760 1187 823 in
1202 755 1327 819 throno
1341 756 1458 821 sedere
1472 752 1515 819 ad

183 865 356 931 dexteram
382 862 437 925 Dei
465 860 545 926 dicit
570 858 711 925 coelitus
731 863 764 926 in
789 861 867 925 sede
896 861 1003 945 regali
1023 861 1139 929 divina
1160 862 1311 953 potentia
1333 863 1515 928 Ecclesiam

184 990 305 1055 regere
326 975 358 1032 et
378 967 574 1053 gubernare
595 964 747 1055 (Mola).

228 1074 375 1163 Apostoli
391 1083 505 1140 autem
527 1071 637 1136 verbis
655 1073 777 1139 Christi
793 1072 942 1138 obsecuti
962 1097 992 1138 v.
1012 1081 1053 1139 ΞΟ
1072 1073 1125 1139 illi
1141 1065 1256 1149 cutem
1271 1073 1434 1162 profecti,
1451 1075 1516 1138 uti-

184 1204 250 1272 que
269 1203 337 1247 nen
357 1182 467 1247 statim
489 1187 661 1267 assumpto
676 1181 831 1255 Domino,
857 1201 967 1268 neque
986 1182 1098 1246 statim
1119 1189 1194 1270 post
1210 1187 1387 1268 acceptum
1408 1179 1516 1267 Spiri-

178 1277 254 1354 tum
283 1297 455 1365 sanctum3
482 1284 561 1349 iussi
591 1288 718 1374 quippe
748 1292 845 1351 erant
873 1291 973 1353 testes
996 1310 1066 1353 esse
1091 1291 1163 1353 lesu
1189 1289 1222 1353 in
1249 1287 1451 1366 Ierusalem,
1479 1286 1516 1350 in

181 1396 275 1461 omni
291 1396 416 1461 ludaea
430 1400 463 1458 et
476 1393 648 1470 Samaria,
663 1399 696 1457 et
713 1398 785 1457 tum
799 1392 938 1457 demum
958 1415 1063 1483 usque
1083 1393 1126 1459 ad
1143 1393 1302 1459 ultimum
1323 1400 1433 1458 terrae
1458 1391 1512 1474 (cl.

180 1507 252 1568 Act.
279 1506 345 1590 1,8)
366 1498 655 1589 praedicaverunt
678 1497 801 1587 ubique
823 1500 965 1565 Domino
991 1512 1208 1590 cooperante,
1235 1499 1285 1566 uti
1315 1499 1516 1588 promiserat

183 1613 272 1675 lesus
294 1630 395 1674 :ecce
412 1629 477 1692 ego
498 1604 671 1672 vobiscum
691 1626 784 1682 sum,
808 1613 841 1671 et
859 1628 1066 1688 sermonem,
1093 1607 1384 1695 praedicationem
1411 1627 1514 1672 evan-

180 1717 278 1801 gelii,
298 1715 521 1800 confirmante
540 1710 755 1800 sequentibus
769 1712 888 1800 sapitis,
904 1714 1076 1800 quomodo
1090 1715 1183 1779 enim
1205 1713 1394 1802 patratione
1415 1713 1515 1777 mira-

180 1822 337 1887 culorum
358 1821 576 1904 evangelium
591 1818 720 1883 factum
735 1820 779 1884 sit
800 1819 964 1885 credibile
984 1827 1017 1885 et
1033 1821 1077 1886 ab
1094 1819 1289 1885 hominibus
1304 1819 1371 1885 fide
1388 1841 1514 1908 appre-

182 1927 488 2005 hensum,satisex
502 1931 573 1990 Act.
589 1923 714 2000 elucel;
733 1925 774 1990 cl.
796 1932 811 1990 l
830 1929 903 1990 Cor.
922 1932 992 2002 Μ.
1011 1930 1104 1992 Rom.
1121 1932 1231 1998 tata.
1251 1926 1322 1993 Gal.
1340 1934 1409 2004 3‚5.
1425 1930 1514 2003 Quae

180 2035 286 2120 igitur
309 2033 473 2121 promissa
495 2036 593 2096 erant
609 2053 640 2095 v.
666 2038 718 2095 17.
739 2037 791 2111 18,
815 2033 976 2097 Dominus
992 2038 1080 2098 lesus
1101 2032 1248 2098 fideliter
1266 2032 1301 2097 in
1317 2033 1384 2097 suis
1401 2040 1435 2098 et
1454 2053 1516 2120 per

181 2163 258 2206 snos
279 2138 456 2227 praestitit.

220 2364 299 2423 Cum
316 2361 392 2420 haec
412 2378 484 2437 pars
503 2379 531 2422 r.
548 2362 626 2420 9-’20
641 2378 658 2419 a
672 2360 779 2420 multis
800 2361 978 2422 declaretur
997 2363 1118 2438 spuria,
1136 2362 1242 2439 aliqua
1261 2362 1408 2422 addenda
1428 2368 1513 2421 sunt.

182 2462 217 2520 Et
236 2461 340 2538 primo
360 2459 494 2536 quidem
514 2458 748 2518 observandum
772 2466 856 2518 certe
877 2477 940 2519 non
958 2462 1098 2536 potuisse
1122 2460 1237 2519 librum
1260 2460 1342 2519 liniri
1361 2478 1390 2519 v.
1412 2461 1431 2520 8
1451 2460 1513 2518 nisi

179 2576 253 2619 eum
277 2574 426 2616 mancum
449 2565 478 2616 et
503 2563 688 2617 truncatum
713 2557 819 2617 dicere
840 2558 1002 2617 malueris.
1024 2559 1101 2617 Nam
1128 2558 1315 2617 annuntiata
1337 2559 1375 2616 ab
1403 2557 1515 2635 angelo

180 2656 413 2716 resurrectione
434 2655 586 2714 mulieres
608 2655 747 2734 lugiunt,
770 2655 890 2714 nemini
911 2656 1084 2733 quidquam
1103 2655 1223 2716 dicunt.
1243 2657 1288 2715 Eo
1304 2655 1398 2715 modo
1417 2673 1513 2715 evan-

178 2755 299 2832 gelium
316 2754 397 2813 l'rtri
417 2754 499 2811 liniri
518 2753 606 2812 nullo
622 2759 713 2829 pacto
729 2759 871 2831 poterat,
894 2754 940 2813 uti
959 2754 1046 2813 enim
1066 2757 1134 2814 Act.
1151 2753 1243 2824 tono
1260 2770 1326 2830 seq.
1345 2753 1512 2823 discimus,
1549 2752 1551 2757 ’

174 2852 292 2912 Petrus
315 2851 556 2909 resurrectionis
577 2847 676 2910 tactae
701 2868 762 2909 non
787 2851 886 2910 solam
910 2852 1107 2910 mentionem
1131 2851 1254 2918 intulit,
1280 2868 1392 2910 verum
1418 2851 1514 2910 etiam

178 2950 319 3009 ostendit
334 2949 495 3026 quomodo
513 2949 600 3008 lesus
613 2948 800 3008 manifestus
811 2949 910 3007 tactus
924 2949 965 3007 sit
980 2948 1112 3008 testibus
1129 2948 1370 3026 praeordinatis,
1388 2941 1514 3025 apesto-

178 3048 227 3107 lis.
254 3048 329 3106 Dein
356 3054 522 3124 postquam
550 3045 715 3122 discipulis
743 3046 938 3123 promissum
959 3053 1007 3105 est
1031 3063 1085 3104 eos
1105 3047 1228 3105 visuros
1252 3063 1322 3104 esse
1343 3045 1514 3105 Dominum

176 3164 205 3202 v.
224 3147 251 3215 7,
270 3147 386 3204 mocrito
402 3150 620 3221 exspectamus
637 3143 668 3202 id
685 3161 812 3219 quoque
831 3149 987 3202 narratum
1005 3144 1053 3201 iri.
1072 3145 1107 3203 Et
1124 3144 1194 3220 quis
1210 3161 1272 3202 non
1284 3145 1410 3209 sentiat,
1429 3150 1515 3220 post·

178 3261 275 3320 quam
299 3244 489 3321 «evangelista
520 3248 582 3300 tam
610 3241 721 3300 sedulo
749 3241 896 3319 explicuit
931 3241 1092 3318 quomedo
1123 3243 1247 3319 singula
1274 3241 1390 3301 Christi
1420 3242 1515 3301 verba

179 3343 279 3409 maa.
300 3344 338 3399 3t
355 3342 488 3418 impleta
510 3344 628 3406 essent,
649 3357 721 3398 eum
739 3339 885 3399 ultimum
908 3340 1032 3399 illudet
1052 3340 1278 3417 gravissimum
1299 3345 1434 3418 resur-pet
1451 3356 1513 3397 non

178 3440 322 3517 potuisse
340 3445 404 3497 tam
422 3439 526 3497 ieiune
543 3437 763 3507 dimitterent
778 3438 879 3497 sotum
897 3437 1017 3497 diceret
1031 3437 1070 3496 de
1086 3437 1299 3497 affirmatione
1315 3437 1419 3514 angeli
1436 3436 1513 3495 nihil

177 3555 245 3597 esse
261 3555 277 3595 a
291 3537 479 3596 mutieribus
495 3536 639 3594 dictum?

216 3636 296 3695 Cum
318 3637 424 3711 itaquo
442 3639 514 3711 post
536 3651 564 3690 v.
584 3632 727 3708 8aliqua
742 3633 933 3709 postulanda
955 3634 1032 3702 sint,
1053 3632 1278 3708 inquirendum
1295 3637 1344 3691 est
1358 3633 1462 3692 sintne
1479 3649 1515 3692 ea

177 3750 257 3810 quae
282 3734 419 3809 legimus
434 3730 519 3808 apud
540 3736 585 3788 tot
601 3736 697 3790 testes
718 3729 803 3807 (vide
824 3731 894 3789 lect.
917 3730 995 3808 var.)
1014 3732 1056 3789 ita
1077 3730 1271 3789 conformata
1292 3735 1326 3790 ut
1342 3731 1456 3789 merito
1473 3730 1513 3789 ad

178 3833 313 3890 Marcum
329 3830 439 3889 reterri
452 3829 585 3906 possint.
602 3828 634 3887 Si
653 3846 721 3887 rem
738 3835 894 3887 narratam
909 3833 1104 3905 spectamus,
1122 3827 1285 3887 latendum
1298 3833 1345 3887 est
1361 3844 1431 3886 eam
1451 3845 1513 3886 non

177 3946 245 3989 esse
262 3929 447 3988 oratiorum
463 3926 699 3985 narrationibus
712 3928 928 4002 conquisitam
945 3932 975 3985 et
989 3927 1216 4004 compositam
1232 3925 1328 3985 habet
1340 3926 1426 3985 enim
1441 3943 1512 4002 pro-

176 4028 244 4103 pria
261 4046 288 4084 r.
309 4029 344 4084 ta
361 4043 444 4101 seq.;
463 4026 561 4083 immo
579 4023 674 4083 habet
690 4041 769 4100 quae
787 4025 817 4082 in
835 4043 863 4083 r.
882 4025 918 4082 13
936 4025 1105 4083 narrationi
1123 4025 1222 4082 Lucae
1239 4023 1321 4083 haud
1338 4040 1512 4100 congruere

175 4125 278 4202 primo
299 4128 429 4199 aspectu
455 4122 613 4181 ridentur.
639 4122 758 4180 Exinde
780 4122 841 4179 iam
867 4128 991 4181 certum
1013 4127 1060 4180 est
1085 4138 1122 4179 ea
1145 4139 1207 4180 non
1234 4138 1303 4180 esse
1330 4121 1512 4199 conscripta

176 4227 319 4299 tempore
338 4223 514 4298 posteriorc
533 4238 596 4296 quo
619 4221 690 4279 libri
714 4219 951 4296 evangeliorum
975 4219 1035 4277 iam
1061 4219 1179 4296 passim
1208 4219 1427 4280 innotuerant.
1456 4219 1512 4278 sed

175 4337 244 4378 csse
262 4326 385 4377 narratu
406 4321 443 4378 ab
460 4320 567 4395 coqui
591 4318 719 4396 propria
737 4316 905 4377 traditione
921 4316 1093 4395 apostolica
1111 4322 1177 4375 erat
1192 4317 1323 4376 edoctus
1342 4323 1373 4375 et
1389 4333 1425 4375 ea
1440 4316 1511 4392 qui-

175 4417 249 4476 dem
266 4435 345 4493 quae
362 4416 584 4494 distinguenda
600 4418 641 4477 sit
657 4434 675 4475 a
691 4416 775 4475 sonte
793 4415 876 4474 uude
894 4417 993 4474 Limus
1009 4415 1121 4474 hausit.

216 4517 312 4574 Porro
330 4532 378 4572 res
395 4516 479 4592 ipsae
496 4521 641 4574 narratae
656 4514 850 4574 conveniunt
867 4530 940 4572 cum
960 4512 1081 4571 ratione
1099 4513 1153 4571 illa
1168 4512 1347 4591 particulari
1365 4529 1462 4588 quam
1480 4513 1510 4570 iu

175 4613 298 4689 reliquo
315 4613 396 4672 libro
416 4615 508 4673 tttarci
523 4613 805 4690 deprehendimus.
824 4611 924 4681 Ouum
941 4610 1021 4669 tardi
1039 4611 1156 4671 luerint
1171 4611 1305 4688 apostoli
1321 4609 1359 4669 ad
1377 4609 1510 4669 creden-

174 4711 253 4770 dum
280 4712 392 4768 sedulo
415 4717 498 4770 notat
526 4731 555 4768 v.
584 4715 633 4770 lt.
662 4716 715 4783 13;
738 4710 940 4789 gravioribus
965 4710 1069 4768 vorbis
1092 4710 1172 4769 hanc
1195 4726 1305 4768 eorum
1328 4707 1467 4767 indolem
1494 4728 1510 4767 a

175 4809 299 4868 Christo
322 4809 517 4885 designatum
539 4815 570 4868 et
592 4810 814 4887 reprehensam
836 4808 966 4867 exhibet
988 4826 1015 4865 r,
1039 4811 1088 4872 ll:
1108 4809 1208 4886 primo
1229 4807 1298 4866 loco
1318 4808 1401 4866 inter
1424 4808 1511 4883 signa

175 4915 340 4967 enumerat
353 4907 543 4966 eiectionem
556 4908 761 4978 daemonum,
779 4925 876 4985 quam
894 4908 926 4965 in
937 4906 1015 4965 libro
1030 4924 1158 4983 quoquc
1176 4906 1326 4983 peculiari
1343 4906 1448 4964 studio
1464 4904 1509 4963 el-

107 5170 214 5320 ἱ
