<?xml version="1.0" encoding="UTF-8"?>
<!DOCTYPE html PUBLIC "-//W3C//DTD XHTML 1.0 Transitional//EN"
    "http://www.w3.org/TR/xhtml1/DTD/xhtml1-transitional.dtd">
<html xmlns="http://www.w3.org/1999/xhtml" xml:lang="en" lang="en">
 <head>
  <title>
</title>
<meta http-equiv="Content-Type" content="text/html;charset=utf-8" />
  <meta name='ocr-system' content='tesseract 3.04.00' />
  <meta name='ocr-capabilities' content='ocr_page ocr_carea ocr_par ocr_line ocrx_word'/>
</head>
<body>
  <div class='ocr_page' id='page_1' title='image "./commentariusinq01knabgoog_0139.png"; bbox 0 0 3960 5654; ppageno 0'>
   <div class='ocr_carea' id='block_1_1' title="bbox 787 472 1057 544">
    <p class='ocr_par' dir='ltr' id='par_1_1' title="bbox 787 472 1057 544">
     <span class='ocr_line' id='line_1_1' title="bbox 787 472 1057 544; baseline -0.015 -9"><span class='ocrx_word' id='word_1_1' title='bbox 787 491 875 537; x_wconf 78' lang='lat' dir='ltr'>mnc.</span> <span class='ocrx_word' id='word_1_2' title='bbox 897 477 927 544; x_wconf 81' lang='lat' dir='ltr'>i,</span> <span class='ocrx_word' id='word_1_3' title='bbox 942 472 1057 538; x_wconf 60' lang='lat' dir='ltr'>uti-25.</span> 
     </span>
    </p>
   </div>
   <div class='ocr_carea' id='block_1_2' title="bbox 144 618 1588 1287">
    <p class='ocr_par' dir='ltr' id='par_1_2' title="bbox 144 618 1588 1287">
     <span class='ocr_line' id='line_1_2' title="bbox 260 618 1586 704; baseline -0.003 -20"><span class='ocrx_word' id='word_1_4' title='bbox 260 622 468 687; x_wconf 90' lang='lat' dir='ltr'>contineatur.</span> <span class='ocrx_word' id='word_1_5' title='bbox 486 626 526 684; x_wconf 84' lang='lat' dir='ltr'>at</span> <span class='ocrx_word' id='word_1_6' title='bbox 545 618 621 698; x_wconf 90' lang='lat' dir='ltr'>quid</span> <span class='ocrx_word' id='word_1_7' title='bbox 639 620 706 681; x_wconf 83' lang='lat' dir='ltr'>lieri</span> <span class='ocrx_word' id='word_1_8' title='bbox 724 631 880 704; x_wconf 90' lang='lat' dir='ltr'>oporteat,</span> <span class='ocrx_word' id='word_1_9' title='bbox 894 622 1068 684; x_wconf 81' lang='lat' dir='ltr'><strong>clarissime</strong></span> <span class='ocrx_word' id='word_1_10' title='bbox 1084 625 1280 704; x_wconf 81' lang='lat' dir='ltr'>exprimitur,</span> <span class='ocrx_word' id='word_1_11' title='bbox 1298 622 1325 681; x_wconf 89' lang='lat' dir='ltr'>si</span> <span class='ocrx_word' id='word_1_12' title='bbox 1340 622 1482 683; x_wconf 89' lang='lat' dir='ltr'>Christus</span> <span class='ocrx_word' id='word_1_13' title='bbox 1498 640 1535 682; x_wconf 90' lang='lat' dir='ltr'>ex</span> <span class='ocrx_word' id='word_1_14' title='bbox 1549 621 1586 680; x_wconf 90' lang='lat' dir='ltr'>iis</span> 
     </span>
     <span class='ocr_line' id='line_1_3' title="bbox 257 718 1585 800; baseline -0.005 -17"><span class='ocrx_word' id='word_1_15' title='bbox 257 725 393 800; x_wconf 88' lang='lat' dir='ltr'>quaerit,</span> <span class='ocrx_word' id='word_1_16' title='bbox 409 737 486 782; x_wconf 94' lang='lat' dir='ltr'>num</span> <span class='ocrx_word' id='word_1_17' title='bbox 500 719 630 779; x_wconf 92' lang='lat' dir='ltr'>lucerna</span> <span class='ocrx_word' id='word_1_18' title='bbox 645 723 790 798; x_wconf 91' lang='lat' dir='ltr'>ponenda</span> <span class='ocrx_word' id='word_1_19' title='bbox 805 724 846 782; x_wconf 92' lang='lat' dir='ltr'>sit</span> <span class='ocrx_word' id='word_1_20' title='bbox 860 721 917 782; x_wconf 90' lang='lat' dir='ltr'>sub</span> <span class='ocrx_word' id='word_1_21' title='bbox 933 719 1040 780; x_wconf 89' lang='lat' dir='ltr'>modio</span> <span class='ocrx_word' id='word_1_22' title='bbox 1058 723 1106 783; x_wconf 86' lang='lat' dir='ltr'>vel</span> <span class='ocrx_word' id='word_1_23' title='bbox 1122 724 1226 800; x_wconf 90' lang='lat' dir='ltr'>potius</span> <span class='ocrx_word' id='word_1_24' title='bbox 1242 737 1337 797; x_wconf 91' lang='lat' dir='ltr'>super</span> <span class='ocrx_word' id='word_1_25' title='bbox 1349 718 1585 780; x_wconf 88' lang='lat' dir='ltr'>candelabrum.</span> 
     </span>
     <span class='ocr_line' id='line_1_4' title="bbox 257 806 1587 899; baseline -0.004 -19"><span class='ocrx_word' id='word_1_26' title='bbox 257 821 304 882; x_wconf 79' lang='lat' dir='ltr'>Ad</span> <span class='ocrx_word' id='word_1_27' title='bbox 322 806 399 899; x_wconf 86' lang='lat' dir='ltr'>quid</span> <span class='ocrx_word' id='word_1_28' title='bbox 413 814 594 877; x_wconf 86' lang='lat' dir='ltr'>animaliud</span> <span class='ocrx_word' id='word_1_29' title='bbox 610 818 764 881; x_wconf 92' lang='lat' dir='ltr'>eiusmodi</span> <span class='ocrx_word' id='word_1_30' title='bbox 780 822 940 898; x_wconf 87' lang='lat' dir='ltr'>ponuntur</span> <span class='ocrx_word' id='word_1_31' title='bbox 956 822 1156 893; x_wconf 78' lang='lat' dir='ltr'><strong>quaestiones</strong></span> <span class='ocrx_word' id='word_1_32' title='bbox 1172 818 1220 878; x_wconf 90' lang='lat' dir='ltr'>vel</span> <span class='ocrx_word' id='word_1_33' title='bbox 1236 817 1381 895; x_wconf 87' lang='lat' dir='ltr'>exempla</span> <span class='ocrx_word' id='word_1_34' title='bbox 1395 815 1587 888; x_wconf 84' lang='lat' dir='ltr'>inseruntur,</span> 
     </span>
     <span class='ocr_line' id='line_1_5' title="bbox 255 913 1588 995; baseline -0.005 -17"><span class='ocrx_word' id='word_1_35' title='bbox 255 917 319 979; x_wconf 88' lang='lat' dir='ltr'>nisi</span> <span class='ocrx_word' id='word_1_36' title='bbox 333 921 368 979; x_wconf 92' lang='lat' dir='ltr'>ut</span> <span class='ocrx_word' id='word_1_37' title='bbox 381 914 436 973; x_wconf 88' lang='lat' dir='ltr'>alii</span> <span class='ocrx_word' id='word_1_38' title='bbox 449 929 487 973; x_wconf 90' lang='lat' dir='ltr'>ex</span> <span class='ocrx_word' id='word_1_39' title='bbox 502 913 596 976; x_wconf 88' lang='lat' dir='ltr'>rebus</span> <span class='ocrx_word' id='word_1_40' title='bbox 611 917 727 978; x_wconf 85' lang='lat' dir='ltr'>talibus</span> <span class='ocrx_word' id='word_1_41' title='bbox 742 917 926 977; x_wconf 74' lang='lat' dir='ltr'>erudiantur</span> <span class='ocrx_word' id='word_1_42' title='bbox 940 919 972 974; x_wconf 93' lang='lat' dir='ltr'>et</span> <span class='ocrx_word' id='word_1_43' title='bbox 987 916 1026 974; x_wconf 93' lang='lat' dir='ltr'>ad</span> <span class='ocrx_word' id='word_1_44' title='bbox 1042 917 1197 995; x_wconf 87' lang='lat' dir='ltr'>agendum</span> <span class='ocrx_word' id='word_1_45' title='bbox 1212 920 1297 976; x_wconf 91' lang='lat' dir='ltr'>recte</span> <span class='ocrx_word' id='word_1_46' title='bbox 1311 913 1502 974; x_wconf 76' lang='lat' dir='ltr'>incitantur?</span> <span class='ocrx_word' id='word_1_47' title='bbox 1518 913 1527 970; x_wconf 90' lang='lat' dir='ltr'>l</span> <span class='ocrx_word' id='word_1_48' title='bbox 1533 929 1588 989; x_wconf 90' lang='lat' dir='ltr'>pse</span> 
     </span>
     <span class='ocr_line' id='line_1_6' title="bbox 255 1008 1588 1092; baseline -0.008 -16"><span class='ocrx_word' id='word_1_49' title='bbox 255 1018 361 1076; x_wconf 88' lang='lat' dir='ltr'>autem</span> <span class='ocrx_word' id='word_1_50' title='bbox 378 1008 494 1090; x_wconf 74' lang='lat' dir='ltr'>Sedepp</span> <span class='ocrx_word' id='word_1_51' title='bbox 512 1014 642 1092; x_wconf 83' lang='lat' dir='ltr'>exponit</span> <span class='ocrx_word' id='word_1_52' title='bbox 661 1014 818 1074; x_wconf 83' lang='lat' dir='ltr'>Christum</span> <span class='ocrx_word' id='word_1_53' title='bbox 835 1013 942 1072; x_wconf 89' lang='lat' dir='ltr'>relicta</span> <span class='ocrx_word' id='word_1_54' title='bbox 963 1015 1113 1089; x_wconf 90' lang='lat' dir='ltr'>parabola</span> <span class='ocrx_word' id='word_1_55' title='bbox 1133 1011 1171 1071; x_wconf 91' lang='lat' dir='ltr'>de</span> <span class='ocrx_word' id='word_1_56' title='bbox 1192 1011 1312 1070; x_wconf 92' lang='lat' dir='ltr'>semine</span> <span class='ocrx_word' id='word_1_57' title='bbox 1332 1012 1426 1071; x_wconf 90' lang='lat' dir='ltr'>aliam</span> <span class='ocrx_word' id='word_1_58' title='bbox 1442 1008 1588 1069; x_wconf 88' lang='lat' dir='ltr'>eiusdem</span> 
     </span>
     <span class='ocr_line' id='line_1_7' title="bbox 258 1107 1587 1189; baseline -0.007 -17"><span class='ocrx_word' id='word_1_59' title='bbox 258 1107 499 1189; x_wconf 72' lang='lat' dir='ltr'>significationis</span> <span class='ocrx_word' id='word_1_60' title='bbox 520 1110 670 1172; x_wconf 90' lang='lat' dir='ltr'>inducere</span> <span class='ocrx_word' id='word_1_61' title='bbox 692 1128 698 1168; x_wconf 93' lang='lat'>:</span> <span class='ocrx_word' id='word_1_62' title='bbox 723 1109 883 1169; x_wconf 87' lang='lat' dir='ltr'>lucernam</span> <span class='ocrx_word' id='word_1_63' title='bbox 906 1109 1030 1184; x_wconf 77' lang='lat' dir='ltr'>inferri,</span> <span class='ocrx_word' id='word_1_64' title='bbox 1054 1118 1088 1171; x_wconf 91' lang='lat' dir='ltr'>ut</span> <span class='ocrx_word' id='word_1_65' title='bbox 1108 1108 1231 1169; x_wconf 92' lang='lat' dir='ltr'>occulta</span> <span class='ocrx_word' id='word_1_66' title='bbox 1248 1109 1491 1169; x_wconf 82' lang='lat' dir='ltr'>manifestentur</span> <span class='ocrx_word' id='word_1_67' title='bbox 1514 1108 1534 1165; x_wconf 93' lang='lat' dir='ltr'>i.</span> <span class='ocrx_word' id='word_1_68' title='bbox 1558 1123 1587 1165; x_wconf 92' lang='lat' dir='ltr'>e.</span> 
     </span>
     <span class='ocr_line' id='line_1_8' title="bbox 144 1205 1226 1287; baseline -0.004 -20"><span class='ocrx_word' id='word_1_69' title='bbox 144 1270 147 1276; x_wconf 70' lang='grc'>,</span> <span class='ocrx_word' id='word_1_70' title='bbox 258 1205 492 1286; x_wconf 85' lang='lat' dir='ltr'>praedicatione</span> <span class='ocrx_word' id='word_1_71' title='bbox 506 1207 659 1287; x_wconf 87' lang='lat' dir='ltr'>evangelii</span> <span class='ocrx_word' id='word_1_72' title='bbox 676 1205 841 1266; x_wconf 88' lang='lat' dir='ltr'>revelanda</span> <span class='ocrx_word' id='word_1_73' title='bbox 857 1223 922 1266; x_wconf 93' lang='lat' dir='ltr'>esse</span> <span class='ocrx_word' id='word_1_74' title='bbox 939 1209 1034 1268; x_wconf 90' lang='lat' dir='ltr'>corda</span> <span class='ocrx_word' id='word_1_75' title='bbox 1050 1207 1226 1267; x_wconf 91' lang='lat' dir='ltr'>hominum.</span> 
     </span>
    </p>
   </div>
   <div class='ocr_carea' id='block_1_3' title="bbox 258 1372 1589 1571">
    <p class='ocr_par' dir='ltr' id='par_1_3' title="bbox 258 1372 1589 1571">
     <span class='ocr_line' id='line_1_9' title="bbox 301 1372 1589 1465; baseline -0.004 -23"><span class='ocrx_word' id='word_1_76' title='bbox 301 1378 343 1442; x_wconf 89' lang='lat' dir='ltr'>Ut</span> <span class='ocrx_word' id='word_1_77' title='bbox 364 1397 452 1465; x_wconf 91' lang='lat' dir='ltr'>quae</span> <span class='ocrx_word' id='word_1_78' title='bbox 476 1375 568 1442; x_wconf 90' lang='lat' dir='ltr'>dicta</span> <span class='ocrx_word' id='word_1_79' title='bbox 587 1377 667 1440; x_wconf 93' lang='lat' dir='ltr'>sunt</span> <span class='ocrx_word' id='word_1_80' title='bbox 681 1375 768 1439; x_wconf 91' lang='lat' dir='ltr'>serio</span> <span class='ocrx_word' id='word_1_81' title='bbox 784 1375 1015 1464; x_wconf 88' lang='lat' dir='ltr'>perpendant,</span> <span class='ocrx_word' id='word_1_82' title='bbox 1031 1375 1191 1440; x_wconf 87' lang='lat' dir='ltr'>Dominus</span> <span class='ocrx_word' id='word_1_83' title='bbox 1218 1379 1333 1439; x_wconf 92' lang='lat' dir='ltr'>monet</span> <span class='ocrx_word' id='word_1_84' title='bbox 1352 1395 1384 1436; x_wconf 89' lang='lat' dir='ltr'>v.</span> <span class='ocrx_word' id='word_1_85' title='bbox 1407 1379 1448 1438; x_wconf 76' lang='lat'>23</span> <span class='ocrx_word' id='word_1_86' title='bbox 1468 1372 1589 1461; x_wconf 83' lang='lat' dir='ltr'>siquis</span> 
     </span>
     <span class='ocr_line' id='line_1_10' title="bbox 258 1478 1589 1571; baseline -0.004 -24"><span class='ocrx_word' id='word_1_87' title='bbox 258 1479 360 1548; x_wconf 77' lang='lat' dir='ltr'>habet</span> <span class='ocrx_word' id='word_1_88' title='bbox 377 1504 477 1549; x_wconf 83' lang='lat' dir='ltr'>aures</span> <span class='ocrx_word' id='word_1_89' title='bbox 496 1479 659 1547; x_wconf 78' lang='lat' dir='ltr'>audiendi</span> <span class='ocrx_word' id='word_1_90' title='bbox 680 1479 820 1565; x_wconf 53' lang='lat' dir='ltr'>audian</span> <span class='ocrx_word' id='word_1_91' title='bbox 837 1481 1051 1571; x_wconf 88' lang='lat' dir='ltr'>perpendant</span> <span class='ocrx_word' id='word_1_92' title='bbox 1074 1481 1187 1569; x_wconf 90' lang='lat' dir='ltr'>itaque</span> <span class='ocrx_word' id='word_1_93' title='bbox 1211 1502 1299 1570; x_wconf 91' lang='lat' dir='ltr'>quae</span> <span class='ocrx_word' id='word_1_94' title='bbox 1325 1478 1389 1546; x_wconf 90' lang='lat' dir='ltr'>sibi</span> <span class='ocrx_word' id='word_1_95' title='bbox 1408 1479 1589 1544; x_wconf 84' lang='lat' dir='ltr'>necessitas</span> 
     </span>
    </p>
   </div>
   <div class='ocr_carea' id='block_1_4' title="bbox 152 1583 1590 1678">
    <p class='ocr_par' dir='ltr' id='par_1_4' title="bbox 152 1583 1590 1678">
     <span class='ocr_line' id='line_1_11' title="bbox 152 1583 1590 1678; baseline -0.005 -23"><span class='ocrx_word' id='word_1_96' title='bbox 152 1583 164 1678; x_wconf 51' lang='lat' dir='ltr'><em>f</em></span> <span class='ocrx_word' id='word_1_97' title='bbox 258 1586 435 1655; x_wconf 84' lang='lat' dir='ltr'>incumbat</span> <span class='ocrx_word' id='word_1_98' title='bbox 454 1610 494 1654; x_wconf 88' lang='lat' dir='ltr'>ex</span> <span class='ocrx_word' id='word_1_99' title='bbox 515 1609 554 1653; x_wconf 93' lang='lat' dir='ltr'>eo</span> <span class='ocrx_word' id='word_1_100' title='bbox 573 1585 667 1676; x_wconf 91' lang='lat' dir='ltr'>quod</span> <span class='ocrx_word' id='word_1_101' title='bbox 684 1587 844 1655; x_wconf 90' lang='lat' dir='ltr'>lucernae</span> <span class='ocrx_word' id='word_1_102' title='bbox 864 1587 1113 1654; x_wconf 88' lang='lat' dir='ltr'>constituantur</span> <span class='ocrx_word' id='word_1_103' title='bbox 1130 1609 1151 1653; x_wconf 98' lang='lat' dir='ltr'>a</span> <span class='ocrx_word' id='word_1_104' title='bbox 1168 1588 1309 1654; x_wconf 86' lang='lat' dir='ltr'>Domino</span> <span class='ocrx_word' id='word_1_105' title='bbox 1328 1592 1362 1651; x_wconf 90' lang='lat' dir='ltr'>et</span> <span class='ocrx_word' id='word_1_106' title='bbox 1380 1608 1419 1652; x_wconf 90' lang='lat' dir='ltr'>ex</span> <span class='ocrx_word' id='word_1_107' title='bbox 1441 1583 1590 1673; x_wconf 89' lang='lat' dir='ltr'>eoquod</span> 
     </span>
    </p>
   </div>
   <div class='ocr_carea' id='block_1_5' title="bbox 257 1691 1594 2742">
    <p class='ocr_par' dir='ltr' id='par_1_5' title="bbox 257 1691 1594 2742">
     <span class='ocr_line' id='line_1_12' title="bbox 257 1691 1590 1766; baseline -0.003 -5"><span class='ocrx_word' id='word_1_108' title='bbox 257 1697 345 1761; x_wconf 84' lang='lat' dir='ltr'>Deus</span> <span class='ocrx_word' id='word_1_109' title='bbox 358 1694 476 1766; x_wconf 87' lang='lat' dir='ltr'>abdita</span> <span class='ocrx_word' id='word_1_110' title='bbox 490 1715 551 1760; x_wconf 91' lang='lat' dir='ltr'>sua</span> <span class='ocrx_word' id='word_1_111' title='bbox 564 1691 704 1761; x_wconf 92' lang='lat' dir='ltr'>consilia</span> <span class='ocrx_word' id='word_1_112' title='bbox 718 1694 912 1761; x_wconf 91' lang='lat' dir='ltr'>hominibus</span> <span class='ocrx_word' id='word_1_113' title='bbox 925 1700 1005 1760; x_wconf 87' lang='lat' dir='ltr'>nota</span> <span class='ocrx_word' id='word_1_114' title='bbox 1018 1694 1090 1759; x_wconf 87' lang='lat' dir='ltr'>fieri</span> <span class='ocrx_word' id='word_1_115' title='bbox 1107 1692 1198 1760; x_wconf 89' lang='lat' dir='ltr'>velit.</span> <span class='ocrx_word' id='word_1_116' title='bbox 1215 1698 1258 1760; x_wconf 82' lang='lat' dir='ltr'>Ex</span> <span class='ocrx_word' id='word_1_117' title='bbox 1275 1694 1367 1759; x_wconf 92' lang='lat' dir='ltr'>hisce</span> <span class='ocrx_word' id='word_1_118' title='bbox 1381 1699 1495 1759; x_wconf 91' lang='lat' dir='ltr'>autem</span> <span class='ocrx_word' id='word_1_119' title='bbox 1511 1712 1590 1757; x_wconf 90' lang='lat' dir='ltr'>con·</span> 
     </span>
     <span class='ocr_line' id='line_1_13' title="bbox 257 1795 1590 1890; baseline -0.006 -20"><span class='ocrx_word' id='word_1_120' title='bbox 257 1801 424 1890; x_wconf 81' lang='lat' dir='ltr'>sequitur,</span> <span class='ocrx_word' id='word_1_121' title='bbox 457 1805 494 1867; x_wconf 90' lang='lat' dir='ltr'>ut</span> <span class='ocrx_word' id='word_1_122' title='bbox 519 1798 678 1889; x_wconf 89' lang='lat' dir='ltr'>discipuli</span> <span class='ocrx_word' id='word_1_123' title='bbox 703 1823 794 1868; x_wconf 90' lang='lat' dir='ltr'>nunc</span> <span class='ocrx_word' id='word_1_124' title='bbox 822 1802 857 1866; x_wconf 91' lang='lat' dir='ltr'>in</span> <span class='ocrx_word' id='word_1_125' title='bbox 881 1800 998 1866; x_wconf 89' lang='lat' dir='ltr'>schola</span> <span class='ocrx_word' id='word_1_126' title='bbox 1023 1801 1145 1866; x_wconf 85' lang='lat' dir='ltr'>Christi</span> <span class='ocrx_word' id='word_1_127' title='bbox 1167 1822 1201 1867; x_wconf 94' lang='lat' dir='ltr'>se</span> <span class='ocrx_word' id='word_1_128' title='bbox 1224 1801 1316 1865; x_wconf 93' lang='lat' dir='ltr'>omni</span> <span class='ocrx_word' id='word_1_129' title='bbox 1343 1799 1522 1885; x_wconf 90' lang='lat' dir='ltr'>diligentia</span> <span class='ocrx_word' id='word_1_130' title='bbox 1545 1795 1590 1863; x_wconf 92' lang='lat' dir='ltr'>ad</span> 
     </span>
     <span class='ocr_line' id='line_1_14' title="bbox 259 1904 1589 1996; baseline -0.004 -22"><span class='ocrx_word' id='word_1_131' title='bbox 259 1927 383 1974; x_wconf 87' lang='lat' dir='ltr'>munus</span> <span class='ocrx_word' id='word_1_132' title='bbox 407 1928 507 1973; x_wconf 89' lang='lat' dir='ltr'>suum</span> <span class='ocrx_word' id='word_1_133' title='bbox 531 1913 754 1995; x_wconf 83' lang='lat' dir='ltr'>praeparent,</span> <span class='ocrx_word' id='word_1_134' title='bbox 783 1911 885 1996; x_wconf 91' lang='lat' dir='ltr'>atque</span> <span class='ocrx_word' id='word_1_135' title='bbox 907 1905 1037 1972; x_wconf 89' lang='lat' dir='ltr'>idcirco</span> <span class='ocrx_word' id='word_1_136' title='bbox 1065 1905 1210 1972; x_wconf 89' lang='lat' dir='ltr'>maxima</span> <span class='ocrx_word' id='word_1_137' title='bbox 1227 1904 1378 1972; x_wconf 89' lang='lat' dir='ltr'>sollertia</span> <span class='ocrx_word' id='word_1_138' title='bbox 1399 1904 1589 1970; x_wconf 90' lang='lat' dir='ltr'>doctrinam</span> 
     </span>
     <span class='ocr_line' id='line_1_15' title="bbox 259 2011 1591 2101; baseline -0.005 -21"><span class='ocrx_word' id='word_1_139' title='bbox 259 2011 383 2080; x_wconf 82' lang='lat' dir='ltr'>Christi</span> <span class='ocrx_word' id='word_1_140' title='bbox 397 2011 537 2079; x_wconf 92' lang='lat' dir='ltr'>haurire</span> <span class='ocrx_word' id='word_1_141' title='bbox 557 2018 591 2078; x_wconf 89' lang='lat' dir='ltr'>et</span> <span class='ocrx_word' id='word_1_142' title='bbox 606 2011 799 2099; x_wconf 89' lang='lat' dir='ltr'>intelligere</span> <span class='ocrx_word' id='word_1_143' title='bbox 814 2012 982 2079; x_wconf 92' lang='lat' dir='ltr'>studeant.</span> <span class='ocrx_word' id='word_1_144' title='bbox 1001 2012 1051 2078; x_wconf 80' lang='lat' dir='ltr'>ad</span> <span class='ocrx_word' id='word_1_145' title='bbox 1069 2035 1173 2101; x_wconf 94' lang='lat' dir='ltr'>quam</span> <span class='ocrx_word' id='word_1_146' title='bbox 1190 2011 1462 2078; x_wconf 85' lang='lat' dir='ltr'>adhortationem</span> <span class='ocrx_word' id='word_1_147' title='bbox 1479 2031 1591 2076; x_wconf 88' lang='lat' dir='ltr'>sermo</span> 
     </span>
     <span class='ocr_line' id='line_1_16' title="bbox 257 2116 1592 2209; baseline -0.004 -24"><span class='ocrx_word' id='word_1_148' title='bbox 257 2118 327 2185; x_wconf 88' lang='lat' dir='ltr'>iam</span> <span class='ocrx_word' id='word_1_149' title='bbox 342 2118 563 2209; x_wconf 85' lang='lat' dir='ltr'>progreditur</span> <span class='ocrx_word' id='word_1_150' title='bbox 578 2142 609 2184; x_wconf 93' lang='lat' dir='ltr'>v.</span> <span class='ocrx_word' id='word_1_151' title='bbox 632 2125 674 2186; x_wconf 71' lang='lat' dir='ltr'>ht</span> <span class='ocrx_word' id='word_1_152' title='bbox 695 2130 728 2184; x_wconf 86' lang='lat' dir='ltr'>et</span> <span class='ocrx_word' id='word_1_153' title='bbox 748 2116 882 2185; x_wconf 82' lang='lat' dir='ltr'>dicebat</span> <span class='ocrx_word' id='word_1_154' title='bbox 900 2118 966 2185; x_wconf 82' lang='lat' dir='ltr'>illis</span> <span class='ocrx_word' id='word_1_155' title='bbox 990 2119 1050 2208; x_wconf 91' lang='lat' dir='ltr'>(ita</span> <span class='ocrx_word' id='word_1_156' title='bbox 1073 2119 1144 2184; x_wconf 91' lang='lat' dir='ltr'>scil.</span> <span class='ocrx_word' id='word_1_157' title='bbox 1168 2123 1294 2184; x_wconf 83' lang='lat' dir='ltr'>Marcus</span> <span class='ocrx_word' id='word_1_158' title='bbox 1314 2117 1493 2204; x_wconf 88' lang='lat' dir='ltr'>designare</span> <span class='ocrx_word' id='word_1_159' title='bbox 1509 2116 1592 2182; x_wconf 88' lang='lat' dir='ltr'>solet</span> 
     </span>
     <span class='ocr_line' id='line_1_17' title="bbox 259 2224 1592 2315; baseline -0.003 -24"><span class='ocrx_word' id='word_1_160' title='bbox 259 2246 383 2291; x_wconf 86' lang='lat' dir='ltr'>novam</span> <span class='ocrx_word' id='word_1_161' title='bbox 403 2230 535 2315; x_wconf 91' lang='lat' dir='ltr'>partem</span> <span class='ocrx_word' id='word_1_162' title='bbox 550 2246 655 2314; x_wconf 88' lang='lat' dir='ltr'>quam</span> <span class='ocrx_word' id='word_1_163' title='bbox 671 2247 712 2291; x_wconf 91' lang='lat' dir='ltr'>ex</span> <span class='ocrx_word' id='word_1_164' title='bbox 730 2225 885 2311; x_wconf 86' lang='lat' dir='ltr'>longiore</span> <span class='ocrx_word' id='word_1_165' title='bbox 904 2226 1037 2291; x_wconf 83' lang='lat' dir='ltr'>Domini</span> <span class='ocrx_word' id='word_1_166' title='bbox 1053 2247 1208 2292; x_wconf 89' lang='lat' dir='ltr'>sermone</span> <span class='ocrx_word' id='word_1_167' title='bbox 1234 2224 1382 2290; x_wconf 88' lang='lat' dir='ltr'>breviter</span> <span class='ocrx_word' id='word_1_168' title='bbox 1402 2244 1592 2313; x_wconf 86' lang='lat' dir='ltr'>proponere</span> 
     </span>
     <span class='ocr_line' id='line_1_18' title="bbox 261 2330 1592 2421; baseline -0.004 -23"><span class='ocrx_word' id='word_1_169' title='bbox 261 2330 448 2398; x_wconf 88' lang='lat' dir='ltr'>censendus</span> <span class='ocrx_word' id='word_1_170' title='bbox 468 2331 546 2420; x_wconf 89' lang='lat' dir='ltr'>erit)</span> <span class='ocrx_word' id='word_1_171' title='bbox 569 2353 577 2400; x_wconf 90' lang='lat'>:</span> <span class='ocrx_word' id='word_1_172' title='bbox 603 2331 712 2398; x_wconf 86' lang='lat' dir='ltr'>videte</span> <span class='ocrx_word' id='word_1_173' title='bbox 737 2330 822 2421; x_wconf 73' lang='lat' dir='ltr'>quid</span> <span class='ocrx_word' id='word_1_174' title='bbox 842 2331 1009 2412; x_wconf 61' lang='lat' dir='ltr'>erudiatis,</span> <span class='ocrx_word' id='word_1_175' title='bbox 1032 2333 1215 2418; x_wconf 88' lang='lat' dir='ltr'>diligenter</span> <span class='ocrx_word' id='word_1_176' title='bbox 1236 2330 1446 2397; x_wconf 90' lang='lat' dir='ltr'>considerate</span> <span class='ocrx_word' id='word_1_177' title='bbox 1471 2330 1592 2419; x_wconf 89' lang='lat' dir='ltr'>quanli</span> 
     </span>
     <span class='ocr_line' id='line_1_19' title="bbox 264 2435 1592 2527; baseline -0.003 -22"><span class='ocrx_word' id='word_1_178' title='bbox 264 2437 430 2505; x_wconf 85' lang='lat' dir='ltr'>momenti</span> <span class='ocrx_word' id='word_1_179' title='bbox 443 2439 500 2520; x_wconf 87' lang='lat' dir='ltr'>sit,</span> <span class='ocrx_word' id='word_1_180' title='bbox 522 2444 561 2505; x_wconf 91' lang='lat' dir='ltr'>ut</span> <span class='ocrx_word' id='word_1_181' title='bbox 579 2438 615 2505; x_wconf 91' lang='lat' dir='ltr'>id</span> <span class='ocrx_word' id='word_1_182' title='bbox 631 2437 724 2527; x_wconf 91' lang='lat' dir='ltr'>quod</span> <span class='ocrx_word' id='word_1_183' title='bbox 738 2438 862 2505; x_wconf 90' lang='lat' dir='ltr'>auditis</span> <span class='ocrx_word' id='word_1_184' title='bbox 880 2439 982 2505; x_wconf 90' lang='lat' dir='ltr'>etiam</span> <span class='ocrx_word' id='word_1_185' title='bbox 999 2438 1086 2506; x_wconf 91' lang='lat' dir='ltr'>bene</span> <span class='ocrx_word' id='word_1_186' title='bbox 1102 2438 1311 2525; x_wconf 88' lang='lat' dir='ltr'>intelligatis.</span> <span class='ocrx_word' id='word_1_187' title='bbox 1333 2438 1431 2503; x_wconf 85' lang='lat' dir='ltr'>Proin</span> <span class='ocrx_word' id='word_1_188' title='bbox 1456 2459 1512 2502; x_wconf 91' lang='lat' dir='ltr'>eos</span> <span class='ocrx_word' id='word_1_189' title='bbox 1530 2435 1592 2502; x_wconf 92' lang='lat' dir='ltr'>ad-</span> 
     </span>
     <span class='ocr_line' id='line_1_20' title="bbox 262 2543 1594 2633; baseline -0.002 -23"><span class='ocrx_word' id='word_1_190' title='bbox 262 2551 377 2611; x_wconf 91' lang='lat' dir='ltr'>monet</span> <span class='ocrx_word' id='word_1_191' title='bbox 404 2547 443 2611; x_wconf 91' lang='lat' dir='ltr'>ut</span> <span class='ocrx_word' id='word_1_192' title='bbox 473 2548 579 2612; x_wconf 89' lang='lat' dir='ltr'>totum</span> <span class='ocrx_word' id='word_1_193' title='bbox 602 2545 756 2611; x_wconf 93' lang='lat' dir='ltr'>animum</span> <span class='ocrx_word' id='word_1_194' title='bbox 787 2545 832 2612; x_wconf 91' lang='lat' dir='ltr'>ad</span> <span class='ocrx_word' id='word_1_195' title='bbox 857 2544 1049 2612; x_wconf 90' lang='lat' dir='ltr'>doctrinam</span> <span class='ocrx_word' id='word_1_196' title='bbox 1073 2544 1314 2611; x_wconf 84' lang='lat' dir='ltr'>addiscendam</span> <span class='ocrx_word' id='word_1_197' title='bbox 1340 2545 1530 2633; x_wconf 90' lang='lat' dir='ltr'>applicent;</span> <span class='ocrx_word' id='word_1_198' title='bbox 1557 2543 1594 2608; x_wconf 84' lang='lat' dir='ltr'>in</span> 
     </span>
     <span class='ocr_line' id='line_1_21' title="bbox 261 2648 1594 2742; baseline -0.002 -25"><span class='ocrx_word' id='word_1_199' title='bbox 261 2672 331 2742; x_wconf 82' lang='lat' dir='ltr'>qua</span> <span class='ocrx_word' id='word_1_200' title='bbox 345 2672 505 2718; x_wconf 77' lang='lat' dir='ltr'>mensma</span> <span class='ocrx_word' id='word_1_201' title='bbox 519 2651 630 2718; x_wconf 72' lang='lat' dir='ltr'>merui</span> <span class='ocrx_word' id='word_1_202' title='bbox 640 2651 792 2739; x_wconf 82' lang='lat' dir='ltr'>fueritis,</span> <span class='ocrx_word' id='word_1_203' title='bbox 813 2653 1007 2718; x_wconf 82' lang='lat' dir='ltr'>remetietur</span> <span class='ocrx_word' id='word_1_204' title='bbox 1020 2651 1111 2717; x_wconf 82' lang='lat' dir='ltr'>vodis</span> <span class='ocrx_word' id='word_1_205' title='bbox 1126 2663 1159 2717; x_wconf 87' lang='lat' dir='ltr'>et</span> <span class='ocrx_word' id='word_1_206' title='bbox 1176 2650 1355 2717; x_wconf 82' lang='lat' dir='ltr'>adiicietur</span> <span class='ocrx_word' id='word_1_207' title='bbox 1366 2648 1475 2730; x_wconf 84' lang='lat' dir='ltr'>uobis,</span> <span class='ocrx_word' id='word_1_208' title='bbox 1493 2679 1508 2709; x_wconf 93' lang='lat'>«</span> <span class='ocrx_word' id='word_1_209' title='bbox 1525 2671 1594 2738; x_wconf 90' lang='lat' dir='ltr'>qua</span> 
     </span>
    </p>
   </div>
   <div class='ocr_carea' id='block_1_6' title="bbox 151 2756 1590 2843">
    <p class='ocr_par' dir='ltr' id='par_1_6' title="bbox 151 2756 1590 2843">
     <span class='ocr_line' id='line_1_22' title="bbox 151 2756 1590 2843; baseline -0.002 -20"><span class='ocrx_word' id='word_1_210' title='bbox 151 2761 165 2795; x_wconf 83' lang='lat'>·&#39;</span> <span class='ocrx_word' id='word_1_211' title='bbox 262 2777 423 2825; x_wconf 88' lang='lat' dir='ltr'>mensura</span> <span class='ocrx_word' id='word_1_212' title='bbox 439 2758 609 2825; x_wconf 89' lang='lat' dir='ltr'>metimini</span> <span class='ocrx_word' id='word_1_213' title='bbox 620 2759 861 2838; x_wconf 87' lang='lat' dir='ltr'>attentionem,</span> <span class='ocrx_word' id='word_1_214' title='bbox 874 2760 908 2824; x_wconf 93' lang='lat' dir='ltr'>in</span> <span class='ocrx_word' id='word_1_215' title='bbox 922 2757 1042 2824; x_wconf 91' lang='lat' dir='ltr'>eadem</span> <span class='ocrx_word' id='word_1_216' title='bbox 1055 2759 1213 2824; x_wconf 89' lang='lat' dir='ltr'>metietur</span> <span class='ocrx_word' id='word_1_217' title='bbox 1227 2757 1321 2824; x_wconf 89' lang='lat' dir='ltr'>vobis</span> <span class='ocrx_word' id='word_1_218' title='bbox 1333 2757 1369 2823; x_wconf 92' lang='lat' dir='ltr'>in</span> <span class='ocrx_word' id='word_1_219' title='bbox 1384 2756 1590 2843; x_wconf 85' lang='lat' dir='ltr'>cognitione,</span> 
     </span>
    </p>
   </div>
   <div class='ocr_carea' id='block_1_7' title="bbox 224 2861 1602 4976">
    <p class='ocr_par' dir='ltr' id='par_1_7' title="bbox 262 2861 1600 4340">
     <span class='ocr_line' id='line_1_23' title="bbox 264 2861 1593 2954; baseline -0.002 -25"><span class='ocrx_word' id='word_1_220' title='bbox 264 2862 328 2930; x_wconf 90' lang='lat' dir='ltr'>hoc</span> <span class='ocrx_word' id='word_1_221' title='bbox 342 2869 407 2946; x_wconf 87' lang='lat' dir='ltr'>est,</span> <span class='ocrx_word' id='word_1_222' title='bbox 425 2871 591 2954; x_wconf 89' lang='lat' dir='ltr'>quantum</span> <span class='ocrx_word' id='word_1_223' title='bbox 617 2865 798 2932; x_wconf 91' lang='lat' dir='ltr'>intuleritis</span> <span class='ocrx_word' id='word_1_224' title='bbox 817 2865 1030 2946; x_wconf 87' lang='lat' dir='ltr'>attentionis,</span> <span class='ocrx_word' id='word_1_225' title='bbox 1055 2871 1186 2931; x_wconf 88' lang='lat' dir='ltr'>tantum</span> <span class='ocrx_word' id='word_1_226' title='bbox 1211 2864 1402 2930; x_wconf 88' lang='lat' dir='ltr'>conferetur</span> <span class='ocrx_word' id='word_1_227' title='bbox 1423 2861 1520 2928; x_wconf 89' lang='lat' dir='ltr'>vobis</span> <span class='ocrx_word' id='word_1_228' title='bbox 1534 2883 1593 2928; x_wconf 93' lang='lat' dir='ltr'>co-</span> 
     </span>
     <span class='ocr_line' id='line_1_24' title="bbox 265 2968 1594 3061; baseline -0.002 -25"><span class='ocrx_word' id='word_1_229' title='bbox 265 2969 432 3056; x_wconf 89' lang='lat' dir='ltr'>gnitionis</span> <span class='ocrx_word' id='word_1_230' title='bbox 456 2997 471 3030; x_wconf 84' lang='lat'>»</span> <span class='ocrx_word' id='word_1_231' title='bbox 501 2970 655 3060; x_wconf 71' lang='lat' dir='ltr'>(auth),</span> <span class='ocrx_word' id='word_1_232' title='bbox 683 2973 789 3038; x_wconf 91' lang='lat' dir='ltr'>immo</span> <span class='ocrx_word' id='word_1_233' title='bbox 813 2971 888 3061; x_wconf 92' lang='lat' dir='ltr'>plus</span> <span class='ocrx_word' id='word_1_234' title='bbox 902 2972 997 3038; x_wconf 91' lang='lat' dir='ltr'>vobis</span> <span class='ocrx_word' id='word_1_235' title='bbox 1017 2971 1172 3038; x_wconf 90' lang='lat' dir='ltr'>addetur.</span> <span class='ocrx_word' id='word_1_236' title='bbox 1196 2975 1280 3037; x_wconf 87' lang='lat' dir='ltr'>Deus</span> <span class='ocrx_word' id='word_1_237' title='bbox 1295 2971 1422 3060; x_wconf 92' lang='lat' dir='ltr'>quippe</span> <span class='ocrx_word' id='word_1_238' title='bbox 1442 2968 1594 3036; x_wconf 89' lang='lat' dir='ltr'>studium</span> 
     </span>
     <span class='ocr_line' id='line_1_25' title="bbox 262 3075 1595 3145; baseline -0.002 -3"><span class='ocrx_word' id='word_1_239' title='bbox 262 3075 348 3143; x_wconf 92' lang='lat' dir='ltr'>illud</span> <span class='ocrx_word' id='word_1_240' title='bbox 365 3075 530 3144; x_wconf 90' lang='lat' dir='ltr'>audiendi</span> <span class='ocrx_word' id='word_1_241' title='bbox 545 3082 578 3144; x_wconf 89' lang='lat' dir='ltr'>et</span> <span class='ocrx_word' id='word_1_242' title='bbox 593 3076 745 3145; x_wconf 86' lang='lat' dir='ltr'>discendi</span> <span class='ocrx_word' id='word_1_243' title='bbox 753 3100 882 3145; x_wconf 86' lang='lat' dir='ltr'>sacram</span> <span class='ocrx_word' id='word_1_244' title='bbox 897 3077 1086 3144; x_wconf 88' lang='lat' dir='ltr'>doctrinam</span> <span class='ocrx_word' id='word_1_245' title='bbox 1103 3078 1248 3144; x_wconf 89' lang='lat' dir='ltr'>maxima</span> <span class='ocrx_word' id='word_1_246' title='bbox 1262 3076 1463 3143; x_wconf 88' lang='lat' dir='ltr'>liberalitate</span> <span class='ocrx_word' id='word_1_247' title='bbox 1479 3097 1595 3141; x_wconf 90' lang='lat' dir='ltr'>remu-</span> 
     </span>
     <span class='ocr_line' id='line_1_26' title="bbox 266 3180 1597 3274; baseline -0.002 -25"><span class='ocrx_word' id='word_1_248' title='bbox 266 3182 453 3250; x_wconf 88' lang='lat' dir='ltr'>ncrabitur.</span> <span class='ocrx_word' id='word_1_249' title='bbox 471 3182 578 3273; x_wconf 89' lang='lat' dir='ltr'>ldque</span> <span class='ocrx_word' id='word_1_250' title='bbox 596 3183 817 3251; x_wconf 88' lang='lat' dir='ltr'>confirmatur</span> <span class='ocrx_word' id='word_1_251' title='bbox 835 3185 1017 3273; x_wconf 88' lang='lat' dir='ltr'>proverbio</span> <span class='ocrx_word' id='word_1_252' title='bbox 1035 3207 1065 3250; x_wconf 89' lang='lat' dir='ltr'>v.</span> <span class='ocrx_word' id='word_1_253' title='bbox 1084 3191 1125 3250; x_wconf 73' lang='lat'>25</span> <span class='ocrx_word' id='word_1_254' title='bbox 1146 3185 1209 3274; x_wconf 78' lang='lat' dir='ltr'>qui</span> <span class='ocrx_word' id='word_1_255' title='bbox 1227 3182 1317 3249; x_wconf 82' lang='lat' dir='ltr'>enim</span> <span class='ocrx_word' id='word_1_256' title='bbox 1337 3181 1439 3248; x_wconf 80' lang='lat' dir='ltr'>habet</span> <span class='ocrx_word' id='word_1_257' title='bbox 1457 3180 1597 3248; x_wconf 82' lang='lat' dir='ltr'>dabitur</span> 
     </span>
     <span class='ocr_line' id='line_1_27' title="bbox 264 3287 1595 3381; baseline -0.003 -25"><span class='ocrx_word' id='word_1_258' title='bbox 264 3287 333 3374; x_wconf 77' lang='lat' dir='ltr'>illi,</span> <span class='ocrx_word' id='word_1_259' title='bbox 356 3303 390 3358; x_wconf 87' lang='lat' dir='ltr'>et</span> <span class='ocrx_word' id='word_1_260' title='bbox 413 3291 476 3380; x_wconf 79' lang='lat' dir='ltr'>qui</span> <span class='ocrx_word' id='word_1_261' title='bbox 495 3289 680 3358; x_wconf 72' lang='lat' dir='ltr'>nonhabet</span> <span class='ocrx_word' id='word_1_262' title='bbox 696 3291 798 3357; x_wconf 81' lang='lat' dir='ltr'>etiam</span> <span class='ocrx_word' id='word_1_263' title='bbox 820 3289 913 3381; x_wconf 82' lang='lat' dir='ltr'>quod</span> <span class='ocrx_word' id='word_1_264' title='bbox 924 3289 1025 3356; x_wconf 79' lang='lat' dir='ltr'>habet</span> <span class='ocrx_word' id='word_1_265' title='bbox 1045 3292 1220 3378; x_wconf 74' lang='lat' dir='ltr'>auferetur</span> <span class='ocrx_word' id='word_1_266' title='bbox 1242 3288 1284 3356; x_wconf 79' lang='lat' dir='ltr'>ab</span> <span class='ocrx_word' id='word_1_267' title='bbox 1305 3309 1366 3373; x_wconf 85' lang='lat' dir='ltr'>eo;</span> <span class='ocrx_word' id='word_1_268' title='bbox 1389 3289 1595 3378; x_wconf 88' lang='lat' dir='ltr'>quicumque</span> 
     </span>
     <span class='ocr_line' id='line_1_28' title="bbox 265 3395 1595 3485; baseline -0.002 -22"><span class='ocrx_word' id='word_1_269' title='bbox 265 3395 371 3464; x_wconf 88' lang='lat' dir='ltr'>habet</span> <span class='ocrx_word' id='word_1_270' title='bbox 391 3398 613 3465; x_wconf 85' lang='lat' dir='ltr'>attentionem</span> <span class='ocrx_word' id='word_1_271' title='bbox 636 3396 776 3464; x_wconf 92' lang='lat' dir='ltr'>dabitur</span> <span class='ocrx_word' id='word_1_272' title='bbox 795 3398 826 3463; x_wconf 94' lang='lat' dir='ltr'>ei</span> <span class='ocrx_word' id='word_1_273' title='bbox 844 3399 1012 3484; x_wconf 82' lang='lat' dir='ltr'>cognitio,</span> <span class='ocrx_word' id='word_1_274' title='bbox 1035 3404 1068 3462; x_wconf 94' lang='lat' dir='ltr'>et</span> <span class='ocrx_word' id='word_1_275' title='bbox 1092 3398 1242 3485; x_wconf 91' lang='lat' dir='ltr'>quinon</span> <span class='ocrx_word' id='word_1_276' title='bbox 1265 3395 1387 3477; x_wconf 91' lang='lat' dir='ltr'>habet,</span> <span class='ocrx_word' id='word_1_277' title='bbox 1410 3417 1525 3461; x_wconf 91' lang='lat' dir='ltr'>semen</span> <span class='ocrx_word' id='word_1_278' title='bbox 1538 3417 1595 3460; x_wconf 76' lang='lat' dir='ltr'>co</span> 
     </span>
     <span class='ocr_line' id='line_1_29' title="bbox 270 3501 1596 3593; baseline -0.003 -24"><span class='ocrx_word' id='word_1_279' title='bbox 270 3501 435 3590; x_wconf 88' lang='lat' dir='ltr'>gnitionis</span> <span class='ocrx_word' id='word_1_280' title='bbox 456 3504 631 3571; x_wconf 79' lang='lat' dir='ltr'>auferetur</span> <span class='ocrx_word' id='word_1_281' title='bbox 654 3504 698 3570; x_wconf 90' lang='lat' dir='ltr'>ab</span> <span class='ocrx_word' id='word_1_282' title='bbox 723 3526 779 3586; x_wconf 89' lang='lat' dir='ltr'>eo;</span> <span class='ocrx_word' id='word_1_283' title='bbox 807 3503 1096 3593; x_wconf 90' lang='lat' dir='ltr'>quemadmodum</span> <span class='ocrx_word' id='word_1_284' title='bbox 1118 3505 1211 3569; x_wconf 88' lang='lat' dir='ltr'>enim</span> <span class='ocrx_word' id='word_1_285' title='bbox 1232 3501 1383 3568; x_wconf 89' lang='lat' dir='ltr'>studium</span> <span class='ocrx_word' id='word_1_286' title='bbox 1410 3509 1514 3587; x_wconf 86' lang='lat' dir='ltr'>auget</span> <span class='ocrx_word' id='word_1_287' title='bbox 1528 3502 1596 3567; x_wconf 87' lang='lat' dir='ltr'>tale</span> 
     </span>
     <span class='ocr_line' id='line_1_30' title="bbox 267 3607 1597 3700; baseline -0.004 -22"><span class='ocrx_word' id='word_1_288' title='bbox 267 3630 399 3690; x_wconf 82' lang='lat' dir='ltr'>aeman,</span> <span class='ocrx_word' id='word_1_289' title='bbox 421 3611 469 3676; x_wconf 87' lang='lat' dir='ltr'>ita</span> <span class='ocrx_word' id='word_1_290' title='bbox 485 3611 647 3697; x_wconf 87' lang='lat' dir='ltr'>segnities</span> <span class='ocrx_word' id='word_1_291' title='bbox 668 3611 856 3700; x_wconf 91' lang='lat' dir='ltr'>corrumpit</span> <span class='ocrx_word' id='word_1_292' title='bbox 875 3611 1022 3698; x_wconf 66' lang='lat' dir='ltr'>(Euri).</span> <span class='ocrx_word' id='word_1_293' title='bbox 1046 3612 1107 3688; x_wconf 84' lang='lat' dir='ltr'>Qui</span> <span class='ocrx_word' id='word_1_294' title='bbox 1130 3611 1244 3698; x_wconf 91' lang='lat' dir='ltr'>itaque</span> <span class='ocrx_word' id='word_1_295' title='bbox 1263 3609 1379 3676; x_wconf 89' lang='lat' dir='ltr'>alacer</span> <span class='ocrx_word' id='word_1_296' title='bbox 1394 3616 1443 3675; x_wconf 92' lang='lat' dir='ltr'>est</span> <span class='ocrx_word' id='word_1_297' title='bbox 1465 3615 1498 3674; x_wconf 94' lang='lat' dir='ltr'>et</span> <span class='ocrx_word' id='word_1_298' title='bbox 1517 3607 1597 3674; x_wconf 87' lang='lat' dir='ltr'>dili-</span> 
     </span>
     <span class='ocr_line' id='line_1_31' title="bbox 268 3715 1597 3806; baseline -0.002 -23"><span class='ocrx_word' id='word_1_299' title='bbox 268 3736 369 3802; x_wconf 86' lang='lat' dir='ltr'>gens,</span> <span class='ocrx_word' id='word_1_300' title='bbox 394 3715 447 3782; x_wconf 90' lang='lat' dir='ltr'>illi</span> <span class='ocrx_word' id='word_1_301' title='bbox 474 3716 630 3799; x_wconf 92' lang='lat' dir='ltr'>dabitur;</span> <span class='ocrx_word' id='word_1_302' title='bbox 658 3717 702 3784; x_wconf 93' lang='lat' dir='ltr'>ab</span> <span class='ocrx_word' id='word_1_303' title='bbox 727 3738 765 3783; x_wconf 90' lang='lat' dir='ltr'>eo</span> <span class='ocrx_word' id='word_1_304' title='bbox 791 3723 905 3784; x_wconf 89' lang='lat' dir='ltr'>autem</span> <span class='ocrx_word' id='word_1_305' title='bbox 927 3717 987 3806; x_wconf 92' lang='lat' dir='ltr'>qui</span> <span class='ocrx_word' id='word_1_306' title='bbox 1008 3718 1122 3802; x_wconf 88' lang='lat' dir='ltr'>segnis</span> <span class='ocrx_word' id='word_1_307' title='bbox 1153 3717 1272 3797; x_wconf 87' lang='lat' dir='ltr'>luerit,</span> <span class='ocrx_word' id='word_1_308' title='bbox 1296 3715 1433 3782; x_wconf 89' lang='lat' dir='ltr'>tolletur</span> <span class='ocrx_word' id='word_1_309' title='bbox 1460 3736 1597 3803; x_wconf 91' lang='lat' dir='ltr'>quoque</span> 
     </span>
     <span class='ocr_line' id='line_1_32' title="bbox 268 3820 1597 3914; baseline -0.003 -24"><span class='ocrx_word' id='word_1_310' title='bbox 268 3820 363 3914; x_wconf 89' lang='lat' dir='ltr'>quod</span> <span class='ocrx_word' id='word_1_311' title='bbox 393 3822 529 3890; x_wconf 88' lang='lat' dir='ltr'>videtur</span> <span class='ocrx_word' id='word_1_312' title='bbox 561 3824 708 3906; x_wconf 89' lang='lat' dir='ltr'>habere;</span> <span class='ocrx_word' id='word_1_313' title='bbox 737 3828 875 3913; x_wconf 91' lang='lat' dir='ltr'>propter</span> <span class='ocrx_word' id='word_1_314' title='bbox 904 3824 1085 3909; x_wconf 89' lang='lat' dir='ltr'>segnitiem</span> <span class='ocrx_word' id='word_1_315' title='bbox 1117 3824 1209 3888; x_wconf 92' lang='lat' dir='ltr'>euim</span> <span class='ocrx_word' id='word_1_316' title='bbox 1235 3822 1461 3908; x_wconf 83' lang='lat' dir='ltr'>exstinguitur</span> <span class='ocrx_word' id='word_1_317' title='bbox 1494 3822 1597 3887; x_wconf 93' lang='lat' dir='ltr'>etiam</span> 
     </span>
     <span class='ocr_line' id='line_1_33' title="bbox 265 3927 1594 4020; baseline -0.005 -23"><span class='ocrx_word' id='word_1_318' title='bbox 265 3950 373 4020; x_wconf 84' lang='lat' dir='ltr'>parva</span> <span class='ocrx_word' id='word_1_319' title='bbox 391 3929 538 3996; x_wconf 90' lang='lat' dir='ltr'>scintilla</span> <span class='ocrx_word' id='word_1_320' title='bbox 552 3951 656 4019; x_wconf 90' lang='lat' dir='ltr'>quam</span> <span class='ocrx_word' id='word_1_321' title='bbox 670 3929 789 4010; x_wconf 81' lang='lat' dir='ltr'>habet‘,</span> <span class='ocrx_word' id='word_1_322' title='bbox 810 3930 897 3996; x_wconf 90' lang='lat' dir='ltr'>sicut</span> <span class='ocrx_word' id='word_1_323' title='bbox 915 3952 977 4019; x_wconf 94' lang='lat' dir='ltr'>per</span> <span class='ocrx_word' id='word_1_324' title='bbox 994 3929 1202 3995; x_wconf 87' lang='lat' dir='ltr'>alacritatem</span> <span class='ocrx_word' id='word_1_325' title='bbox 1222 3928 1419 3995; x_wconf 89' lang='lat' dir='ltr'>accenditur</span> <span class='ocrx_word' id='word_1_326' title='bbox 1438 3927 1594 4016; x_wconf 77' lang='lat' dir='ltr'>(Theoph.</span> 
     </span>
     <span class='ocr_line' id='line_1_34' title="bbox 276 4033 1597 4125; baseline -0.005 -22"><span class='ocrx_word' id='word_1_327' title='bbox 276 4034 389 4124; x_wconf 63' lang='lat' dir='ltr'>Viae).</span> <span class='ocrx_word' id='word_1_328' title='bbox 413 4037 637 4103; x_wconf 86' lang='lat' dir='ltr'>Proverbium</span> <span class='ocrx_word' id='word_1_329' title='bbox 661 4058 701 4102; x_wconf 92' lang='lat' dir='ltr'>ex</span> <span class='ocrx_word' id='word_1_330' title='bbox 724 4058 786 4102; x_wconf 92' lang='lat' dir='ltr'>usu</span> <span class='ocrx_word' id='word_1_331' title='bbox 809 4041 843 4102; x_wconf 89' lang='lat' dir='ltr'>et</span> <span class='ocrx_word' id='word_1_332' title='bbox 858 4036 1065 4125; x_wconf 83' lang='lat' dir='ltr'>experientia</span> <span class='ocrx_word' id='word_1_333' title='bbox 1090 4034 1330 4125; x_wconf 91' lang='lat' dir='ltr'>depromptum</span> <span class='ocrx_word' id='word_1_334' title='bbox 1349 4042 1413 4108; x_wconf 70' lang='lat' dir='ltr'>est,</span> <span class='ocrx_word' id='word_1_335' title='bbox 1432 4035 1490 4123; x_wconf 91' lang='lat' dir='ltr'>qui</span> <span class='ocrx_word' id='word_1_336' title='bbox 1506 4033 1597 4100; x_wconf 92' lang='lat' dir='ltr'>enim</span> 
     </span>
     <span class='ocr_line' id='line_1_35' title="bbox 270 4140 1600 4232; baseline -0.002 -24"><span class='ocrx_word' id='word_1_337' title='bbox 270 4140 365 4210; x_wconf 90' lang='lat' dir='ltr'>dives</span> <span class='ocrx_word' id='word_1_338' title='bbox 381 4147 432 4210; x_wconf 92' lang='lat' dir='ltr'>est</span> <span class='ocrx_word' id='word_1_339' title='bbox 450 4143 548 4209; x_wconf 87' lang='lat' dir='ltr'>facile</span> <span class='ocrx_word' id='word_1_340' title='bbox 565 4142 672 4209; x_wconf 92' lang='lat' dir='ltr'>habet</span> <span class='ocrx_word' id='word_1_341' title='bbox 692 4142 842 4210; x_wconf 90' lang='lat' dir='ltr'>subsidia</span> <span class='ocrx_word' id='word_1_342' title='bbox 864 4143 988 4232; x_wconf 92' lang='lat' dir='ltr'>quibus</span> <span class='ocrx_word' id='word_1_343' title='bbox 1008 4143 1151 4209; x_wconf 90' lang='lat' dir='ltr'>maiores</span> <span class='ocrx_word' id='word_1_344' title='bbox 1173 4163 1254 4231; x_wconf 89' lang='lat' dir='ltr'>opes</span> <span class='ocrx_word' id='word_1_345' title='bbox 1273 4142 1446 4231; x_wconf 79' lang='lat' dir='ltr'>acquirat3</span> <span class='ocrx_word' id='word_1_346' title='bbox 1469 4163 1600 4230; x_wconf 90' lang='lat' dir='ltr'>pauper</span> 
     </span>
     <span class='ocr_line' id='line_1_36' title="bbox 268 4233 1392 4340; baseline 0.002 -28"><span class='ocrx_word' id='word_1_347' title='bbox 268 4269 348 4315; x_wconf 87' lang='lat' dir='ltr'>vero</span> <span class='ocrx_word' id='word_1_348' title='bbox 365 4248 466 4316; x_wconf 80' lang='lat' dir='ltr'>facile</span> <span class='ocrx_word' id='word_1_349' title='bbox 480 4251 582 4316; x_wconf 91' lang='lat' dir='ltr'>etiam</span> <span class='ocrx_word' id='word_1_350' title='bbox 597 4271 742 4340; x_wconf 90' lang='lat' dir='ltr'>parvum</span> <span class='ocrx_word' id='word_1_351' title='bbox 760 4249 844 4315; x_wconf 91' lang='lat' dir='ltr'>illud</span> <span class='ocrx_word' id='word_1_352' title='bbox 859 4248 951 4338; x_wconf 93' lang='lat' dir='ltr'>quod</span> <span class='ocrx_word' id='word_1_353' title='bbox 969 4233 1072 4315; x_wconf 87' lang='lat' dir='ltr'>habet</span> <span class='ocrx_word' id='word_1_354' title='bbox 1086 4249 1209 4314; x_wconf 89' lang='lat' dir='ltr'>amittit</span> <span class='ocrx_word' id='word_1_355' title='bbox 1222 4254 1255 4314; x_wconf 93' lang='lat' dir='ltr'>et</span> <span class='ocrx_word' id='word_1_356' title='bbox 1267 4246 1392 4337; x_wconf 88' lang='lat' dir='ltr'>perdit.</span> 
     </span>
    </p>

    <p class='ocr_par' dir='ltr' id='par_1_8' title="bbox 224 4354 1602 4976">
     <span class='ocr_line' id='line_1_37' title="bbox 224 4354 1597 4446; baseline 0.001 -30"><span class='ocrx_word' id='word_1_357' title='bbox 224 4413 226 4416; x_wconf 84' lang='grc'><em>,</em></span> <span class='ocrx_word' id='word_1_358' title='bbox 309 4357 425 4422; x_wconf 82' lang='lat' dir='ltr'>Merito</span> <span class='ocrx_word' id='word_1_359' title='bbox 436 4356 650 4446; x_wconf 89' lang='lat' dir='ltr'>explicantur</span> <span class='ocrx_word' id='word_1_360' title='bbox 666 4357 751 4422; x_wconf 88' lang='lat' dir='ltr'>haec</span> <span class='ocrx_word' id='word_1_361' title='bbox 766 4355 808 4422; x_wconf 92' lang='lat' dir='ltr'>de</span> <span class='ocrx_word' id='word_1_362' title='bbox 826 4355 936 4423; x_wconf 88' lang='lat' dir='ltr'>studio</span> <span class='ocrx_word' id='word_1_363' title='bbox 950 4354 1113 4422; x_wconf 90' lang='lat' dir='ltr'>audiendi</span> <span class='ocrx_word' id='word_1_364' title='bbox 1132 4355 1188 4443; x_wconf 86' lang='lat' dir='ltr'>(cl.</span> <span class='ocrx_word' id='word_1_365' title='bbox 1220 4355 1298 4420; x_wconf 78' lang='lat' dir='ltr'>Vici.</span> <span class='ocrx_word' id='word_1_366' title='bbox 1324 4355 1469 4444; x_wconf 77' lang='lat' dir='ltr'>Theoplr.</span> <span class='ocrx_word' id='word_1_367' title='bbox 1495 4355 1597 4420; x_wconf 82' lang='lat' dir='ltr'>Eutl.</span> 
     </span>
     <span class='ocr_line' id='line_1_38' title="bbox 269 4459 1600 4553; baseline -0.002 -26"><span class='ocrx_word' id='word_1_368' title='bbox 269 4460 418 4552; x_wconf 74' lang='lat' dir='ltr'>Scheqq,</span> <span class='ocrx_word' id='word_1_369' title='bbox 436 4463 529 4553; x_wconf 85' lang='lat' dir='ltr'>Bisp.</span> <span class='ocrx_word' id='word_1_370' title='bbox 542 4462 697 4545; x_wconf 69' lang='lat' dir='ltr'>Seiana,</span> <span class='ocrx_word' id='word_1_371' title='bbox 717 4461 780 4529; x_wconf 80' lang='lat' dir='ltr'>Fr&#39;l.</span> <span class='ocrx_word' id='word_1_372' title='bbox 796 4463 880 4543; x_wconf 83' lang='lat' dir='ltr'>Keil,</span> <span class='ocrx_word' id='word_1_373' title='bbox 907 4461 1035 4548; x_wconf 75' lang='lat' dir='ltr'>Weiss).</span> <span class='ocrx_word' id='word_1_374' title='bbox 1063 4466 1127 4527; x_wconf 87' lang='lat' dir='ltr'>lloe</span> <span class='ocrx_word' id='word_1_375' title='bbox 1146 4459 1297 4527; x_wconf 89' lang='lat' dir='ltr'>studium</span> <span class='ocrx_word' id='word_1_376' title='bbox 1321 4468 1358 4527; x_wconf 93' lang='lat' dir='ltr'>ut</span> <span class='ocrx_word' id='word_1_377' title='bbox 1383 4461 1532 4527; x_wconf 82' lang='lat' dir='ltr'>fructum</span> <span class='ocrx_word' id='word_1_378' title='bbox 1549 4461 1600 4526; x_wconf 85' lang='lat' dir='ltr'>ai-</span> 
     </span>
     <span class='ocr_line' id='line_1_39' title="bbox 268 4567 1599 4657; baseline 0 -24"><span class='ocrx_word' id='word_1_379' title='bbox 268 4568 357 4635; x_wconf 81' lang='lat' dir='ltr'>terat</span> <span class='ocrx_word' id='word_1_380' title='bbox 370 4567 495 4635; x_wconf 91' lang='lat' dir='ltr'>debere</span> <span class='ocrx_word' id='word_1_381' title='bbox 510 4571 620 4637; x_wconf 90' lang='lat' dir='ltr'>iuvari</span> <span class='ocrx_word' id='word_1_382' title='bbox 634 4571 747 4657; x_wconf 90' lang='lat' dir='ltr'>gratia</span> <span class='ocrx_word' id='word_1_383' title='bbox 765 4568 883 4635; x_wconf 90' lang='lat' dir='ltr'>divina</span> <span class='ocrx_word' id='word_1_384' title='bbox 895 4575 1000 4657; x_wconf 89' lang='lat' dir='ltr'>patet.</span> <span class='ocrx_word' id='word_1_385' title='bbox 1018 4568 1083 4635; x_wconf 87' lang='lat' dir='ltr'>Sed</span> <span class='ocrx_word' id='word_1_386' title='bbox 1097 4569 1224 4657; x_wconf 89' lang='lat' dir='ltr'>pariter</span> <span class='ocrx_word' id='word_1_387' title='bbox 1238 4575 1370 4634; x_wconf 91' lang='lat' dir='ltr'>certum</span> <span class='ocrx_word' id='word_1_388' title='bbox 1382 4574 1431 4634; x_wconf 90' lang='lat' dir='ltr'>est</span> <span class='ocrx_word' id='word_1_389' title='bbox 1447 4574 1599 4633; x_wconf 91' lang='lat' dir='ltr'>nostrum</span> 
     </span>
     <span class='ocr_line' id='line_1_40' title="bbox 270 4674 1601 4766; baseline -0.001 -26"><span class='ocrx_word' id='word_1_390' title='bbox 270 4680 432 4741; x_wconf 90' lang='lat' dir='ltr'>conatum</span> <span class='ocrx_word' id='word_1_391' title='bbox 451 4682 484 4742; x_wconf 91' lang='lat' dir='ltr'>et</span> <span class='ocrx_word' id='word_1_392' title='bbox 496 4676 704 4743; x_wconf 90' lang='lat' dir='ltr'>desiderium</span> <span class='ocrx_word' id='word_1_393' title='bbox 721 4677 864 4766; x_wconf 90' lang='lat' dir='ltr'>requiri,</span> <span class='ocrx_word' id='word_1_394' title='bbox 882 4676 936 4741; x_wconf 91' lang='lat' dir='ltr'>cui</span> <span class='ocrx_word' id='word_1_395' title='bbox 959 4680 1045 4741; x_wconf 84' lang='lat' dir='ltr'>lieus</span> <span class='ocrx_word' id='word_1_396' title='bbox 1068 4675 1253 4741; x_wconf 89' lang='lat' dir='ltr'>liberaliter</span> <span class='ocrx_word' id='word_1_397' title='bbox 1271 4675 1406 4741; x_wconf 90' lang='lat' dir='ltr'>obviam</span> <span class='ocrx_word' id='word_1_398' title='bbox 1422 4696 1456 4739; x_wconf 90' lang='lat' dir='ltr'>se</span> <span class='ocrx_word' id='word_1_399' title='bbox 1471 4674 1601 4740; x_wconf 88' lang='lat' dir='ltr'>iturum</span> 
     </span>
     <span class='ocr_line' id='line_1_41' title="bbox 271 4780 1601 4877; baseline -0.002 -29"><span class='ocrx_word' id='word_1_400' title='bbox 271 4780 463 4877; x_wconf 89' lang='lat' dir='ltr'>pollicetur.</span> <span class='ocrx_word' id='word_1_401' title='bbox 485 4785 676 4850; x_wconf 86' lang='lat' dir='ltr'>Mansuram</span> <span class='ocrx_word' id='word_1_402' title='bbox 699 4783 793 4850; x_wconf 90' lang='lat' dir='ltr'>illam</span> <span class='ocrx_word' id='word_1_403' title='bbox 814 4781 918 4848; x_wconf 83' lang='lat' dir='ltr'>Mald.</span> <span class='ocrx_word' id='word_1_404' title='bbox 942 4784 1049 4870; x_wconf 73' lang='lat' dir='ltr'>lamp</span> <span class='ocrx_word' id='word_1_405' title='bbox 1077 4782 1250 4867; x_wconf 86' lang='lat' dir='ltr'>assignant</span> <span class='ocrx_word' id='word_1_406' title='bbox 1275 4781 1390 4858; x_wconf 84' lang='lat' dir='ltr'>fidem,</span> <span class='ocrx_word' id='word_1_407' title='bbox 1416 4782 1470 4846; x_wconf 92' lang='lat' dir='ltr'>cui</span> <span class='ocrx_word' id='word_1_408' title='bbox 1494 4802 1514 4846; x_wconf 90' lang='lat' dir='ltr'>a</span> <span class='ocrx_word' id='word_1_409' title='bbox 1536 4786 1601 4846; x_wconf 81' lang='lat' dir='ltr'>lieo</span> 
     </span>
     <span class='ocr_line' id='line_1_42' title="bbox 272 4888 1602 4976; baseline -0.002 -20"><span class='ocrx_word' id='word_1_410' title='bbox 272 4889 444 4956; x_wconf 90' lang='lat' dir='ltr'>tribuatur</span> <span class='ocrx_word' id='word_1_411' title='bbox 462 4888 705 4976; x_wconf 89' lang='lat' dir='ltr'>intelligentia.</span> <span class='ocrx_word' id='word_1_412' title='bbox 730 4891 794 4957; x_wconf 88' lang='lat' dir='ltr'>Sed</span> <span class='ocrx_word' id='word_1_413' title='bbox 814 4913 889 4957; x_wconf 91' lang='lat' dir='ltr'>cum</span> <span class='ocrx_word' id='word_1_414' title='bbox 914 4889 1063 4956; x_wconf 87' lang='lat' dir='ltr'>Christus</span> <span class='ocrx_word' id='word_1_415' title='bbox 1088 4890 1122 4954; x_wconf 87' lang='lat' dir='ltr'>in</span> <span class='ocrx_word' id='word_1_416' title='bbox 1146 4911 1176 4953; x_wconf 91' lang='lat' dir='ltr'>v.</span> <span class='ocrx_word' id='word_1_417' title='bbox 1204 4895 1246 4956; x_wconf 70' lang='lat'>2¹4</span> <span class='ocrx_word' id='word_1_418' title='bbox 1266 4889 1446 4954; x_wconf 87' lang='lat' dir='ltr'>admoneat</span> <span class='ocrx_word' id='word_1_419' title='bbox 1461 4888 1504 4953; x_wconf 91' lang='lat' dir='ltr'>ad</span> <span class='ocrx_word' id='word_1_420' title='bbox 1523 4888 1602 4954; x_wconf 92' lang='lat' dir='ltr'>dili-</span> 
     </span>
    </p>
   </div>
   <div class='ocr_carea' id='block_1_8' title="bbox 0 0 2002 5652">
    <p class='ocr_par' dir='ltr' id='par_1_9' title="bbox 0 0 2002 5652">
     <span class='ocr_line' id='line_1_43' title="bbox 0 0 2002 5652; baseline 0 0"><span class='ocrx_word' id='word_1_421' title='bbox 0 0 2002 5652; x_wconf 95' lang='lat' dir='ltr'> </span> 
     </span>
    </p>
   </div>
  </div>
 </body>
</html>
