3960 5654
819 375 908 421 usuc.
933 361 982 429 15,
1005 357 1111 417 36-38.
1574 362 1633 419 423

296 531 377 577 nam
391 513 419 578 si
435 530 503 576 non
517 507 649 597 aliquid
668 507 860 576 refectionis
879 512 909 576 ei
930 507 1132 598 porrigitur,
1153 508 1283 573 viribus
1304 509 1487 576 exhaustus
1509 512 1631 576 morie·

296 622 363 698 tur,
382 623 563 704 antequam
582 616 671 683 Elias
694 614 825 693 veniat;
849 616 949 705 proin
968 621 1005 680 ut
1019 613 1214 695 videamus,
1238 620 1446 680 venturusne
1461 617 1504 680 sit
1523 618 1628 696 Elias,

296 746 381 814 opus
397 727 447 788 est
462 728 498 786 ut
509 721 636 789 diutius
652 721 763 801 vivat;
780 744 863 808 ergo
878 723 977 787 sinite
995 727 1030 785 ut
1045 742 1124 786 eum
1145 720 1309 786 reficiam.
1331 724 1403 796 Quo
1419 722 1533 787 animo
1549 723 1633 789 haec

294 828 419 895 dixerit
441 849 505 892 non
530 828 761 909 consentiunt;
780 827 887 915 aliqui
905 828 1025 895 volunt
1040 849 1081 891 ea
1098 827 1168 891 dici
1184 849 1244 914 per
1261 828 1372 892 iocum
1390 834 1422 891 et
1444 827 1632 894 ludibrium

296 936 353 1024 (of.
368 933 529 1023 Schanz),
546 936 604 1002 alii
615 955 693 1000 eum
710 934 819 1001 ironia
835 941 955 999 contra
970 934 1163 999 sacerdotes
1177 935 1227 998 vol
1242 935 1454 1021 pharisaeos,
1473 936 1531 1022 qui
1548 935 1634 1000 vole·

295 1041 380 1107 bant
395 1041 562 1129 impedire
578 1065 585 1110 :
602 1042 688 1119 siue,
704 1041 726 1106 i.
743 1064 773 1108 e.
788 1040 920 1120 omitte,
938 1040 1114 1105 videamus
1129 1046 1214 1119 eto.;
1234 1041 1291 1104 alii
1307 1062 1385 1105 cum
1402 1041 1508 1104 solum
1525 1042 1632 1129 adop·
1695 1079 1701 1087 ·

295 1153 383 1214 tasse
414 1148 552 1215 modum
581 1147 743 1234 loquendi
766 1148 885 1227 talem,
916 1155 953 1212 ut
982 1144 1017 1211 id
1047 1147 1209 1234 perficere
1235 1153 1344 1234 posset
1371 1147 1414 1211 ad
1436 1147 1526 1234 quod
1554 1169 1633 1213 vera

295 1254 511 1320 miseratione
527 1253 760 1344 impelleretur
774 1253 831 1340 (ct.
857 1253 996 1341 Weiss),
1015 1275 1121 1339 quare
1141 1253 1245 1318 etiam
1261 1259 1297 1317 ut
1311 1261 1541 1340 opponeretur
1556 1255 1631 1319 illu-

296 1357 456 1427 dentibus
471 1368 503 1427 et
516 1361 559 1426 ab
573 1360 614 1425 iis
628 1367 845 1449 separaretur
859 1358 1050 1425 adhibitam
1067 1381 1137 1425 esse
1154 1358 1358 1448 particulam
1375 1348 1426 1431 353
1445 1360 1503 1426 sed
1520 1383 1632 1426 nonne

295 1465 395 1532 nimis
414 1473 576 1534 oneratur
591 1472 624 1531 et
642 1468 810 1555 premitur
829 1466 913 1530 haec
932 1465 1124 1553 particula?
1143 1468 1299 1531 Ceterum
1317 1488 1395 1532 cum
1413 1468 1500 1531 actio
1520 1469 1631 1556 porri-

295 1573 407 1659 gentis
421 1579 538 1661 potum
552 1573 595 1637 sit
608 1571 711 1638 laude
726 1572 833 1658 digna
850 1578 882 1636 et
898 1573 1004 1637 verba
1020 1594 1090 1637 non
1106 1573 1292 1638 necessario
1307 1572 1532 1662 opprobrium
1550 1596 1632 1640 con-

294 1685 349 1745 tra
363 1682 470 1744 lesum
491 1677 682 1760 redoleant,
704 1687 814 1766 posset
829 1678 887 1743 ille
909 1679 1039 1744 censeri
1058 1679 1222 1744 benevolo
1247 1680 1356 1763 egisse
1376 1680 1510 1758 auimo,
1533 1702 1631 1768 prae-

294 1785 411 1851 sertim
430 1785 458 1851 si
478 1790 555 1851 Luc.
578 1791 679 1855 2336
704 1783 745 1850 de
765 1784 833 1850 alia
853 1807 888 1849 re
909 1785 1108 1873 explicatur,
1130 1784 1165 1850 id
1184 1785 1277 1874 quod
1298 1785 1543 1874 probabilitate
1564 1807 1630 1850 non

219 1924 222 1929 ·
294 1897 388 1958 caret
409 1891 466 1979 (cf.⁴
487 1891 602 1959 Poel¹l
619 1915 652 1980 p.
676 1897 769 1978 tte).

249 2012 251 2016 ‘
339 2002 384 2063 Eo
396 2005 549 2086 tempore
563 2019 630 2086 quo
645 1998 849 2064 sacrificium
865 2000 1097 2088 vespertinum
1113 1998 1260 2083 singulis
1274 1998 1395 2063 diebus
1411 1998 1526 2064 offerri
1547 1999 1633 2065 sole-

294 2103 353 2170 bat
377 2110 411 2170 et
436 2126 504 2193 quo
524 2104 585 2170 illo
615 2103 670 2174 die
702 2105 737 2169 in
765 2105 892 2193 templo
912 2107 994 2191 agni
1015 2105 1191 2192 paschales
1216 2105 1498 2184 immolabantur,
1527 2106 1629 2171 etiam

294 2209 424 2299 pascha
442 2219 595 2276 nostrum
614 2210 811 2276 immolatus
826 2219 874 2275 est
889 2211 1040 2277 Christus
1056 2235 1086 2274 v.
1111 2218 1152 2277 37
1171 2213 1263 2277 Iesus
1285 2223 1400 2276 utitem
1416 2212 1536 2277 erneiso
1554 2233 1631 2277 voce

293 2336 420 2404 mayoc
438 2317 638 2404 exspiravit,
653 2339 771 2383 vocem
786 2317 910 2383 emittit
929 2339 1105 2403 magnam,
1124 2325 1161 2383 ut
1175 2318 1331 2383 ostendat
1346 2317 1394 2378 ὅτι
1409 2324 1480 2378 κατ’
1500 2313 1632 2394 ἐξουσίαν

294 2419 473 2512 vespa-spa
488 2419 601 2512 γίνεται
616 2422 753 2513 (Vr'ct.);
773 2425 933 2490 similiter
954 2424 1101 2512 Theoplt.
1123 2446 1134 2488 :
1160 2427 1304 2489 moritur
1325 2432 1499 2512 tamquam
1520 2424 1631 2490 domi-

294 2551 369 2610 nus,
387 2531 531 2596 moritur
546 2552 607 2618 pro
619 2553 680 2596 sua
699 2536 875 2618 potestate.
894 2534 978 2596 Cum
999 2531 1068 2596 ima
1083 2552 1165 2596 voce
1181 2531 1251 2596 sive
1265 2531 1337 2596 sine
1360 2553 1439 2597 voce
1454 2553 1513 2597 nos
1527 2532 1628 2596 mori-

295 2657 373 2701 mur
393 2633 515 2725 quide
537 2643 628 2702 terra
650 2658 777 2716 sumus,
801 2636 856 2701 ille
875 2659 954 2701 vcro
975 2658 1054 2701 cum
1074 2638 1221 2702 exaltata
1242 2659 1324 2703 voce
1343 2637 1493 2725 exspirat
1510 2640 1570 2725 qui
1590 2635 1633 2704 de

293 2742 389 2808 coelo
415 2742 585 2809 descendit
617 2743 693 2827 (cat.
723 2748 755 2809 S.
787 2743 942 2829 Thom.);
969 2743 1117 2809 ostendit
1143 2743 1202 2808 illo
1229 2744 1378 2809 clamore
1399 2767 1432 2809 se
1459 2766 1549 2809 nunc
1568 2766 1631 2832 pro

293 2870 355 2915 sua
374 2849 532 2915 libertate
553 2849 748 2938 permittere
768 2857 801 2914 et
821 2856 1004 2938 potestate,
1029 2858 1065 2915 ut
1083 2873 1205 2916 causae
1224 2851 1415 2930 naturales,
1443 2852 1630 2933 cruciatus,

292 2954 437 3022 defectio
457 2960 490 3022 et
509 2956 683 3022 exhaustio
706 2956 829 3022 virium
849 2979 947 3021 suum
968 2963 1223 3045 cousequantur
1243 2957 1401 3023 ellectum
1423 2965 1456 3023 et
1479 2958 1630 3023 animam

295 3068 404 3129 morte
421 3068 579 3150 separent
597 3084 616 3127 a
634 3083 793 3151 corpore:
817 3064 859 3127 cl.
885 3067 975 3127 loan.
1002 3068 1101 3141 tuns
1123 3085 1222 3129 nemo
1245 3063 1335 3129 tollit
1355 3086 1430 3129 eam
1456 3063 1630 3151 (animam)

293 3190 392 3248 ame,
404 3168 462 3236 sed
473 3190 537 3254 ego
547 3191 637 3257 pono
648 3191 724 3235 eam
736 3192 756 3234 a
768 3171 895 3257 meipso
909 3178 941 3234 et
954 3177 1156 3258 potestatem
1175 3162 1338 3257 (ἐξουσίαν)
1358 3171 1467 3236 nabeo
1481 3170 1628 3259 ponendi

292 3296 381 3341 eam.
403 3275 537 3342 Clamor
552 3276 608 3341 hic
625 3274 669 3341 ad
687 3276 889 3341 miraculum
908 3276 1027 3341 relerri
1044 3276 1161 3357 debet;
1182 3306 1197 3336 «
1222 3279 1394 3343 nonenim
1411 3278 1482 3342 fieri
1501 3284 1631 3366 poterat

293 3387 331 3448 ut
346 3381 488 3448 haberet
505 3381 693 3447 naturalem
706 3383 915 3447 virtutemne
932 3383 1038 3447 robur
1054 3383 1189 3449 adeum
1201 3385 1388 3450 clamorem
1404 3383 1629 3450 emittendum

292 3509 416 3577 corpus
442 3509 528 3577 pene
550 3509 719 3573 exsangue
740 3511 778 3554 ac
798 3488 958 3554 vitalibus
975 3489 1152 3577 spiritibus
1173 3499 1206 3555 et
1226 3498 1477 3578 consequenter
1500 3489 1631 3557 viribus

293 3594 363 3660 iere
388 3594 606 3674 exhaustum;
631 3602 664 3660 et
688 3596 723 3660 in
746 3596 810 3661 hoc
834 3597 996 3661 miraculo
1021 3596 1169 3661 ostendit
1193 3618 1290 3662 snam
1314 3598 1519 3685 potentiem3
1544 3597 1631 3663 siout

293 3700 384 3766 enim
396 3701 504 3789 potuit
516 3701 667 3766 resistere
678 3710 711 3767 et
723 3723 884 3789 superare
895 3701 1325 3792 debilitatemcorporisad
1336 3702 1628 3784 sicclamaudmn,

292 3807 340 3872 ita
352 3808 463 3895 potuit
476 3809 574 3872 morti
591 3809 744 3873 resistere
755 3809 781 3872 si
797 3808 897 3872 vellet
911 3813 943 3872 et
957 3807 1033 3873 ideo
1048 3809 1096 3874 ait
1110 3809 1145 3873 d.
1164 3812 1309 3875 'thomas
1325 3809 1512 3876 declarasse
1532 3809 1629 3875 Chri-

292 3920 383 3978 stum
397 3912 455 3978 illo
471 3913 558 3979 lacto
573 3933 607 3978 se
627 3936 696 3979 esse
713 3913 890 3979 dominum
913 3915 999 3979 vitae
1016 3937 1056 3980 ac
1078 3918 1198 3980 mortis
1213 3925 1245 3980 et
1268 3938 1335 3982 non
1352 3918 1548 3982 necessitate
1568 3916 1629 3981 ab·

293 4018 420 4098 soluta,
439 4018 497 4085 sed
507 4027 628 4107 sponte
640 4028 784 4086 mortem
796 4021 982 4108 suscipere,
997 4022 1160 4088 ouilacile
1172 4024 1323 4089 resistere
1335 4031 1447 4111 posset
1461 4023 1487 4088 si
1501 4022 1627 4088 vellet»

292 4125 437 4211 (Suarez
450 4126 484 4190 in
500 4132 518 4191 3
533 4148 566 4213 p.
585 4149 642 4214 qu.
658 4134 712 4206 50,
729 4126 816 4216 disp.
835 4133 876 4193 38
892 4134 971 4193 sect.
993 4135 1005 4192 l
1027 4151 1061 4193 n.
1080 4131 1123 4212 9).

338 4237 438 4297 llorte
454 4233 574 4298 Christi
587 4239 680 4297 retus
691 4232 809 4299 foedus
825 4236 896 4299 iure
908 4236 1065 4312 cessavit,
1086 4258 1210 4302 novum
1225 4236 1400 4313 conditur3
1416 4234 1518 4323 idque
1532 4236 1629 4319 signo

294 4338 530 4405 manifestatur
549 4361 581 4404 v.
605 4346 646 4406 38
664 4353 697 4405 et
717 4340 827 4405 velena
843 4341 964 4430 terraple'
980 4342 1119 4406 scissum
1137 4355 1186 4406 est
1201 4343 1237 4407 in
1258 4342 1325 4407 deco
1341 4365 1362 4407 a
1377 4363 1507 4407 suintino
1525 4363 1629 4430 usquc

250 4458 252 4463 “
293 4444 471 4527 deorsum
491 4452 528 4510 ut
552 4447 720 4534 aposlolus
738 4445 849 4525 docet,
869 4448 903 4512 id
924 4448 1130 4533 significavit
1152 4450 1298 4537 Spiritus
1323 4456 1456 4513 sanctus
1478 4446 1628 4514 nondum

294 4551 507 4640 propalatam
527 4574 595 4617 esse
612 4558 804 4617 sanctorum
827 4556 916 4618 riam
942 4554 1055 4620 adhuc
1079 4557 1192 4643 priore
1230 4554 1451 4621 tabernaculo
1481 4555 1628 4620 habente

293 4665 418 4724 statum
435 4658 545 4746 (llebr.
562 4660 645 4742 t)‚8).
666 4663 787 4724 lerum
804 4661 955 4726 Christus
972 4662 1120 4727 initiavit
1139 4663 1235 4728 nobis
1251 4664 1339 4728 viam
1356 4670 1389 4727 et
1403 4663 1579 4728 introitum
1595 4664 1626 4726 in

293 4766 523 4832 sanctuarium
543 4765 683 4831 coeleste
699 4787 761 4854 per
786 4789 922 4832 carnem
939 4789 1035 4832 suam
1059 4768 1251 4849 discissam,
1272 4792 1333 4858 per
1354 4777 1497 4835 mortem
1514 4791 1626 4850 suam,
