3960 5654
863 549 951 595 natac.
977 535 1005 601 l,
1029 534 1132 596 scas.
1437 578 1440 586 Δ
1664 535 1702 596 61

369 679 432 748 bae
444 683 665 773 requirebant
681 704 759 750 eum
770 693 805 751 et
822 690 988 749 venerunt
1003 707 1109 773 usque
1124 681 1169 749 ad
1185 683 1312 770 ipsum;
1330 685 1474 765 scilicet,
1490 683 1540 751 uti
1556 703 1609 748 res
1624 683 1701 766 fert,

367 792 529 856 continuo
551 789 700 855 innotuit
718 813 797 857 eum
812 789 1009 857 abscessisse
1025 799 1058 856 et
1075 794 1149 879 post
1165 788 1348 877 discipulos
1367 788 1426 853 alii
1446 812 1585 879 quoque
1600 787 1703 855 talem

367 894 541 962 doctorem
557 899 591 958 et
604 897 842 984 opitulatorem
858 916 1023 983 quaerere
1040 903 1074 960 et
1093 894 1185 984 apud
1204 916 1240 960 se
1261 895 1406 961 retinere
1431 895 1703 962 studebant..Ce-

367 1008 477 1068 terum
503 1022 541 1065 ex
564 1000 637 1089 ipsa
659 1023 795 1091 quoque
821 1004 1016 1069 narratione
1045 1002 1144 1066 llarci
1173 999 1284 1067 elucet
1307 1000 1423 1067 turbas
1446 1023 1582 1090 quoque
1605 1003 1704 1069 auxie

368 1113 476 1174 lesum
492 1109 712 1194 quaesivisse3
731 1128 809 1173 nam
831 1129 861 1174 v.
889 1117 930 1175 37
950 1120 982 1174 et
1002 1130 1081 1173 cum
1101 1108 1306 1174 invenissent
1323 1129 1401 1173 eum
1421 1106 1598 1190 dixerant,
1622 1109 1704 1196 quia

368 1234 482 1280 omnes
501 1229 672 1302 quaerunt
697 1225 749 1296 te,·
770 1216 943 1281 communi
959 1216 1115 1280 omnium
1136 1213 1304 1280 desiderio
1322 1212 1528 1302 persuadere
1548 1219 1621 1280 lesu
1642 1236 1703 1281 vo·

368 1319 444 1384 lunt
461 1326 497 1385 ut
513 1321 641 1387 diutius
655 1321 689 1385 in
705 1319 791 1387 urbe
807 1328 954 1388 maneat.
975 1320 1082 1386 Etiam
1099 1320 1157 1385 hic
1173 1319 1293 1386 modus
1307 1318 1471 1386 narrandi
1489 1342 1541 1386 res
1556 1327 1588 1387 et
1599 1319 1705 1387 verba

368 1426 478 1510 magis
502 1427 684 1498 advivum
705 1429 865 1516 exprimit
883 1449 987 1515 quam
1005 1425 1099 1516 apud
1123 1431 1155 1493 S.
1181 1432 1320 1504 Lucam;
1341 1448 1456 1493 omnes
1485 1439 1655 1515 quaerunt
1674 1439 1706 1493 te

368 1530 472 1599 dictio
490 1540 538 1599 est
558 1531 660 1622 plane
678 1533 722 1599 ad
739 1538 899 1600 naturam
917 1534 1005 1599 lacta
1025 1555 1093 1622 qua
1110 1533 1144 1598 in
1161 1532 1329 1599 eiusmodi
1344 1532 1537 1599 conditione
1552 1533 1708 1599 homines

370 1640 419 1705 uti
437 1638 548 1705 solent
566 1637 612 1704 ad
629 1661 706 1705 eum
727 1640 787 1728 qui
806 1639 950 1706 sollicite
965 1663 985 1705 a
1002 1639 1241 1729 compluribus
1255 1640 1433 1728 quaeritur
1448 1662 1509 1706 nec
1523 1641 1635 1706 statim
1649 1639 1708 1706 ubi

367 1746 410 1810 sit
436 1744 716 1832 deprehenditur.
743 1747 830 1812 Petri
849 1746 965 1835 itaque
994 1747 1229 1812 narrationem
1250 1745 1354 1813 etiam
1376 1746 1432 1812 hic
1457 1746 1557 1813 facile
1572 1745 1708 1812 subesse

369 1852 623 1917 existimaveris.

414 1962 456 2023 m
481 1959 632 2024 Christus
657 1961 723 2025 iam
750 1959 880 2024 semina
905 1959 1028 2047 sparsit
1056 1967 1146 2047 quae
1171 1958 1291 2025 habita
1319 1958 1453 2025 ratione
1480 1960 1643 2049 temporis
1667 1957 1711 2025 ad

369 2066 669 2152 praeparationem
683 2064 800 2131 statuti
814 2065 1002 2142 sufficiant;
1025 2087 1133 2153 qnare
1152 2065 1227 2132 aliis
1241 2087 1379 2154 quoque
1396 2066 1597 2151 regionibus
1609 2065 1712 2132 bene·

369 2169 484 2235 ficium
500 2169 676 2237 doctrinae
695 2193 776 2258 suae
794 2172 973 2261 impertire
998 2173 1192 2249 constituit;
1215 2194 1248 2239 v.
1275 2177 1317 2239 38
1340 2183 1373 2238 et
1392 2172 1443 2238 ait
1465 2171 1534 2239 illis
1559 2194 1571 2238 .·
1597 2193 1713 2238 eamus

371 2276 408 2342 in
436 2277 612 2364 proximos
642 2279 731 2344 uicos
765 2291 796 2344 et
829 2279 995 2354 civetates,
1031 2278 1220 2366 κωμοπολεις
1262 2280 1367 2346 unica
1402 2300 1484 2346 voce
1517 2279 1551 2345 in
1586 2300 1710 2364 graeco

370 2405 475 2472 quam
494 2385 663 2472 explicant
681 2385 723 2451 de
748 2385 831 2451 vicis
851 2385 1055 2467 maioribus,
1081 2385 1310 2475 amplitudine
1331 2390 1364 2452 et
1383 2385 1574 2451 incolarum
1596 2363 1717 2452 multi-¹

371 2489 489 2555 tudine
509 2491 586 2556 urbi
602 2490 786 2571 similibus,
808 2491 936 2582 oppida
955 2491 1027 2558 scil.
1049 2494 1237 2572 rusticana,
1255 2513 1344 2581 quae
1366 2492 1420 2557 vel
1436 2492 1503 2557 vici
1518 2491 1572 2557 vel
1586 2490 1713 2582 oppida

372 2595 481 2662 videri
498 2602 638 2685 possunt
652 2598 842 2686 (Er-asmata)
856 2604 889 2664 et
910 2597 1012 2664 nuta.
1031 2599 1170 2687 exponit
1188 2597 1279 2659 πολιν
1298 2596 1365 2664 dici
1390 2596 1514 2664 urbem
1534 2597 1713 2664 moenibus

371 2703 536 2783 cinctam,
559 2707 665 2790 κώμην
689 2712 804 2771 autem
827 2725 956 2794 pagum
987 2705 1095 2769 muris
1118 2710 1309 2785 carentem,
1341 2703 1518 2790 κωμόπολιν
1537 2726 1618 2769 vero
1633 2725 1712 2792 par-

373 2809 433 2874 tim
452 2831 523 2875 esse
538 2811 643 2876 muris
659 2812 827 2877 munitam
843 2812 968 2900 partim
984 2816 1159 2877 carentem
1175 2811 1364 2877 moenibus,
1383 2810 1541 2876 affirmat
1555 2809 1715 2899 loseplms

375 2915 469 3002 (vita,
488 2917 544 3002 lb)
561 2917 681 2983 esseio
701 2917 850 2985 Galilaea
861 2917 964 2983 urbes
980 2918 1139 3006 vicosque
1157 2916 1320 2983 ducentos
1335 2921 1510 3005 quattuor.
1526 2920 1714 3004 Tamquam

373 3043 496 3087 munus
511 3045 609 3088 suum
627 3028 713 3090 lesus
726 3023 902 3112 discipulis
921 3023 1120 3090 declaratae
1135 3035 1168 3089 et
1179 3022 1228 3089 ibi
1236 3022 1433 3111 praedicem
1439 3043 1454 3104 ,·
1472 3022 1715 3111 doctrinaque

373 3150 454 3193 vera
473 3149 605 3195 morum
629 3130 822 3197 emendatio
842 3134 875 3196 et
902 3130 1010 3197 maior
1030 3131 1088 3196 Dei
1113 3130 1266 3216 cognitio
1282 3129 1451 3196 efficiatur
1470 3131 1542 3196 eius
1564 3130 1715 3197 muneris

373 3257 450 3324 pars
469 3243 518 3300 est
533 3244 604 3301 tum
620 3239 784 3327 temporis
800 3238 912 3326 prima
934 3259 973 3302 ac
991 3237 1193 3326 praecipua;
1221 3236 1388 3303 miracula
1401 3238 1512 3302 solum
1527 3235 1712 3316 accedunt,

375 3347 412 3406 ut
434 3341 586 3408 homines
610 3343 653 3408 ad
677 3344 867 3409 doctrinam
890 3342 1144 3432 suscipiendam
1168 3342 1290 3409 reddat
1319 3343 1526 3433 paratiores,
1550 3348 1586 3407 ut
1605 3342 1719 3428 sigillo

375 3447 490 3512 divino
504 3470 599 3514 suam
622 3450 802 3515 confirmet
823 3449 1014 3515 doctrinam
1040 3456 1074 3514 et
1096 3450 1311 3528 missionem,
1336 3455 1372 3514 ut
1397 3471 1493 3516 suam
1509 3448 1719 3515 demonstret

375 3554 640 3621 misericordiam
654 3564 688 3621 et
702 3557 794 3646 piam
812 3555 914 3621 tidem
931 3578 970 3621 ac
986 3555 1149 3622 fiduciam
1173 3564 1424 3623 remuneretur,
1442 3554 1493 3622 ad
1514 3555 1715 3645 praedican-

376 3659 474 3735 dum,
493 3659 537 3726 ad
553 3662 709 3728 homines
730 3662 901 3728 docendos
919 3664 1035 3750 itaque
1057 3684 1091 3727 se
1120 3664 1252 3728 venisse
1273 3669 1416 3729 testatur
1440 3683 1447 3729 :
1475 3660 1523 3728 ad
1547 3662 1609 3728 hoc
1624 3663 1717 3728 enim

377 3766 469 3845 ueni,
496 3771 574 3832 Luc.
603 3776 681 3847 t,t3
707 3770 788 3859 quia
810 3768 887 3835 ideo
907 3770 1026 3835 missus
1045 3790 1137 3849 sum;
1157 3769 1277 3835 eodem
1299 3768 1402 3835 modo
1418 3768 1517 3835 facile
1534 3769 1720 3859 explicatur

378 3873 472 3953 ueni,
494 3874 542 3939 uti
567 3875 675 3941 alibi:
698 3875 742 3942 ad
765 3876 830 3941 lroc
846 3874 924 3941 veni
946 3877 979 3940 in
1005 3874 1192 3955 muudum,
1211 3884 1250 3942 ut
1270 3875 1501 3942 testimonium
1523 3874 1722 3965 perhibeam

378 3980 512 4046 veritati
533 3983 633 4065 (loan.
654 3983 786 4069 18,37);
804 3983 850 4048 ita
872 3980 948 4047 Alb.
970 3982 1069 4047 Dion.
1096 3983 1187 4050 lans.
1211 3982 1343 4064 Mala,
1363 4004 1475 4072 neque
1492 3983 1589 4048 aliter
1607 3971 1721 4048 couci-

378 4090 477 4177 piunt
497 4083 618 4166 ἐξῆλθον
638 4091 719 4156 Vict.
735 4080 932 4174 (ἐξελήλυθα,
953 4088 1174 4155 manifestans
1186 4088 1375 4156 divinitatis
1390 4112 1470 4155 suae
1486 4090 1722 4155 auctoritatem

377 4203 411 4261 et
428 4197 619 4263 dominium
639 4218 838 4285 supremum
859 4189 1014 4256 αὐθεντίαν
1036 4200 1140 4283 atque
1161 4197 1429 4262 exinanitionem
1444 4203 1567 4285 sponte
1589 4217 1724 4284 suscep·

381 4306 463 4389 tam)
485 4303 592 4370 nulli.
621 4311 685 4370 :et
708 4306 827 4374 misens
846 4325 920 4368 sum
940 4309 976 4368 ut
1002 4303 1105 4367 homo
1125 4301 1225 4382 dixit,
1248 4294 1432 4378 ἐξεληλυθα,
1450 4309 1488 4367 ut
1516 4307 1601 4368 [leus
1623 4310 1656 4368 et
1682 4323 1723 4368 ex

379 4411 625 4476 recentioribus
653 4410 742 4499 Bisp.
770 4409 832 4476 Fil.
855 4409 961 4475 Keil:
986 4430 1143 4495 egressus
1169 4432 1244 4476 sum
1262 4433 1283 4476 a
1299 4413 1414 4492 Patre;
1433 4411 1477 4475 cl.
1505 4413 1596 4475 loan.
1621 4413 1720 4490 8,tn;

382 4524 475 4595 13‚3;
502 4523 612 4597 1637.
635 4523 677 4582 30
695 4540 714 4583 a
735 4523 818 4600 Deo,
843 4539 863 4583 a
879 4522 975 4583 Patre
990 4516 1105 4581 exivit.
1129 4517 1192 4583 Alii
1207 4523 1322 4583 tamen
1338 4518 1420 4606 quia
1436 4503 1557 4588 ἐξῆλθον
1575 4522 1724 4607 ponatur

380 4625 489 4689 solum
504 4646 615 4713 neque
632 4623 791 4706 addatur,
809 4632 847 4690 ut
866 4623 1007 4702 assolet,
1026 4616 1111 4710 παρὰ
1130 4623 1184 4689 vel
1201 4620 1282 4703 ἀπὸ,
1298 4622 1330 4685 ἐκ
1343 4621 1408 4685 θεοῦ
1423 4631 1508 4703 etc,
1526 4623 1696 4713 explicant
1713 4642 1721 4689 :

382 4730 456 4796 ideo
467 4752 620 4817 egressus
631 4752 704 4796 sum
718 4752 736 4796 e
752 4731 864 4811 domo,
883 4731 932 4797 uti
946 4730 980 4796 in
996 4752 1027 4794 v.
1047 4736 1089 4797 35
1102 4729 1273 4796 indicatur
1284 4733 1440 4817 (surgens
1454 4752 1605 4819 opressus
1619 4729 1720 4811 abiit3

383 4838 431 4903 ita
451 4837 559 4904 Celm.
591 4838 738 4927 Sclepq,
765 4836 916 4917 sclam,
939 4838 1068 4927 Meyer,
1097 4837 1229 4926 Weiss).
1254 4835 1318 4904 Sed
1345 4836 1524 4904 latendum
1547 4837 1610 4904 erit
1633 4837 1724 4903 hanc

384 4944 667 5030 significationem
688 4967 757 5012 esse
783 4946 865 5012 satis
885 4945 1002 5012 exilem
1022 4951 1055 5012 et
1070 4945 1223 5012 ieiunam
1240 4949 1274 5011 et
1288 4945 1390 5013 nimis
1410 4949 1549 5014 tenuem
1568 4967 1672 5034 quam
1688 4949 1727 5011 ut
