3960 5654
164 553 224 616 308
710 575 801 620 uine.
825 557 874 623 tl,
897 555 946 614 33.

161 706 364 773 tortitudine
389 708 510 770 contra
534 726 683 773 errorem
708 707 933 798 perniciosum
961 728 1130 795 pugnare,
1161 707 1299 772 minime
1323 710 1436 770 antem
1454 712 1491 767 ut

162 832 282 879 auram
298 810 502 900 popularem
518 818 655 902 captent
665 837 767 901 agere
777 833 872 878 more
882 833 1004 880 canum
1016 819 1188 880 mutorum
1199 815 1257 898 qui
1276 834 1341 878 non
1357 810 1491 875 valeant

161 917 286 984 latrare
304 919 355 1000 (ls.
378 918 507 1004 seio).

204 1021 255 1087 Ad
270 1024 391 1088 incitas
403 1023 533 1092 redacti
553 1026 595 1093 ad
609 1028 775 1112 effugium
789 1031 822 1089 et
840 1025 1051 1093 mendacium
1064 1024 1293 1089 miserrimum
1310 1028 1490 1090 recurrunt

160 1150 193 1193 v.
210 1135 253 1195 33
272 1141 305 1194 ct
330 1131 570 1219 respondentes
596 1133 715 1199 dicunt
736 1134 811 1196 lesu
838 1154 849 1197 .·
872 1135 1058 1211 nescimus,·
1082 1135 1171 1195 lesus
1194 1151 1254 1194 sua
1275 1129 1488 1219 responsione

159 1232 286 1301 indicat
304 1237 386 1325 ipsis
400 1261 436 1305 se
450 1261 570 1305 eorum
590 1239 755 1305 malitiam
782 1260 821 1303 ac
841 1240 1007 1304 vafritiem
1028 1237 1154 1302 habere
1175 1246 1408 1325 perspectam:
1432 1257 1489 1300 ne·

158 1361 225 1429 que
242 1364 303 1431 epo
315 1342 388 1410 dico
405 1344 498 1411 vobis
511 1345 548 1411 in
562 1367 631 1434 qua
641 1356 808 1432 potestate
820 1344 903 1412 Ιιαεε
916 1344 1064 1431 faciam,
1079 1342 1165 1409 bene
1186 1349 1304 1407 notant
1318 1345 1486 1407 Christum

158 1445 272 1515 dicere
288 1472 295 1516 :
313 1473 424 1540 neque
441 1473 508 1539 ego
521 1449 621 1531 diem·
642 1479 656 1509 o
673 1471 713 1515 ex
727 1472 794 1539 quo
810 1450 957 1518 ostendit
972 1457 1005 1515 et
1016 1449 1091 1515 illos
1106 1453 1191 1515 scire
1207 1450 1265 1514 sed
1283 1448 1487 1535 respondero

157 1553 247 1621 nolle
255 1563 330 1624 etse
341 1580 439 1624 nosse
448 1566 482 1624 et
490 1557 643 1623 ideonon
655 1556 769 1623 dicere
781 1558 918 1647 quiailli
928 1555 1134 1645 quodsciunt
1143 1563 1276 1622 taceant
1287 1584 1301 1613 ν
1315 1556 1365 1642 (S.
1379 1555 1487 1638 Πίον.)

155 1666 190 1727 et
211 1662 294 1730 Vici.
312 1685 324 1729 .·
340 1692 355 1724 «
372 1686 441 1731 non
459 1663 567 1730 dixit:
585 1664 713 1747 nescio,
731 1664 790 1730 sed
806 1686 814 1731 :
833 1686 901 1729 non
922 1663 1015 1740 dico,
1037 1683 1106 1750 quo
1118 1662 1287 1746 significat
1305 1685 1313 1726 ε
1330 1662 1487 1727 noluistis

155 1788 276 1836 verum
297 1769 424 1850 dicere,
454 1789 562 1859 quare
587 1791 699 1858 neque
728 1772 753 1836 a'
777 1792 830 1836 me
855 1769 1025 1858 accipietis
1054 1790 1252 1856 responsum
1282 1799 1296 1824 ν
1327 1768 1487 1834 similiter

156 1872 304 1964 Theopti.
330 1875 412 1943 Bcd.
438 1877 530 1941 lans.
552 1876 700 1944 Selium.
726 1904 742 1937 «
767 1882 867 1942 Porro
888 1883 925 1940 ut
946 1877 980 1940 in
1007 1875 1138 1940 Christo
1161 1876 1214 1940 nic
1234 1874 1484 1940 observandum

153 1986 205 2047 est
215 2003 319 2070 quam
330 1982 695 2072 prudentersapientes
708 1981 1006 2073 comprehenderit
1019 1983 1052 2046 in
1069 1984 1192 2047 astutia
1205 2003 1340 2055 eorum,
1355 1989 1393 2044 ut
1406 1981 1486 2045 hinc

153 2085 323 2154 discamus
333 2089 368 2153 in
377 2087 546 2177 sapientia
558 2093 592 2154 et
604 2096 702 2156 caute
716 2088 919 2178 respondere
934 2088 1190 2153 insidiatoribus
1200 2097 1233 2153 et
1243 2089 1375 2152 clavum
1388 2089 1485 2152 clavo

153 2192 298 2282 pellere,
327 2196 374 2259 ita
397 2196 432 2260 in
452 2195 760 2281 interrogatoribus
783 2195 904 2262 Christi
929 2195 1180 2261 observandum
1200 2217 1305 2282 qnam
1331 2193 1419 2259 nihil
1444 2193 1485 2257 iis

151 2299 255 2366 inerit
268 2322 371 2366 curae
387 2308 424 2366 ut
439 2323 559 2369 verum
579 2301 839 2391 responderent,
862 2300 919 2367 sed
936 2301 1027 2389 quod
1043 2303 1124 2389 ipsis
1145 2308 1229 2366 esset
1244 2301 1480 2367 commodum:

150 2408 179 2473 si
199 2407 418 2474 commodum
433 2407 501 2474 illis
516 2407 633 2474 luisset
649 2408 761 2475 dicere
775 2407 981 2496 baptismum
1002 2409 1135 2473 loannis
1152 2409 1252 2473 tuisse
1272 2431 1290 2473 e
1307 2407 1415 2485 coelo,
1430 2407 1482 2470 in—

150 2521 351 2580 cunctanter
362 2515 541 2597 dixissent,
556 2515 712 2581 similiter
721 2514 847 2581 dicturi
861 2515 960 2580 illum
971 2515 1070 2579 tuisse
1087 2536 1125 2579 ex
1141 2514 1354 2587 hominibus,
1372 2515 1434 2577 nisi
1451 2522 1484 2577 et

151 2620 217 2686 hoc
236 2620 304 2686 illis
323 2621 439 2687 inisset
460 2621 730 2688 incommodum.
757 2623 841 2698 Quia
859 2623 965 2707 igitur
984 2629 1142 2686 neutrum
1168 2621 1347 2686 commodo
1368 2620 1482 2685 dicore

149 2731 323 2815 poterant,
347 2727 445 2793 adid
468 2727 563 2817 quod
586 2729 694 2795 sotum
717 2734 895 2817 supererat
913 2729 1116 2814 confugiunt
1133 2729 1363 2814 ignorantiam
1383 2749 1481 2814 prae-

149 2832 346 2914 tendentes,
363 2841 523 2922 putantes
537 2857 573 2901 se
587 2835 653 2901 hac
674 2836 803 2901 ratione
819 2835 996 2902 commode
1012 2835 1101 2899 elabi
1119 2863 1133 2891 ν
1152 2836 1285 2922 (lons).
1303 2839 1348 2900 lta
1366 2833 1481 2922 ntique

148 2946 259 3025 egunt
271 2939 322 3005 illi
337 2941 398 3028 qni
412 2941 591 3008 caritatem
601 2941 754 3008 veritatis
766 2963 833 3007 non
842 2950 1044 3028 receperunt
1056 2951 1090 3006 et
1101 2962 1186 3029 quos
1197 2950 1377 3030 propterca
1393 2940 1481 3027 peri-

148 3051 239 3112 turos
252 3068 321 3113 csse
338 3047 510 3134 apostolus
522 3047 624 3114 docet
638 3048 673 3135 (2
688 3049 801 3114 Thess.
818 3048 924 3132 210).
937 3052 1019 3113 Cum
1035 3049 1075 3112 iis
1090 3055 1205 3112 autem
1223 3049 1294 3132 agit
1312 3047 1476 3125 Christus,

148 3158 186 3219 ut
200 3155 255 3219 Ps.
275 3153 366 3219 Hier.
387 3159 499 3234 notat,
518 3153 708 3220 secundum
721 3154 807 3220 illud
828 3159 877 3219 Ps.
904 3161 1013 3232 1737.

535 3368 558 3435 ι)
579 3370 752 3421 Parabola
770 3370 811 3420 de
831 3370 932 3419 vinea
955 3369 1098 3432 12,i·12.

186 3545 411 3609 1‘2,i.Etcoepit
426 3547 483 3596 illis
497 3547 786 3610 inparaboiisloqui:
882 3547 938 3604 1‘2‚t
971 3543 1016 3592 liat
1043 3543 1132 3610 ἤρξατο
1162 3544 1245 3604 αὐτοῖς
1274 3545 1296 3593 ἓν
1326 3545 1479 3612 tapiolas}

147 3634 266 3684 Vineam
281 3637 432 3698 pastinavit
451 3635 551 3695 homo,
567 3641 595 3686 et
610 3636 789 3686 circumdedit
841 3631 940 3684 λαλεῖν.
966 3629 1111 3699 Ἀμπελῶνα
1130 3633 1257 3700 teipsam
1278 3632 1419 3701 ἒᾳὺῑεννεν,
1440 3636 1481 3684 ναὶ

146 3736 257 3788 sepem,
274 3729 302 3773 et
321 3722 391 3772 lodit
407 3724 500 3773 lacum
515 3727 543 3773 et
557 3723 714 3775 aedificavit
729 3727 788 3772 tur·
840 3722 981 3788 περιέθηκεν
1000 3721 1129 3790 φραγμὸν,
1150 3722 1191 3771 καὶ
1213 3724 1302 3789 ὤρυξεν
1326 3723 1476 3786 inciuilius,

146 3815 213 3873 rim,
230 3816 259 3863 et
273 3813 375 3862 locavit
389 3825 452 3862 cam
466 3813 613 3876 agricolis,
630 3817 658 3863 el
672 3825 789 3876 peregre
841 3809 882 3860 zai
903 3809 1063 3879 ᾠκοδόμησεν
1092 3811 1199 3878 wippo,
1229 3813 1269 3861 ui
1288 3811 1379 3870 ἐξέδετο
1403 3812 1478 3864 αὐτὸν

146 3900 290 3966 protectus
304 3906 356 3950 est.
840 3902 975 3967 γεωργοῖς,
995 3898 1036 3949 zai
1059 3899 1227 3967 ἀπεδήμησεν.
1253 3906 1278 3952 ’3.
1305 3903 1346 3951 zai
1370 3901 1477 3954 ἀπέστει-

182 3991 209 4041 2.
231 3991 265 4040 Et
288 3992 363 4039 misit
383 3990 419 4040 ad
439 3990 580 4054 agricolas
604 3992 632 4039 in
664 3993 788 4052 tempore
839 3995 880 4038 λιν
899 3988 956 4055 πρὸς
975 3989 1030 4048 :0³23
1060 3991 1185 4057 γεωργοῦς
1209 3995 1243 4058 τῷ
1271 3995 1347 4058 καιρῷ
1370 3991 1475 4052 δοῦλον,

145 4093 271 4140 servum,
305 4084 335 4129 ut
360 4079 395 4128 ab
427 4079 560 4142 agricolis
587 4080 726 4141 acciperet
754 4078 788 4128 de
838 4076 881 4126 ἵνα
900 4077 963 4145 παρὰ
983 4082 1030 4127 τῶν
1050 4084 1168 4146 γεωργῶν
1188 4079 1253 4146 λήξῃ
1280 4079 1326 4131 ixi
1352 4087 1396 4130 τῶν
1416 4101 1477 4148 κιρ-

145 4169 236 4219 lructu
251 4170 360 4218 vineae.
379 4168 404 4217 3.
417 4167 473 4226 Qui
486 4168 692 4230 apprehensum
708 4180 785 4226 cum,
839 4170 890 4216 πῶν
910 4169 951 4216 τοῦ
971 4164 1121 4230 demidio:
1145 4170 1168 4218 3.
1196 4168 1237 4216 καὶ
1260 4167 1377 4228 λνὸόντες
1402 4169 1475 4221 αὑτὸν

144 4257 321 4315 ceciderunt,
334 4260 362 4307 et
376 4257 544 4306 dimiserunt
559 4269 687 4306 vacuum.
709 4257 732 4305 l.
753 4256 787 4304 Et
839 4253 948 4322 ἔδειραν,
968 4254 1009 4304 sal
1028 4254 1175 4306 ἀπέστειλαν
1191 4258 1270 4307 κενόν.
1294 4263 1319 4309 i.
1345 4259 1385 4307 mi
1404 4258 1477 4309 πάλιν

144 4348 245 4396 iterum
261 4348 337 4395 misit
361 4346 397 4396 ad
412 4347 477 4397 illos
499 4346 586 4395 alium
607 4358 733 4402 servum
759 4350 787 4394 ct
837 4341 979 4395 ἀπέστειλεν
999 4345 1056 4411 πρὸς
1080 4345 1166 4404 23:033
1190 4346 1268 4396 iiim
1296 4347 1397 4397 δοῦλον·
1429 4347 1475 4397 κᾶ-

143 4435 224 4486 lilum
248 4436 276 4483 in
298 4437 389 4497 capite
411 4436 645 4499 vulneraverunt,
668 4438 696 4483 cl
718 4447 785 4483 oon·
837 4435 919 4483 κεῖνον
949 4432 1130 4501 iunxissem,
1163 4437 1204 4484 zai
1222 4434 1355 4502 ᾗτέμισιν.
1388 4439 1412 4489 5,
1434 4440 1476 4487 καὶ

144 4523 268 4574 tumeliis
286 4523 451 4576 affecerunt.
471 4526 496 4575 5.
514 4524 549 4574 Et
566 4537 677 4573 rursum
701 4524 785 4572 alium
837 4521 915 4573 ἄλλον
941 4521 1080 4574 ἀπέστειλεν
1111 4523 1227 4574 nimivm
1260 4524 1412 4575 ἀςέντεινιν
1435 4530 1474 4576 ννὶ

143 4612 273 4669 misit,et
283 4612 361 4660 illum
372 4613 589 4672 occiderunt;et
602 4613 783 4676 plumatios,
838 4610 943 4671 πολλοὺς
972 4611 1074 4677 fiio-e,
1101 4614 1141 4671 ὡς
1168 4613 1211 4680 μὲν
1240 4615 1363 4681 tifex„
1389 4618 1429 4674 ὡς
1448 4617 1473 4665 δὲ

144 4699 279 4765 quosdam
291 4700 782 4760 caedentes,aliosverooccidenles.
837 4697 1032 4760 ἀποκτέννυντες.
1050 4705 1074 4753 t.
1094 4700 1128 4751 ἔτι
1149 4702 1191 4752 Ξνν
1212 4699 1280 4770 εἶχεν
1301 4705 1353 4754 sito
1376 4703 1473 4771 ἀγαπη-

178 4789 205 4840 6.
227 4789 326 4839 Adliuc
349 4802 418 4852 ergo
447 4804 534 4840 tinum
560 4791 667 4840 habens
695 4788 782 4839 silium
836 4787 894 4851 τὸν,
929 4788 1068 4842 ἀπέστειλεν
1100 4789 1172 4841 atti-o
1202 4792 1306 4859 {isaeus
1340 4795 1397 4861 πρὸς
1429 4793 1472 4842 2]-

141 4879 331 4936 carissimum,
348 4879 468 4928 etillum
483 4880 781 4929 misiladeosnovis-
836 4877 902 4938 τοὺς,
930 4879 1026 4948 λέγων,
1053 4879 1110 4930 ''llzz
1134 4879 1327 4949 ἐντριπτζτνντνν
1352 4886 1394 4933 τὴν
1420 4883 1472 4934 uite

138 4970 258 5027 simum,
283 4966 402 5018 dicens:
429 4966 503 5026 Quia
525 4968 730 5019 reverebuntur
751 4970 783 5018 ii·
839 4986 896 5037 μου.
918 4971 943 5021 ἲ.
969 4969 1058 5021 ἐκεῖνον
1083 4969 1110 5021 δὲ
1134 4971 1158 5022 οἱ
1190 4973 1298 5042 γεωργοὶ
1328 4976 1386 5041 πρὸς
1416 4971 1470 5025 izo-

101 5210 175 5312 h
