3960 5654
158 677 309 768 positum
326 678 374 740 est
394 692 457 760 pro
475 670 640 740 miracula
655 674 765 740 lacere
785 673 837 763 (ut
855 674 933 736 Luc.
950 677 1019 752 at.
1037 679 1107 740 Act.
1129 670 1197 757 t,1)
1218 678 1250 737 et
1268 676 1486 761 praeceperat

69 774 72 779 ⁴
158 783 226 851 illis
240 780 409 860 Christus,
426 782 465 844 ut
484 776 645 847 docerent
663 786 697 844 et
718 779 908 846 doctrinam
929 778 1100 846 miraculis
1121 775 1361 845 confirmarent
1381 775 1427 864 (v.
1451 784 1482 841 7.

77 927 83 937 κ
158 889 273 957 llatth.
297 891 386 964 10,7.
405 890 438 951 8.
464 891 542 954 Luc.
565 893 638 966 9,2;
662 883 799 974 Melet).
817 887 975 969 Narrant,
998 888 1080 975 quia
1099 905 1247 973 aequum
1261 892 1337 951 erat
1357 889 1394 949 ut
1413 883 1443 948 ei
1464 904 1484 948 a

119 1041 121 1046 .
158 1015 225 1087 quo
243 990 336 1058 missi
351 998 451 1058 erant
467 1014 549 1060 suae
564 990 745 1078 legationis
768 988 950 1057 redderent
970 993 1147 1058 rationem.
1171 994 1313 1078 Insuper
1328 989 1486 1058 redibant

66 1091 70 1099 ’
157 1124 180 1168 a
200 1098 371 1185 legatione
387 1122 449 1166 sua
468 1099 589 1187 gaudii
612 1095 707 1186 pleni
726 1096 820 1187 quod
841 1118 895 1162 res
911 1119 950 1163 ex
970 1106 1047 1165 voto
1071 1098 1296 1178 succcssisset;
1321 1098 1487 1164 laetantes

30 1198 41 1243 ¹.
157 1210 270 1275 autem
286 1210 320 1272 et
336 1206 523 1293 gloriantes
538 1202 688 1289 deJtanta
699 1208 864 1293 potestate
879 1225 900 1269 a
914 1200 1052 1271 Domino
1067 1203 1131 1269 sihi
1148 1203 1229 1268 data
1243 1204 1414 1291 quomodo
1429 1226 1488 1294 po-

22 1376 27 1383 .
40 1399 44 1408 ,
157 1312 299 1379 tuissent
308 1315 441 1380 tacere?
450 1309 637 1399 gloriantes
650 1309 783 1400 itaque,
796 1309 912 1398 utique
923 1311 961 1377 in
972 1311 1128 1392 Domino,
1143 1309 1485 1391 rennrrtiantcuneta‚

22 1417 31 1432 ⁸
158 1418 450 1509 quemadmodum
465 1423 498 1484 et
512 1416 731 1505 septuaginta
742 1416 793 1483 illi
807 1416 875 1483 duo
891 1417 985 1506 apud
1004 1422 1124 1483 Lucam
1141 1423 1238 1496 latr
1256 1415 1405 1504 (Mala).
1422 1421 1488 1482 lloc

11 1554 40 1612 .-'.
157 1531 273 1593 autem
295 1525 470 1608 docemur,
496 1529 534 1589 ut
567 1521 714 1611 Tteopt.
746 1525 837 1591 lans.
863 1530 1016 1604 monent,
1053 1524 1289 1610 evangelicum
1314 1522 1487 1590 doctorem

50 1638 53 1645 '
158 1632 257 1699 sicuti
276 1633 449 1699 Christum
469 1629 574 1697 habet
595 1630 648 1695 sui
670 1628 775 1695 oflicii
795 1635 984 1712 auctorem,
1007 1630 1055 1696 ita
1077 1629 1121 1695 ad
1144 1631 1254 1718 ipsum
1279 1631 1389 1696 omnis
1408 1651 1488 1696 suae

11 1722 39 1787 '·
158 1738 425 1830 praedicationis
442 1737 593 1803 tructam
612 1742 647 1802 et
664 1736 857 1825 profectum
876 1735 1000 1804 dehere
1020 1735 1166 1817 referre,
1188 1737 1279 1802 illius
1297 1737 1400 1803 solius
1414 1737 1488 1823 glo·

12 1828 16 1835 ’
40 1868 42 1872 “
159 1847 246 1913 riam
260 1849 412 1935 spectare
427 1848 461 1910 et
473 1841 517 1909 ab
537 1841 612 1932 ipso
624 1842 911 1933 approbationem
925 1865 1005 1910 snae
1019 1842 1283 1932 praedicationis
1298 1851 1331 1908 et
1344 1864 1488 1932 operum

160 1973 336 2044 quaerere.

207 2087 224 2121 «
244 2056 403 2124 Providet
419 2057 496 2147 pius
506 2060 539 2124 et
550 2054 703 2145 prudens
718 2056 880 2143 magister
890 2055 1065 2145 discipulis
1078 2056 1121 2122 de
1135 2056 1346 2146 aliquantula
1362 2057 1487 2144 quiete,

160 2167 331 2232 instruens
342 2163 509 2254 praelatos
521 2161 605 2253 qnid
619 2183 724 2249 agere
739 2161 885 2230 debcant
902 2185 979 2231 cum
994 2163 1153 2229 ministris
1167 2165 1235 2230 suis
1254 2192 1268 2224 »ι
1281 2163 1383 2251 (Gai.)
1403 2186 1434 2228 v.
1449 2169 1487 2229 31

161 2284 195 2340 et
206 2269 335 2338 cirilla
348 2291 360 2337 :
374 2270 485 2337 venite
498 2271 584 2358 ὑμεῖς
599 2264 688 2331 αὐτοί
704 2270 856 2358 vosipsi,
874 2271 933 2359 qui
953 2271 1025 2337 scil.
1043 2275 1175 2336 tantum
1192 2270 1384 2347 laborastis,
1402 2291 1490 2335 reor·-

159 2400 234 2446 sum
255 2400 275 2445 a
293 2377 402 2445 turbis
425 2377 622 2458 hominum,
643 2376 680 2442 ia
705 2375 873 2442 desertum
897 2377 1011 2443 locam
1031 2389 1065 2442 et
1087 2377 1285 2466 requiescite
1306 2375 1491 2466 pusillulam

160 2507 239 2554 cum
258 2485 349 2552 enim
364 2485 492 2574 pascha
511 2487 596 2550 esset
614 2505 738 2573 prope,
762 2482 832 2548 iam
854 2482 1004 2572 undique
1028 2483 1148 2566 turbae
1170 2483 1385 2550 confluebant
1404 2490 1437 2548 et
1456 2484 1489 2548 in

32 2651 36 2657 .
161 2592 340 2680 regionem
368 2591 609 2681 Capharnaum
631 2588 895 2671 conveniebant,
919 2597 956 2656 ut
974 2589 1052 2656 inde
1073 2591 1108 2656 in
1129 2591 1250 2657 urbem
1271 2589 1493 2656 ascenderent

162 2698 271 2790 (Fit.);
287 2707 385 2766 eram
410 2697 500 2765 emin
520 2696 584 2786 qui
605 2694 785 2764 vem'ebant
806 2709 840 2763 ee
859 2695 1014 2764 redibant
1032 2697 1147 2778 arulti,
1173 2697 1220 2764 ita
1243 2703 1280 2763 nt
1304 2697 1492 2764 aestuariae

161 2804 330 2894 quaedam
348 2805 439 2871 vices
453 2803 652 2871 viderentur
672 2803 881 2870 venientium
899 2808 932 2870 et
946 2804 1147 2871 abeuntium
1162 2805 1368 2892 (Erasmus),
1386 2817 1418 2870 et
1432 2825 1491 2869 nec

162 2911 311 3002 spatium
325 2909 562 2977 manducandi
572 2909 760 2991 habebant,
772 2932 855 2996 ergo
872 2909 969 2977 nulla
983 2911 1104 3000 quietis
1121 2933 1199 3001 pars
1214 2912 1371 2999 apostolis
1387 2910 1491 2977 relin-

162 3018 345 3108 quebatur,
367 3022 405 3082 ut
428 3039 472 3083 ne
491 3016 559 3084 cibi
582 3016 720 3107 quidem
740 3015 896 3082 sumendi
922 3017 1063 3083 daretur
1076 3017 1323 3106 opportunitas.
1350 3019 1492 3083 Haecin

161 3146 196 3191 v.
213 3129 254 3190 31
272 3122 365 3214 apud
376 3123 487 3189 solum
499 3122 829 3210 llarcumleguntur.
846 3122 966 3189 Turbis
978 3124 1092 3212 itaque
1109 3124 1302 3190 Christusse
1314 3124 1492 3212 paululum

164 3229 336 3298 subtrahit
350 3228 389 3296 in
407 3228 488 3296 litus
509 3228 674 3296 orientale
692 3229 916 3295 transfretans
929 3251 961 3296 v.
982 3236 1023 3295 32
1043 3241 1075 3295 et
1094 3230 1308 3296 ascendentes
1327 3230 1362 3295 in
1377 3229 1490 3296 acirim

162 3335 367 3404 abieruntin
380 3334 549 3403 desertam
563 3335 680 3402 locum·
695 3356 862 3416 seorsum,
876 3357 984 3426 prope
1000 3336 1230 3417 Bethsaidam,
1250 3339 1298 3402 uti
1315 3341 1391 3403 Luc.
1414 3343 1492 3416 9,10

163 3443 344 3525 docemur;
361 3469 377 3503 «
400 3441 489 3509 duae
503 3442 600 3508 fuere
620 3440 737 3532 perid
755 3445 890 3531 tempus
910 3442 1009 3509 urbes
1026 3443 1090 3509 hoc
1109 3445 1246 3509 nomine
1268 3451 1419 3523 vocatae;
1441 3443 1493 3508 al-

162 3555 237 3618 tera
252 3549 290 3616 in
304 3547 455 3618 Galilaea
471 3547 536 3615 sita
549 3555 623 3615 erat
635 3547 679 3614 ad
691 3547 807 3614 lacum
820 3547 1024 3629 Tiberiadis,
1040 3552 1150 3639 patria
1171 3552 1274 3628 Petri,
1294 3550 1445 3616 Andreae
1461 3559 1491 3615 et

164 3655 316 3747 Philippi
335 3676 445 3744 eaque
474 3653 667 3737 ohscurior;
703 3655 811 3721 altera
832 3654 957 3721 clarior
975 3656 1008 3721 in
1035 3656 1195 3723 interiore
1215 3657 1425 3724 Gaulanitide
1450 3656 1493 3721 ab

164 3763 295 3830 oriente
316 3761 407 3828 lacui
423 3781 603 3847 assurgens
621 3782 732 3850 prope
748 3760 871 3828 ostium
894 3761 1058 3840 Iordanis,
1081 3763 1163 3828 olim
1179 3785 1304 3852 pagus,
1331 3763 1457 3829 deinde
1474 3784 1495 3827 a

152 3867 323 3959 'Philippo
342 3867 515 3935 tetrarcha
535 3865 579 3933 ad
593 3866 800 3953 dignitatem
816 3868 910 3935 urbis
929 3873 1044 3935 evecta
1063 3868 1163 3935 lulias
1182 3869 1225 3935 ah
1247 3869 1330 3935 {ulia
1352 3869 1493 3954 Augusti

39 4006 43 4015 ·
142 3975 237 4051 ‚filia
251 3995 374 4042 nomen
389 3973 526 4064 pridem
542 3979 720 4063 acceperat
739 4001 754 4034 »
774 3974 898 4063 (Puer.)
916 3980 1018 4064 atque
1033 3975 1071 4041 in
1087 3975 1187 4042 huius
1209 3976 1305 4042 urbis
1320 3977 1493 4061 regionem

167 4082 318 4149 Christus
335 4081 485 4161 secessit,
502 4079 554 4146 uti
570 4079 730 4170 plerique
745 4086 835 4148 recte
846 4082 1007 4149 sentiant.

210 4188 343 4256 Turbae
357 4193 472 4254 autem
488 4183 701 4276 simulatque
714 4187 910 4254 naviculam
919 4189 1002 4255 solvi
1015 4188 1172 4255 viderunt
1182 4196 1215 4256 et
1231 4191 1264 4255 in
1281 4189 1387 4256 altum
1402 4190 1491 4265 duci,

167 4295 329 4385 suspicati
343 4301 422 4362 sunt
436 4292 521 4384 quid
538 4297 627 4360 lesus
646 4299 812 4383 spectaret
822 4299 855 4361 et
865 4317 933 4384 quo
946 4296 1102 4362 tenderet
1117 4320 1148 4362 v.
1164 4303 1206 4363 33
1221 4311 1252 4363 et
1270 4296 1426 4362 uiderant
1441 4320 1495 4363 eos

166 4400 367 4469 abeunteset
387 4413 615 4491 ropnoverant
633 4399 737 4466 malti
747 4404 853 4467 lesum
866 4422 936 4467 sese
955 4402 1144 4470 subducere
1158 4411 1191 4470 et
1205 4406 1239 4469 in
1257 4404 1400 4470 alterum
1418 4405 1496 4471 litus

165 4509 331 4595 navigare
356 4508 478 4597 (quare
502 4529 612 4598 neque
629 4505 737 4579 αὐτούς
756 4504 1188 4598 nequeatro'v‘ponendum
1218 4518 1284 4592 est;
1315 4511 1391 4576 vide
1417 4511 1492 4577 leet.

168 4616 256 4706 var.)
276 4626 308 4681 et
318 4612 491 4704 pedestres
504 4606 582 4704 πεζῇ
601 4614 723 4682 itinere
745 4614 892 4703 pedestri
914 4614 955 4681 de
975 4616 1127 4684 omnibus
1146 4617 1337 4684 civitatibus
1355 4641 1494 4683 cortem·-

168 4734 288 4792 rerum
304 4719 390 4787 illac
409 4735 442 4788 et
462 4734 714 4812 praevenerunt
731 4741 805 4803 eos;
834 4751 849 4782 «
875 4722 910 4788 id
941 4722 1130 4811 intelligere
1151 4724 1288 4791 difficile
1312 4725 1402 4790 haud
1430 4733 1492 4791 est:

168 4830 264 4898 locus
274 4826 428 4895 desertus
439 4850 508 4918 quo
520 4830 673 4897 Christus
687 4828 766 4896 lacu
782 4829 1065 4919 traiectoappulit
1076 4855 1180 4922 prope
1197 4832 1313 4898 aberat
1329 4855 1347 4898 a
1366 4832 1496 4899 boreali

167 4937 261 5003 lacus
285 4935 497 5003 extremitate
518 4957 588 5024 qna
607 4935 766 5003 iordanes
790 4936 826 5002 in
848 4936 939 5003 hunc
962 4938 1085 5005 innuit.
1113 4940 1160 5005 llli
1182 4940 1288 5026 igitur
1310 4962 1327 5005 e
1349 4940 1493 5008 Galilaea

107 5130 193 5311 ἱ
