3960 5654
176 476 238 537 300
706 494 814 538 xxxa.
839 477 887 547 ll,
912 478 961 535 fl.

177 627 277 692 lsrael
297 645 400 713 quam
424 623 569 687 maxime
598 625 687 692 valet
707 651 715 695 :
733 627 819 717 quid
842 629 894 689 est
907 624 1000 713 quod
1020 623 1125 689 debui
1143 625 1231 691 ultra
1250 626 1362 693 facere
1385 623 1505 690 vineae

177 754 273 799 meae
290 737 323 795 et
340 751 405 794 non
421 729 819 820 seciei(1s.5,a)?xrbor
834 731 918 796 nihil
936 731 1038 797 habet
1052 731 1117 795 nisi
1134 728 1231 810 folia;
1245 727 1507 820 populushabet

176 839 304 924 legem,
320 835 423 901 habet
443 836 683 921 caerimonias,
701 841 802 906 hahet
821 837 967 916 cultum,
987 837 1090 904 habet
1107 835 1340 904 observantias
1354 842 1387 903 et
1408 856 1505 900 man—

175 942 256 1009 data
269 941 447 1008 hominum
461 943 530 1030 (Ps.
548 944 792 1034 Hie1·.lquibus
804 965 898 1032 sepes
912 943 998 1029 legis
1008 939 1277 1010 constituebatur
1287 967 1294 1024 ;
1305 966 1388 1030 ergo
1399 965 1439 1008 ea
1451 963 1507 1007 ex-

172 1055 267 1114 terne
276 1057 465 1114 cernuntur
477 1070 565 1135 quae
574 1052 724 1118 subsidia
735 1058 814 1116 sunt
824 1057 856 1114 et
870 1048 1065 1118 adiumenta
1074 1051 1255 1126 virtutum3
1268 1056 1304 1114 at
1315 1054 1403 1116 lesus
1413 1046 1507 1139 apud

175 1153 356 1242 plerosque
387 1154 520 1221 nullum
542 1157 688 1224 fructum
712 1158 902 1242 religionis,
929 1156 1080 1244 pietalis,
1108 1155 1253 1222 iustitiae
1273 1158 1413 1244 reperit.
1455 1154 1508 1222 Uti

175 1261 211 1325 in
228 1261 390 1348 parabola
399 1262 441 1327 de
457 1263 525 1326 ficu
544 1266 622 1330 Luc.
642 1270 757 1344 raa-9
773 1261 919 1352 populus
931 1261 1131 1351 depingitur
1141 1269 1174 1329 et
1188 1283 1271 1326 cura
1285 1264 1357 1327 lesu
1373 1261 1415 1328 dc
1430 1263 1503 1327 eius

174 1366 284 1433 saluto
297 1391 365 1456 qua
380 1368 438 1434 ille
453 1366 619 1450 abutitur,
637 1372 684 1437 ita
704 1373 786 1435 inre
808 1392 828 1435 a
843 1369 974 1436 Christo
992 1369 1056 1434 hoc
1074 1369 1147 1436 loco
1167 1374 1263 1455 gesta
1281 1365 1509 1434 adumbratur

175 1470 266 1539 idem
283 1476 431 1564 populus
449 1496 511 1540 sua
529 1474 633 1565 culpa
649 1477 772 1543 sterilis
791 1476 888 1541 bonis
903 1475 1064 1564 operibus
1081 1481 1115 1541 et
1136 1483 1318 1541 contumax
1340 1478 1373 1540 et
1386 1473 1507 1538 adum·

175 1579 295 1647 bratur
309 1583 395 1647 iusta
409 1603 520 1670 poena
533 1582 564 1646 ei
579 1581 694 1649 debita
714 1606 722 1647 :
740 1584 913 1648 auferetur
932 1581 975 1648 ab
991 1603 1031 1647 eo
1047 1602 1193 1667 regnum
1208 1587 1242 1647 et
1260 1580 1399 1647 dabitur
1413 1579 1508 1665 genti

173 1686 313 1753 facienti
328 1689 490 1753 fructum.
513 1690 557 1751 Ex
580 1710 649 1776 qua
668 1689 917 1774 significatione
936 1689 1039 1753 ctiam
1062 1686 1180 1772 colligi
1199 1686 1303 1753 debet
1323 1686 1407 1775 quid
1421 1684 1509 1752 illud

174 1815 243 1859 aon
256 1808 331 1859 erat
342 1793 820 1882 tempusficoramdesignare
833 1801 988 1883 nequeat.
1002 1795 1036 1859 Si
1048 1793 1141 1858 enim
1153 1793 1240 1858 ratio
1256 1792 1438 1859 afferretur
1448 1814 1510 1858 cnr

176 1900 263 1966 nihil
282 1901 412 1966 fructus
431 1903 467 1966 in
485 1922 525 1965 ca
547 1902 732 1989 reperiret,
750 1900 933 1967 dicendum
952 1906 1037 1967 esset
1056 1898 1148 1988 quod
1167 1898 1271 1965 habet
1286 1901 1322 1966 S.
1342 1899 1509 1965 Paulinus

175 2006 323 2071 nolanus
337 2007 372 2072 in
386 2006 526 2096 epistola
538 2005 582 2072 ad
595 2007 804 2073 Desiderium
821 2008 888 2097 (ep.
906 2013 959 2085 t3‚
974 2006 1056 2072 alias
1073 2013 1131 2086 353
1151 2008 1197 2071 M.
1216 2006 1355 2093 mast)
1373 2028 1380 2072 :
1403 2032 1419 2065 κ
1434 2007 1508 2072 sine

174 2134 276 2178 causa
294 2112 431 2178 videtur
450 2114 554 2179 arbor
568 2114 736 2202 accepisse
754 2113 973 2179 maledictum
991 2134 1078 2201 quae
1093 2112 1195 2202 culpa
1212 2113 1398 2178 sterilitatis
1412 2133 1508 2178 care-

174 2217 249 2298 bat,
266 2220 293 2283 si
312 2218 425 2285 adhuc
440 2242 502 2308 per
521 2221 601 2285 anni
625 2227 759 2308 tempos
779 2220 929 2286 alienum
950 2220 1079 2285 fructus
1097 2240 1166 2285 non
1187 2218 1337 2285 habebat
1350 2224 1503 2307 paratos,

173 2346 240 2391 non
254 2326 440 2391 infecunda
451 2326 493 2392 de
507 2328 606 2400 vitio,
625 2327 681 2393 sed
696 2328 882 2392 immatura
895 2326 938 2393 de
949 2332 1100 2415 tempore
1115 2353 1145 2390 o.
1164 2329 1278 2414 Neque
1292 2325 1506 2391 sufficitcum

173 2432 302 2498 eodem
324 2431 453 2511 dicere,
475 2440 510 2498 ut
529 2433 752 2499 nihilominus
772 2433 990 2500 maledictum
1007 2431 1220 2523 explicetur:
1242 2461 1257 2491 ιι
1281 2431 1449 2522 numquid
1467 2431 1509 2496 de

173 2539 356 2605 arboribus
366 2562 451 2605 cura
460 2545 510 2605 est
523 2541 610 2606 lleo‘l
620 2548 760 2630 proptor
772 2562 831 2606 nos
842 2540 959 2629 utique
967 2541 1201 2629 scriptumest,
1214 2539 1384 2627 inquibus
1396 2559 1508 2605 escam

171 2666 267 2711 suam
280 2651 365 2712 fleus
380 2669 514 2735 semper
531 2648 604 2712 vult
617 2648 772 2714 invenire
791 2676 819 2712 o.
836 2652 957 2713 Verum
975 2647 1057 2736 quia
1069 2654 1210 2735 propfer
1222 2668 1281 2711 nos
1299 2646 1351 2712 vel
1366 2646 1506 2735 proprie

174 2760 315 2841 propter
335 2753 503 2842 populum
523 2756 625 2819 lsrael
649 2761 682 2820 et
700 2775 911 2841 synagogam
931 2761 1045 2820 actum
1066 2760 1131 2832 est,
1157 2753 1384 2819 necessarium
1402 2756 1509 2818 estut

175 2879 238 2945 pro
253 2858 385 2924 arboris
406 2866 528 2925 natura
548 2861 583 2925 in
603 2861 676 2950 ipsa
699 2861 823 2927 arbore
845 2863 889 2926 sit
910 2861 1031 2926 vitium
1050 2866 1085 2926 et
1105 2858 1360 2949 quodammodo
1391 2859 1505 2948 culpa.

173 2967 219 3029 lta
234 2967 363 3055 quippe
377 2987 429 3031 res
446 2975 543 3051 gesta
558 2966 596 3032 fit
609 2968 770 3055 parabola
784 2973 864 3056 apta
879 2966 921 3032 ad
938 2961 1202 3056 populi'culpam
1218 2970 1252 3032 et
1268 2972 1394 3031 sortem
1410 2965 1503 3031 cxhi-

174 3070 334 3137 bendam.
347 3074 430 3137 Cum
440 3074 475 3139 S.
489 3071 747 3160 Chrpsostomas
758 3072 864 3158 (hom.
879 3072 914 3137 in
928 3072 1040 3138 Matth.
1056 3078 1114 3151 673
1128 3075 1174 3137 M.
1188 3076 1340 3156 58,633),
1359 3072 1439 3138 Vict.
1451 3093 1508 3136 ne·

42 3217 47 3227 ·
175 3186 257 3263 gent
269 3179 442 3244 Christum
456 3180 610 3245 esuriisse
625 3187 657 3244 et
673 3180 717 3245 ad
729 3180 888 3245 arborem
907 3180 1081 3245 accessisse
1098 3184 1134 3244 ut
1147 3178 1297 3243 fructum
1309 3185 1500 3267 quaereret,

175 3283 210 3349 in
227 3285 350 3349 arbore
372 3286 436 3351 hac
449 3285 611 3352 illustrari
630 3286 747 3352 dicant
770 3287 956 3375 potentiam
973 3285 1094 3351 Christi
1113 3284 1158 3351 ad
1173 3306 1299 3372 poenas
1319 3286 1344 3350 si
1362 3284 1509 3350 volucrit

174 3390 396 3476 infligendas,
415 3396 451 3457 ut
465 3391 536 3457 scil.
560 3392 727 3459 discerent
746 3391 906 3482 apostoli,
923 3393 1035 3480 ipsum
1052 3392 1200 3481 potuisse
1216 3391 1371 3476 affligere
1384 3397 1418 3456 et
1437 3413 1507 3457 uno

174 3503 347 3562 momento
363 3498 507 3587 perdere
528 3498 739 3565 adversarios
758 3520 835 3564 suos
855 3500 882 3565 si
898 3499 1071 3579 voluisset3
1097 3519 1230 3587 semper
1249 3499 1340 3564 enim
1356 3519 1506 3586 eousque

173 3602 345 3669 Christum
367 3604 532 3670 miracula
546 3606 661 3672 fecisse
680 3605 724 3671 ad
740 3605 906 3671 beneficia
922 3605 1145 3694 praestanda;
1164 3627 1255 3671 nunc
1274 3610 1388 3671 autem
1403 3605 1506 3670 etiam

173 3708 331 3776 ultricem
348 3732 444 3776 suam
461 3713 647 3801 potentiam
670 3711 813 3778 voluisse
829 3711 1045 3777 manifestare
1060 3712 1200 3800 eiusque
1216 3711 1378 3777 exhihere
1393 3732 1504 3776 exem-

174 3816 268 3904 plum
298 3839 365 3882 non
388 3817 528 3905 quidem
553 3819 587 3883 in
610 3818 763 3896 homine,
789 3819 849 3884 sed
877 3821 911 3884 in
941 3840 976 3884 re
1001 3817 1205 3897 inanimata,
1230 3818 1266 3882 in
1295 3817 1418 3883 arbore
1443 3817 1505 3904 (cf,

175 3922 350 4012 Tlrcoplr.)¹
373 3925 530 4000 Quamvis
550 3945 668 3989 verum
692 3926 734 3990 sit
756 3925 843 3990 hanc
867 3930 1064 4012 potestatem
1089 3925 1246 3991 ultricem
1268 3924 1326 3990 hic
1350 3922 1498 4003 ostendi,

174 4034 288 4095 tamen
309 4053 348 4095 ca
364 4029 544 4117 explicatio
569 4032 687 4118 nequit
710 4030 880 4108 sufficere,
899 4033 981 4120 quia
1004 4040 1036 4096 et
1054 4030 1278 4117 negliguntur
1299 4052 1339 4096 ea
1359 4030 1500 4118 quaein

173 4158 204 4201 v.
225 4143 265 4201 12
286 4144 318 4200 et
339 4143 377 4202 13
399 4136 561 4202 dicuntur
582 4143 615 4202 ct
635 4159 741 4203 nexus
763 4160 842 4204 cum
866 4139 1084 4227 subsequenti
1105 4139 1300 4203 narratione
1318 4137 1497 4202 omittitur.

172 4240 319 4307 Additur
341 4265 445 4332 porro
464 4255 496 4306 ct
512 4242 698 4308 audiebant
719 4243 882 4332 discipali
896 4243 983 4323 cias,
1002 4253 1038 4309 ut
1060 4244 1214 4309 doctrina
1236 4242 1413 4331 discipulis
1431 4248 1500 4307 tra·

172 4347 286 4414 denda
296 4351 523 4434 significatum
541 4350 585 4415 cf.
604 4373 637 4414 v.
655 4355 698 4415 20
711 4372 781 4438 seq.
802 4354 835 4415 ln
848 4350 911 4416 ista
925 4352 1046 4416 Christi
1060 4350 1168 4416 esurie
1182 4350 1279 4415 facile
1298 4355 1391 4436 patet
1410 4370 1505 4434 sym-

173 4454 282 4520 bolice
303 4458 489 4542 significari
506 4457 715 4523 desiderium
731 4457 849 4522 salutis
864 4456 981 4546 populi
1002 4457 1069 4536 sui,
1086 4459 1173 4522 sicut
1192 4477 1231 4521 eo
1251 4453 1343 4543 quod
1356 4455 1504 4520 fructum

173 4563 324 4650 quaerit,
340 4563 424 4628 illud
436 4565 469 4628 in
481 4586 514 4629 se
526 4566 686 4652 exprimit
701 4561 794 4651 quod
813 4562 941 4649 legitur
953 4563 1043 4653 apud
1056 4563 1277 4652 prophetam:
1296 4583 1507 4650 praecoquas

175 4667 257 4733 frcus
272 4666 479 4735 desideravit
494 4671 610 4736 anima
627 4693 701 4736 mea
718 4670 829 4757 (lliclr.
845 4670 930 4758 7,t).

220 4778 308 4838 Bcnc
325 4782 418 4841 notat
434 4777 525 4842 Beda
542 4799 553 4842 :
571 4806 586 4837 ιι
606 4778 698 4866 quod
713 4775 948 4842 maledicendo
966 4776 1067 4842 ficiam
1080 4777 1329 4842 infructuosam
1346 4798 1405 4865 per
1416 4775 1505 4861 figu-

175 4902 248 4946 ram
263 4880 342 4946 fecit
354 4883 532 4963 Dominus,
546 4883 610 4949 hoc
625 4882 716 4949 idem
734 4906 809 4949 mox
822 4883 972 4972 apertius
985 4882 1133 4949 ostendit
1147 4883 1313 4949 eliciendo
1330 4882 1505 4972 improbos
