3960 5654
188 536 247 596 324
702 550 792 594 unae.
818 532 866 600 12,
890 529 995 590 28-29.

187 685 372 751 rimentum
380 680 696 768 sapientiaeChristi
704 703 836 772 capere,
850 676 900 742 vel
910 681 1078 765 specimen
1090 679 1146 766 (cl.
1157 680 1243 743 lons.
1258 683 1377 764 tarny,
1390 675 1512 759 Petri,

186 792 235 857 uti
254 786 356 856 simul
374 807 452 851 crim
472 786 580 853 altera
606 791 799 877 acceptioue
825 783 915 850 aecta
935 807 1069 875 quoque
1094 785 1252 874 proponit
1273 807 1280 850 :
1305 814 1319 843 «
1345 787 1403 847 aru
1424 783 1513 844 certe

187 897 296 986 ipsam
314 893 538 959 tentationem
554 916 623 960 non
640 896 848 984 accipiamus
869 891 992 958 malam
1014 902 1185 979 tamquam
1200 889 1356 979 decipere
1373 886 1513 953 solentis

187 1001 385 1080 inimicum,
414 998 475 1065 sed
506 1009 640 1067 cautam
666 1002 778 1091 potius
809 1005 983 1086 tamquam
1013 995 1158 1086 experiri
1190 998 1336 1083 amplius
1370 992 1513 1060 volentis

187 1107 344 1192 ignotum
367 1127 401 1184 »;
421 1105 526 1172 simili
540 1108 640 1174 modo
656 1112 741 1194 Lep.
758 1104 817 1192 qui
834 1110 945 1170 tamen
966 1104 1060 1170 addit
1072 1104 1182 1191 ipsum
1197 1124 1312 1168 coram
1329 1098 1516 1190 pharisaeis

189 1210 323 1278 finxisse
337 1234 372 1277 se
385 1212 472 1278 velle
492 1218 601 1280 lesum
617 1212 750 1279 irretire
766 1216 799 1275 et
814 1233 951 1299 capere,
969 1230 1087 1275 verum
1108 1210 1141 1273 in
1162 1211 1278 1275 animo
1297 1231 1357 1272 suo
1376 1207 1516 1273 sensisse

187 1317 297 1384 aliter.
320 1318 386 1383 Sed
398 1316 520 1386 dubito
539 1341 622 1386 num
644 1319 708 1382 hae
727 1316 965 1405 explicationes
983 1314 1027 1380 ad
1045 1318 1271 1382 narrationem
1291 1315 1393 1401 primi
1413 1335 1516 1379 eran-

188 1423 270 1510 gelii
285 1426 366 1491 satis
375 1432 582 1513 congruant.
597 1428 712 1512 Neque
723 1446 800 1488 cuni
814 1446 854 1490 ea
864 1429 1016 1489 constare
1028 1428 1137 1510 potest
1149 1421 1239 1510 quod
1255 1422 1344 1508 llr'sp.
1358 1421 1518 1508 opinatur

188 1522 337 1619 πειράζων
351 1532 421 1599 dici
440 1532 523 1622 quia
537 1531 587 1597 illi
603 1530 662 1618 qui
682 1552 759 1595 enm
777 1531 929 1596 miserint
943 1529 1126 1595 habuerint
1140 1530 1348 1595 voluntatens
1365 1525 1518 1592 tentandi

188 1643 223 1704 et
236 1640 318 1728 quia
339 1639 498 1729 quamvis
513 1635 590 1703 talis
605 1635 760 1702 voluntas
779 1637 815 1702 in
835 1637 907 1726 ipso
923 1636 1008 1721 legis
1022 1634 1157 1702 doctore
1179 1658 1245 1701 non
1262 1636 1381 1713 luerit,
1404 1640 1517 1698 tamen

187 1744 260 1835 ipsa
272 1745 472 1834 quaestione
487 1743 606 1830 aliqua
626 1744 842 1809 contineatur
864 1743 1013 1808 tentatio.
1040 1745 1128 1818 Quae
1150 1743 1326 1829 explicatio
1342 1764 1362 1805 a
1382 1742 1518 1804 notione

190 1851 322 1918 scribae
338 1849 502 1917 tentantis
521 1850 601 1914 satis
623 1849 751 1916 recedit
769 1869 879 1936 neque
900 1871 939 1914 ea
959 1871 1043 1937 opus
1065 1856 1127 1924 est,
1156 1870 1197 1913 ne
1216 1853 1342 1912 llarcns
1364 1845 1520 1910 videatur

189 1956 427 2024 contradicere
441 1955 620 2022 Malthace

235 2067 301 2129 Cur
319 2063 382 2129 iste
408 2062 520 2130 scriba
550 2062 649 2129 facile
673 2064 810 2128 cesserit
833 2062 973 2127 consilio
999 2063 1268 2150 pharisaeorum.
1295 2059 1337 2123 de
1364 2082 1431 2146 quo
1457 2080 1518 2123 nos

190 2165 310 2235 edocet
333 2171 538 2248 Matthaeus,
564 2168 618 2233 vel
643 2191 705 2234 cur
724 2169 863 2234 tortasse
888 2191 923 2234 se
949 2175 1066 2257 sponte
1091 2167 1251 2233 obtulerit
1268 2168 1311 2232 ad
1340 2167 1517 2231 [lominum

191 2275 389 2364 quaestione
401 2273 575 2364 proposita
593 2275 813 2355 tentandum,
839 2275 936 2340 nobis
951 2275 1062 2339 innuit
1077 2279 1203 2339 llarcus
1219 2297 1248 2337 r.
1268 2281 1310 2340 28
1330 2287 1361 2337 et
1380 2273 1520 2337 accessa

192 2403 278 2448 unus
293 2379 334 2447 de
347 2380 465 2447 scribis
484 2381 546 2470 qui
559 2379 718 2447 attolieret
733 2381 808 2447 illos
831 2382 1061 2469 conquirentes
1079 2395 1110 2446 et
1130 2380 1243 2445 cidens
1258 2380 1421 2470 quorn'em
1438 2379 1519 2444 dene

192 2487 261 2555 illis
282 2487 513 2578 responderit;
538 2486 679 2554 audiens
703 2487 928 2576 disceptantes
956 2488 1028 2553 scil.
1055 2487 1261 2554 sadducaeos
1284 2510 1360 2552 cum
1387 2488 1519 2553 Christo

192 2593 339 2678 accedit3
362 2617 401 2661 ex
416 2593 539 2661 Christi
555 2595 772 2684 responsione
791 2593 888 2660 discit
907 2617 1009 2682 quam
1028 2597 1199 2683 sapienter
1219 2593 1344 2659 nodum
1363 2595 1517 2673 solverit;

194 2689 281 2775 εἰδώς
299 2701 424 2783 sciens,
456 2700 655 2786 intelligens
687 2706 795 2767 lesum
823 2703 977 2786 egregie,
1004 2701 1176 2790 praeclare
1192 2705 1292 2771 asiae
1308 2701 1520 2789 respondisse

193 2809 265 2898 ipse
293 2829 430 2896 quoque
457 2806 570 2872 studio
593 2807 729 2896 capitur
755 2810 924 2896 spinosam
955 2809 1188 2896 quaestionem
1217 2808 1346 2873 doctori
1377 2805 1523 2895 sapienti

193 2913 419 3003 proponendi.
449 2914 659 2979 Sententiam
683 2934 846 2999 graecam
869 2914 954 2978 liene
977 2936 1162 3003 expressam
1187 2916 1219 2979 iu
1242 2914 1335 2995 vulp.
1360 2914 1520 2998 legimus3

192 3019 371 3106 iungenda
393 3021 484 3084 enim
506 3026 584 3085 suut
605 3019 784 3108 participia
804 3020 850 3084 ita
870 3028 906 3084 ut
921 3019 1049 3092 taem
1068 3022 1234 3110 pertineat
1249 3022 1292 3085 ad
1311 3017 1479 3104 προσελθών
1493 3029 1525 3085 et

193 3126 315 3193 reddat
338 3125 506 3191 rationem
533 3147 594 3190 cur
613 3125 770 3202 accedat,
789 3113 875 3197 εἰδὼς
895 3134 1007 3191 autem
1032 3127 1196 3192 celeratur
1220 3127 1262 3191 ad
1285 3124 1477 3212 ἐπηρώτησεν
1493 3128 1526 3183 et

195 3232 337 3321 explicet
351 3254 413 3297 cur
436 3232 702 3316 interrogaverit
725 3233 783 3319 (cl.
809 3230 959 3310 Sedens,
987 3234 1076 3311 li'rz'l,
1113 3233 1239 3312 ll‘eissf.
1258 3234 1362 3298 :lliler
1383 3235 1523 3322 <pridem

197 3338 329 3428 Scliepp
348 3338 554 3422 coniungit:
576 3359 664 3403 unus
683 3338 726 3403 de
746 3339 863 3403 scribis
890 3339 1141 3410 auditaeorum
1163 3339 1388 3426 disputatione
1413 3343 1522 3407 sciens

196 3443 287 3535 qued
298 3444 472 3533 sapienter
484 3442 711 3531 respondisset
725 3448 866 3511 accessit
880 3445 1160 3532 etintcrrogarit:
1176 3454 1210 3511 at
1222 3447 1331 3511 obstat
1348 3447 1525 3514 collocatio

196 3551 397 3631 verborum,
420 3571 489 3638 qua
508 3547 682 3637 προσελθών
695 3551 791 3616 initio
807 3553 947 3641 ponitur
961 3560 993 3618 et
1008 3560 1099 3619 arete
1115 3576 1190 3619 eum
1211 3552 1341 3624 ἑκούσας
1358 3557 1525 3639 mugitum

196 3656 418 3745 raterroqaeit
430 3677 507 3721 eum
527 3655 621 3745 pared
639 3670 720 3722 essct
732 3659 884 3745 priorum
906 3660 1056 3723 emulum
1078 3661 1295 3734 praedatam,
1315 3658 1438 3721 πάντων
1460 3686 1526 3728 non

197 3764 345 3831 refertur
358 3762 402 3829 ad
416 3758 540 3841 ἐντολή,
558 3762 616 3829 sed
636 3763 680 3828 ad
702 3785 743 3829 ea
763 3766 878 3829 omnia
897 3774 929 3829 et
949 3765 1084 3850 singula
1104 3790 1190 3855 quae
1217 3767 1474 3856 praecipiuntur
1493 3773 1526 3835 in

198 3869 387 3948 mandatis3
402 3865 477 3931 ποία
492 3868 593 3958 quale
609 3868 808 3935 mandatum
824 3878 872 3935 est
888 3893 1051 3957 magnum
1066 3875 1189 3960 (llattli.
1205 3875 1319 3962 2236)
1336 3877 1357 3940 i.
1371 3898 1401 3941 e.
1420 3880 1526 3942 maxi-

198 3999 292 4043 mum
304 3976 359 4042 vel
378 3976 602 4066 praecipuum
623 3977 658 4040 in
675 3975 773 4062 lege,
796 3998 878 4063 ergo
895 3978 1040 4066 primum
1058 3981 1221 4046 omnium.
1241 3982 1330 4046 l'nde
1344 3982 1463 4048 eadem
1479 3991 1527 4050 cst

199 4085 292 4150 notio
312 4105 400 4172 quae
421 4080 514 4171 apud
538 4082 754 4148 Matthaeum.
779 4087 901 4149 Putant
925 4084 1031 4172 aliqui
1055 4089 1197 4152 Marcum
1219 4111 1282 4153 non
1311 4089 1432 4154 dixisse
1456 4112 1528 4155 ma-

198 4211 323 4277 gnum,
347 4191 428 4278 quia
448 4189 610 4255 Romanis
631 4189 691 4254 illa
701 4190 888 4255 scribarum
909 4191 1098 4279 disquisitio
1118 4193 1158 4258 de
1185 4198 1372 4285 praeceptis
1393 4201 1527 4282 magnis

198 4302 232 4362 el
246 4297 361 4386 parvis
375 4296 493 4362 fuisset
512 4297 638 4382 ignota.

244 4407 313 4469 laur
332 4424 372 4469 ex
386 4426 426 4469 co
446 4402 528 4491 quia
550 4408 638 4469 lesus
657 4402 701 4468 ad
720 4404 950 4490 quaestionem
971 4406 1042 4471 sine
1063 4407 1133 4472 ulla
1153 4409 1392 4495 interrogantis
1413 4435 1528 4500 repre-

199 4510 361 4576 hensione
377 4509 560 4599 respondet
575 4516 608 4576 et
622 4508 708 4575 adeo
726 4508 825 4597 pleue
840 4511 1017 4599 respondet
1032 4514 1303 4581 concludendum
1318 4524 1366 4581 est
1382 4518 1528 4584 scribam

199 4637 268 4682 non
288 4616 464 4681 accessisse
486 4616 600 4681 animo
627 4615 728 4705 plane
752 4616 927 4682 malevolo.
959 4623 1046 4684 lesus
1073 4621 1185 4709 itaque
1211 4624 1268 4708 qm
1298 4624 1424 4689 sciebat
1446 4625 1528 4713 quid

200 4728 284 4788 esset
303 4720 337 4785 in
353 4720 492 4786 homine
512 4724 614 4809 etqui
635 4722 802 4787 calamum
826 4729 1018 4810 quassatum
1040 4748 1106 4791 uon
1133 4728 1272 4793 coluerit
1294 4753 1402 4818 neque
1420 4731 1526 4797 linum

201 4828 376 4913 fumigans
389 4826 576 4912 exstinguit
591 4828 697 4915 (toan.
721 4835 812 4909 225.
833 4834 871 4894 ts.
891 4835 977 4913 223)
1003 4833 1094 4897 illam
1116 4836 1220 4899 animi
1243 4834 1322 4900 boni
1344 4835 1527 4903 scintillam

200 4935 292 5002 levet
313 4940 346 5000 et
362 4932 538 4999 hominem
558 4933 603 5000 ad
620 4934 761 5002 meliora
776 4959 977 5025 promovere
993 4939 1103 5007 studet
1120 4964 1149 5006 x.
1174 4949 1213 5007 eu
1232 4946 1321 5009 lesus
1341 4958 1454 5013 orclem
1477 4969 1529 5013 rc·
