3960 5654
931 463 1021 508 6666.
1047 445 1096 515 16,
1118 448 1202 509 8-66.
1426 450 1428 454 ‘
1664 445 1720 504 161

392 629 541 704 quartum
562 622 673 687 habuit
687 642 869 686 sermonem
887 626 918 684 in
938 622 1053 685 diebus
1073 623 1273 703 paschalibus
1289 620 1398 703 (serm.
1417 625 1492 695 2³³3
1509 623 1547 682 61.
1564 623 1603 684 66
1616 624 1720 686 diver·

392 724 434 783 sis
446 721 508 799 86).

429 819 613 890 Quaesitum
628 829 676 883 est
691 821 797 893 etiarn,
811 824 893 884 unde
909 821 1059 883 acciderit
1073 826 1107 882 ut
1121 838 1193 898 pars
1209 819 1286 882 haec
1301 821 1334 881 16
1349 818 1510 880 codicibus
1521 819 1721 881 omitteretur

389 923 437 978 sat
451 918 569 991 multis,
587 921 634 981 uti
654 940 691 983 ex
710 922 844 982 Eusebio
862 919 970 998 colligi
987 919 1124 981 videtur.
1143 918 1233 979 ilatio
1252 923 1302 979 sat
1322 917 1494 997 probabilis
1511 918 1719 998 assignatura

389 1017 617 1079 recentioribus
634 1019 711 1080 haec
728 1037 735 1078 :
754 1019 786 1078 16
801 1018 935 1081 66616616
948 1018 1153 1079 alexandrina
1175 1016 1334 1078 ieiunium
1350 1015 1431 1076 liniri
1447 1015 1569 1076 solebat
1586 1016 1717 1078 testum·

387 1131 450 1191 que
470 1116 708 1178 resurrectionis
727 1117 875 1179 celebrari
897 1114 1001 1177 madia
1020 1121 1134 1190 nocte;
1152 1115 1185 1175 in
1201 1115 1273 1175 aliis
1293 1114 1436 1176 ecclesiis
1454 1114 1538 1175 circa
1554 1133 1716 1189 auroram;

386 1212 485 1291 priori
502 1217 572 1275 usui
587 1215 693 1276 lavere
707 1215 873 1277 videbatur
885 1213 993 1274 llatth.
1008 1216 1092 1289 68,1,
1110 1213 1200 1274 alteri
1220 1214 1312 1274 llarc.
1330 1214 1402 1283 16,9
1416 1212 1442 1272 61
1455 1211 1607 1273 nimirum
1621 1213 1717 1291 (quod

388 1311 477 1371 multi
494 1311 624 1391 1661661)
641 1314 794 1391 temporis
809 1312 1034 1375 determinatio
1055 1311 1095 1372 ad
1115 1310 1229 1378 ἀναστάς
1244 1312 1389 1373 relertur.
1405 1310 1609 1372 Alexandrini
1624 1311 1718 1390 igitur

386 1427 425 1469 66
440 1410 491 1471 661
506 1412 675 1490 scrupulus
691 1411 876 1473 iniiceretur
892 1416 1014 1491 partem
1033 1411 1122 1471 illam
1138 1411 1230 1472 llarci
1248 1429 1311 1472 non
1326 1410 1442 1489 legisse
1456 1408 1613 1480 videntur,
1631 1411 1718 1471 ideo·

385 1525 445 1584 que
461 1508 493 1567 in
509 1508 692 1570 lectionaria
712 1527 775 1570 non
789 1509 914 1571 videtur
930 1525 1001 1569 esse
1019 1513 1198 1587 assumpta,
1217 1508 1301 1570 unde
1320 1509 1388 1570 llari
1404 1508 1519 1588 potuit,
1535 1513 1569 1568 ut
1582 1509 1615 1568 in
1630 1508 1716 1570 codi-

385 1605 475 1666 cibus
494 1623 621 1683 quoquo
641 1609 853 1668 omitteretur.
870 1606 1026 1668 Similiter
1047 1606 1079 1667 in
1098 1623 1168 1685 cap.
1186 1608 1223 1667 16
1243 1606 1397 1686 epistolae
1417 1605 1457 1667 ad
1472 1608 1630 1668 Romanos
1649 1624 1716 1668 eve·

385 1703 469 1764 nisse
482 1709 605 1764 certum
618 1708 667 1765 est
681 1705 732 1784 161.
752 1702 896 1785 Cornely,
913 1704 1032 1766 lntrod.
1050 1705 1090 1765 lll
1105 1723 1136 1783 p.
1151 1707 1215 1779 98).

423 1802 570 1863 Ceterum
586 1803 671 1864 eade
684 1803 871 1882 quaestione
890 1802 1037 1881 pluribus
1052 1806 1226 1864 tractarunt
1241 1803 1355 1880 Corluy
1366 1794 1499 1884 (616666
1515 1803 1712 1882 religieuses,

383 1898 644 1978 philosophiques
666 1904 724 1962 etc.
752 1903 828 1962 Nov.
854 1902 941 1973 1816,
963 1919 995 1979 p.
1016 1902 1075 1962 633
1096 1899 1194 1981 seq.);
1217 1902 1351 1981 Cornely
1371 1901 1393 1961 l.
1415 1919 1460 1974 c.;
1483 1901 1568 1962 6666
1590 1902 1712 1972 Martin,
1792 1912 1797 1924 “

382 1998 596 2059 introduction
615 2002 633 2059 6
652 1999 681 2059 16
701 2000 833 2077 critique
854 2000 1005 2060 textuelle
1025 1999 1068 2060 du
1090 2001 1126 2060 N.
1147 2000 1181 2059 Τ.
1198 2000 1300 2080 partie
1318 2000 1463 2078 pratique
1483 2005 1561 2060 tom.
1578 2000 1603 2060 ll
1620 2001 1711 2072 1881;

381 2097 524 2176 Burgon,
541 2097 605 2157 The
619 2096 680 2157 last
693 2098 803 2158 twelve
815 2115 920 2159 verses
935 2099 971 2175 ol
983 2097 1035 2158 the
1048 2098 1164 2177 Gospel
1180 2098 1351 2178 according
1365 2103 1397 2159 to
1414 2097 1446 2158 S.
1465 2098 1564 2172 llark;
1580 2097 1711 2170 Orlord,

383 2195 513 2255 London
529 2197 621 2267 1871;
637 2195 721 2255 Zahn
739 2197 758 2256 1.
775 2215 815 2268 6.,
834 2196 990 2258 Westcott
1004 2200 1037 2257 et
1052 2199 1130 2258 llort
1145 2197 1165 2256 l.
1181 2215 1209 2258 c.

421 2292 478 2363 061
499 2298 707 2372 campartem
725 2294 756 2355 S.
781 2296 882 2356 llarco
904 2295 1078 2370 vindicant,
1100 2293 1209 2356 Danko
1229 2294 1383 2376 (Historia
1403 2295 1612 2356 Revelationis
1627 2298 1662 2357 N.
1675 2296 1709 2357 Τ.

381 2411 410 2471 p.
426 2390 496 2470 681)
514 2397 682 2454 enumerat
696 2393 775 2454 hos:
796 2393 895 2467 Wolf,
910 2394 1009 2466 Storr,
1023 2394 1174 2466 lluinoel,
1192 2397 1278 2474 liug,
1296 2393 1419 2469 Schott,
1439 2394 1560 2473 Himly‚
1577 2395 1708 2456 016666-

380 2509 452 2562 666,
474 2491 669 2564 Kirchholer,
690 2492 841 2566 Guerike,
865 2493 1001 2565 Ebrard,
1022 2493 1121 2564 Rink,
1144 2492 1290 2573 Bisping‚
1313 2496 1469 2556 Demaret.
1488 2528 1527 2572 ‚—
1548 2495 1712 2555 Praeterea

379 2586 498 2649 Saliam
517 2590 606 2650 addit
628 2589 686 2651 hos
704 2609 710 2649 :
730 2592 764 2652 11.
785 2591 911 2664 Simon,
933 2592 1065 2671 Bangel,
1089 2592 1254 2664 Matthaei,
1277 2592 1451 2667 Eichhorn,
1468 2592 1612 2667 Saunier,
1632 2591 1711 2653 Fall-

379 2705 492 2759 moser,
511 2688 638 2761 Scholz,
655 2689 935 2762 Schleiermacher,
955 2690 996 2751 66
1013 2692 1135 2765 Wette,
1152 2690 1314 2767 Schwarz,
1336 2693 1456 2771 Lange,
1474 2691 1585 2764 Bleek,
1600 2691 1708 2752 116116-

379 2804 478 2865 mayr,
496 2789 602 2859 llaier,
622 2788 750 2858 Potrici,
767 2788 960 2868 Hilgenfeld,
983 2790 1063 2850 11611.
1086 2791 1178 2851 111666
1197 2790 1278 2851 6666
1298 2790 1438 2870 (practer
1455 2789 1624 2853 catholicos
1645 2791 1709 2851 lere

377 2884 501 2965 omnes)
517 2888 654 2965 Burgon,
670 2887 809 2960 Salmon,
826 2887 1002 2948 Scrivener.

418 2984 552 3044 Exactis
571 2985 703 3046 66661111
724 2986 888 3046 tridentini
910 2986 1015 3047 elucet
1036 2988 1144 3047 Patres
1164 2987 1298 3048 Concilii
1316 3005 1390 3049 cum
1402 2989 1598 3050 declararent
1613 2987 1709 3048 libros

377 3100 481 3143 sacros
496 3101 569 3143 cum
584 3084 735 3144 omnibus
750 3084 814 3146 suis
828 3084 973 3163 partibus
988 3102 1057 3145 esse
1070 3103 1128 3164 pro
1143 3085 1240 3147 sacris
1254 3091 1287 3147 61
1302 3087 1463 3148 canonicis
1477 3086 1707 3166 suscipiendos

378 3181 513 3242 voluisse
533 3182 616 3242 inter
634 3184 696 3242 alia
714 3184 811 3243 etiarn
830 3183 910 3244 hanc
927 3189 1052 3262 partem
1073 3185 1316 3258 16,9-601666;
1338 3186 1378 3246 61.
1402 3183 1541 3261 Theium,
1559 3188 1633 3246 Acta
1651 3202 1706 3264 ge-

378 3280 476 3340 nuina
488 3282 580 3342 6666.
599 3280 673 3341 trid.
689 3283 743 3361 lp.
760 3285 793 3342 'll
813 3299 879 3360 seq.
898 3300 935 3343 ex
955 3282 1072 3360 quibus
1086 3287 1174 3363 patet
1193 3282 1395 3345 cardinalem
1413 3284 1622 3345 tridentinum
1638 3298 1706 3343 me·

378 3378 437 3438 rito
452 3379 583 3448 dixisse,
602 3378 764 3441 decretum
781 3405 795 3435 «
813 3399 849 3441 ea
865 3381 1042 3443 intentione
1059 3381 1176 3442 lactum
1193 3399 1263 3443 esse
1279 3383 1441 3454 existimo,
1457 3400 1496 3443 ne
1512 3382 1551 3442 66
1567 3382 1705 3462 particu-

378 3475 416 3535 lis
441 3477 502 3537 illis
525 3477 633 3555 (Marci
656 3497 725 3558 cap.
751 3479 809 3541 ult.
829 3482 932 3541 Lucae
952 3498 1021 3559 cap.
1043 3483 1098 3554 66,
1121 3481 1244 3542 1666616
1263 3499 1333 3559 cap.
1356 3480 1387 3562 8)
1408 3481 1546 3561 amplius
1566 3480 1704 3542 dubitari

376 3576 475 3652 possit
492 3601 518 3634 ».
533 3577 575 3637 Do
593 3595 657 3654 qua
672 3595 705 3638 re
720 3577 792 3639 vide
812 3578 971 3639 Stimmen
981 3597 1043 3640 aus
1057 3579 1269 3641 Maria-Laach
1285 3586 1362 3642 tom.
1375 3583 1411 3641 61
1427 3599 1458 3660 p.
1475 3581 1514 3642 86
1529 3586 1561 3641 61
1573 3585 1649 3640 torn.
1667 3582 1704 3641 63

376 3691 407 3750 p.
423 3676 480 3736 306
496 3693 562 3752 seq.
578 3676 713 3737 Proinde
730 3678 789 3737 6161
809 3695 871 3738 666
886 3677 1081 3739 declaratum
1101 3683 1149 3738 est
1165 3695 1236 3739 earn
1253 3685 1377 3759 partem
1398 3697 1499 3741 ossea
1515 3680 1615 3739 llarco
1630 3696 1704 3738 con·

376 3773 540 3850 scriptam,
556 3779 663 3835 tamen
687 3777 762 3837 satis
787 3775 953 3838 delinitum
978 3781 1028 3838 est
1051 3794 1122 3837 eam
1147 3794 1216 3839 esse
1238 3795 1360 3840 sacram
1381 3783 1413 3839 61
1433 3778 1616 3840 canonicam
1637 3777 1656 3836 1.
1674 3794 1702 3838 6.

377 3869 571 3948 inspiratam.
