3960 5654
1034 417 1125 463 nanc.
1150 399 1200 470 t0,
1223 399 1327 460 23-23.
1790 402 1847 461 271

519 576 613 623 scens
631 559 664 621 et
681 548 885 618 desiderium
904 549 1119 639 perfectionis
1136 547 1182 615 ad
1206 570 1311 639 quam
1330 571 1365 615 se
1384 549 1520 616 incitari
1536 551 1640 616 sensit
1658 551 1846 628 abiecerat;

518 662 596 728 inde
610 665 699 727 lesus
710 659 919 725 occasionem
935 657 1027 745 capit
1039 656 1192 745 graviter
1207 654 1372 723 monendi
1386 656 1506 722 eodem
1519 677 1635 722 amore
1650 655 1847 723 divitiarum

518 767 641 835 multos
655 764 692 830 in
706 764 897 854 periculum
918 762 1041 830 adduci
1062 760 1259 852 perdendae
1278 760 1407 828 salutis.
1429 762 1523 828 Sicut
1539 761 1631 827 enim
1650 761 1709 828 ille
1731 784 1752 829 a
1770 785 1848 852 per-

517 873 662 942 lectione
681 870 853 962 sequenda
871 870 1123 946 retrahebatur,
1141 869 1189 935 ita
1212 868 1269 935 alii
1293 866 1506 935 abundantia
1525 889 1629 958 opum
1655 868 1759 934 variis
1783 871 1847 936 im·

516 978 688 1070 plicantur
709 978 816 1055 vitiis;
842 975 932 1042 uude
954 1000 987 1041 v.
1014 982 1056 1042 23
1082 985 1114 1040 et
1136 973 1412 1064 circumspiciens
1436 976 1544 1056 lesus,
1568 974 1753 1064 discipulos
1772 976 1845 1043 scil.

517 1085 610 1152 circa
624 1106 659 1152 se
671 1085 851 1176 aspiciens,
868 1088 906 1149 ut
920 1083 1073 1172 aspicere
1092 1081 1176 1148 solet
1195 1082 1255 1170 qui
1272 1080 1348 1147 aliis
1364 1103 1437 1148 rem
1452 1082 1576 1148 seriam
1593 1082 1847 1150 communicare

517 1191 591 1259 vult
610 1213 732 1282 eosque
757 1187 930 1257 attendere
954 1188 1066 1270 iubet,
1095 1187 1146 1254 ait
1168 1186 1345 1278 discipulis
1370 1189 1438 1254 suz's
1461 1210 1472 1253 :
1494 1210 1598 1276 quam
1620 1187 1763 1277 difficile
1788 1189 1851 1278 qui

514 1298 677 1386 pecunius
695 1296 820 1365 uacent
844 1295 881 1363 iu
899 1317 1042 1386 requam
1064 1295 1129 1361 Dei
1150 1293 1357 1361 introibunt!
1380 1295 1540 1384 plurimis
1561 1317 1617 1361 eos
1635 1295 1797 1384 periculis
1815 1301 1848 1362 et

516 1403 768 1497 impedimentis
789 1402 943 1470 distineri
966 1403 1041 1491 ipsa
1063 1401 1309 1468 exclamatione
1330 1423 1436 1490 quam
1455 1406 1518 1467 etc.
1546 1400 1733 1479 indicatur;
1754 1406 1849 1469 notat

516 1513 621 1580 uuit.
644 1532 714 1578 esse
732 1514 797 1583 πῶς
814 1500 1030 1591 βεὸαιωτικόν,
1050 1507 1343 1589 confirmativum,
1371 1514 1404 1574 et
1428 1507 1509 1598 poni
1532 1530 1595 1596 pro
1614 1505 1735 1582 ἀληθῶς
1753 1530 1844 1577 vere.

516 1617 655 1686 Divitiae
672 1616 762 1684 enim
781 1622 815 1683 et
833 1615 993 1683 facillime
1012 1616 1168 1681 animum
1187 1618 1327 1703 captant
1345 1613 1483 1680 blandis
1501 1615 1734 1705 voluptatibus
1752 1608 1790 1682 et'
1803 1616 1846 1683 ad

515 1722 727 1814 superbiam,
741 1722 935 1802 avaritiam,
953 1725 1187 1810 contemptum
1202 1720 1261 1786 Dei
1271 1725 1305 1786 et
1319 1720 1500 1787 hominum
1517 1722 1721 1811 propellunt.
1739 1725 1847 1798 Quare

515 1829 664 1920 sapiens,
686 1831 805 1897 beatus
823 1829 933 1910 dives,
954 1829 1082 1918 inquit,
1102 1829 1163 1916 qui
1182 1827 1340 1894 inventus
1362 1829 1505 1894 estsine
1528 1828 1677 1910 macula;
1699 1831 1775 1917 quis
1798 1835 1846 1896 est

516 1937 572 2004 hic
586 1942 619 2004 et
630 1935 847 2003 laudabimus
856 1936 957 2002 eum?
968 1934 1049 2001 tecit
1060 1933 1153 2001 enim
1168 1933 1342 2000 mirabilia
1352 1934 1387 1999 in
1402 1935 1470 2000 vita
1480 1957 1542 2001 sua
1555 1933 1671 2022 (Eccli.
1687 1940 1778 2018 31,8.
1796 1936 1843 2025 9);

516 2043 580 2111 hac
594 2044 669 2133 ipsa
682 2042 782 2109 laude
798 2048 831 2108 et
842 2040 1069 2108 admiratione
1084 2040 1165 2107 satis
1176 2039 1276 2107 docet
1290 2062 1395 2129 quam
1410 2062 1488 2107 raro
1509 2040 1675 2109 eiusmodi
1696 2043 1845 2133 reperia-

517 2156 585 2217 tur.
606 2147 700 2217 Unde
718 2148 809 2215 idem
829 2147 981 2217 insinuat
1003 2145 1097 2236 quod
1117 2147 1268 2213 Christus
1285 2147 1480 2236 profitetur.

559 2255 719 2346 Discipuli
733 2260 847 2322 autem
866 2256 902 2320 in
919 2275 1068 2343 quorum
1082 2253 1207 2319 animis
1223 2255 1429 2342 exspectatio
1446 2253 1546 2340 regni
1564 2254 1723 2321 messiani
1737 2254 1846 2341 gloria

515 2370 550 2431 et
566 2363 689 2453 opibus
705 2362 848 2449 insignis
865 2361 934 2428 alte
951 2365 1024 2427 erat
1043 2360 1148 2426 intixa
1167 2364 1201 2425 et
1219 2360 1280 2448 qui
1297 2361 1438 2449 insuper
1454 2382 1494 2426 ex
1514 2380 1635 2427 norma
1654 2362 1778 2428 veteris
1799 2366 1845 2429 te·

514 2468 673 2538 stamenti
685 2468 776 2536 bona
788 2467 992 2558 temporalia
1008 2472 1188 2555 tamquam
1203 2466 1339 2532 virtutis
1359 2466 1553 2555 praemium
1568 2467 1738 2556 suspicere
1757 2468 1844 2535 sole-

514 2576 598 2643 bant
610 2597 641 2641 v.
651 2581 694 2644 21⁸
704 2573 1022 2665 obstupescebantin
1034 2571 1142 2639 verbis
1152 2572 1225 2639 eius
1235 2563 1431 2660 scaptium,
1444 2572 1504 2638 diu
1514 2572 1728 2663 multumque
1741 2575 1844 2641 mira-

391 2700 394 2706 ·
517 2683 642 2750 bantur
653 2681 697 2748 de
710 2681 770 2748 tali
784 2680 937 2748 doctrina
951 2679 1044 2768 quod
1060 2679 1134 2746 scil.
1147 2679 1206 2767 qui
1222 2679 1401 2745 hominum
1411 2679 1579 2746 sententia
1590 2686 1642 2746 ter
1655 2686 1845 2770 quaterque

516 2790 607 2856 beati
628 2786 881 2878 praedicantur,
903 2786 939 2852 in
956 2806 1104 2873 regnum
1119 2785 1178 2851 Dei
1193 2806 1263 2851 non
1283 2786 1352 2851 sint
1370 2786 1530 2852 intraturi
1549 2786 1614 2851 nisi
1628 2785 1842 2855 difficillime.

514 2901 604 2974 Quae
618 2916 671 2962 res
687 2915 765 2961 cum
779 2894 820 2960 iis
834 2892 989 2960 videatur
1002 2891 1215 2959 incredibilis
1229 2891 1315 2958 adeo
1329 2898 1368 2958 ut
1377 2893 1479 2980 ¹quasi
1499 2892 1631 2959 attoniti
1649 2893 1843 2976 haererent,

514 3007 604 3071 lesus
618 3001 741 3068 iterato
755 3000 920 3080 affirmat,
933 2999 1040 3068 immo
1054 3019 1249 3066 sermonem
1267 3005 1388 3085 auget,
1408 3001 1456 3064 uti
1472 2999 1546 3066 fieri
1561 2999 1661 3081 solet,
1681 3001 1708 3066 si
1727 3001 1782 3068 cui
1792 3022 1845 3069 res

513 3109 615 3199 plane
634 3107 721 3174 mira
734 3106 932 3196 persuaderi
945 3106 1064 3187 debet;
1081 3118 1119 3172 at
1133 3107 1225 3172 lesus
1235 3128 1352 3171 rursus
1363 3105 1567 3195 respondens
1583 3105 1634 3172 uit
1643 3105 1710 3172 illis
1721 3129 1732 3173 .·
1743 3107 1847 3196 filioli

513 3214 607 3303 (vide
617 3214 695 3282 lect.
708 3213 809 3302 var),
824 3212 949 3280 blande
963 3234 1020 3279 eos
1034 3212 1214 3301 alloquens
1223 3220 1258 3278 et
1269 3212 1329 3279 tali
1339 3212 1466 3278 amoris
1480 3212 1728 3299 significatione
1743 3215 1844 3281 simul

513 3319 690 3390 declarans
709 3342 743 3387 se
764 3319 858 3386 nullo
880 3316 980 3384 modo
1006 3340 1063 3385 eos
1084 3318 1243 3408 decipere
1265 3340 1328 3384 nec
1347 3340 1433 3385 vane
1462 3326 1496 3385 et
1517 3319 1683 3387 inutiliter
1698 3326 1841 3402 terrere,

513 3449 632 3496 verum
646 3425 838 3495 doctrinam
847 3425 987 3492 maximi
1002 3426 1167 3491 momenti
1176 3424 1222 3492 ad
1237 3446 1357 3492 eorum
1373 3426 1504 3492 bonnm
1518 3448 1727 3517 proponere,
1740 3450 1844 3517 quam

513 3534 653 3624 difficile
672 3545 721 3600 est
736 3531 940 3622 confidentes
954 3530 992 3598 iu
1002 3531 1157 3620 pecuniis
1175 3533 1217 3619 (si
1230 3532 1343 3618 glossa
1359 3540 1424 3616 est,
1439 3539 1519 3622 apte
1531 3539 1565 3600 et
1578 3540 1770 3624 opportune
1787 3534 1845 3602 ad·

513 3641 674 3720 debatur3
692 3662 802 3730 neque
819 3639 909 3705 enim
929 3661 1011 3728 opes
1021 3639 1170 3719 incusat,
1189 3639 1247 3704 sed
1267 3660 1326 3705 eos
1340 3640 1401 3728 qui
1414 3639 1658 3707 ultramodum
1673 3641 1714 3707 iis
1728 3642 1844 3710 inhae-

516 3755 601 3827 rent,
617 3754 655 3814 ut
670 3747 751 3814 Vict.
765 3747 823 3831 ait)
833 3747 870 3812 in
884 3767 1027 3834 reqnum
1039 3745 1102 3812 Dei
1109 3745 1269 3811 introire!
1284 3745 1412 3812 dantur
1426 3746 1555 3836 quippe
1567 3745 1717 3828 divitiae,
1733 3749 1845 3815 utsint

513 3853 723 3921 adminicula
735 3852 779 3920 ad
794 3874 940 3939 regnum
956 3852 1129 3919 coelorum
1139 3874 1147 3932 ;
1158 3851 1531 3921 sedaitectushominis
1546 3853 1658 3921 minus
1669 3854 1844 3922 ordinatus

513 3960 557 4028 ad
576 3959 712 4028 divitias
721 3961 781 4049 qui
793 3958 892 4026 valde
901 3959 1061 4048 frequens
1075 3964 1125 4025 est
1140 3958 1317 4025 difficilem
1330 3958 1443 4025 reddit
1458 3958 1588 4026 aditum
1601 3959 1716 4027 divitis
1729 3960 1774 4028 ad
1789 3984 1843 4028 re-

514 4088 622 4155 gnum
631 4067 800 4134 coelorum
816 4066 933 4154 (Cui).
946 4071 1056 4145 Quare
1069 4066 1203 4156 sapiens
1216 4065 1388 4155 sapienter
1400 4072 1518 4152 rogat:
1542 4067 1796 4136 mendicitatem
1811 4079 1844 4136 et

514 4173 648 4241 divitias
666 4195 710 4240 ne
728 4172 864 4240 dederis
883 4172 984 4254 mihi;
1007 4173 1121 4239 tribue
1141 4178 1276 4240 tantum
1295 4173 1399 4238 victui
1417 4195 1493 4240 meo
1515 4175 1704 4241 necessaria
1732 4178 1840 4261 (Prcv.

514 4280 619 4370 30,8).
638 4283 743 4347 lmmo
759 4301 789 4345 v.
807 4285 849 4347 25
862 4279 1002 4367 [acilius
1012 4280 1236 4345 estcamelum
1243 4300 1309 4368 per
1319 4279 1476 4366 foramen
1490 4302 1571 4347 acus
1586 4282 1728 4348 tranare
1738 4305 1842 4373 quam

513 4387 651 4455 diuitem
671 4386 798 4454 intrare
817 4385 853 4452 in
872 4408 1014 4476 reperim
1035 4387 1099 4451 Dei
1101 4408 1115 4468 ‚·
1129 4386 1255 4453 locutio
1274 4393 1323 4452 est
1345 4387 1571 4476 proverbialis
1589 4386 1633 4455 ad
1652 4410 1725 4455 rem
1746 4390 1843 4458 valde

513 4494 691 4561 difficilem
710 4493 973 4580 designandum
996 4492 1074 4558 vide
1092 4492 1137 4559 ad
1157 4493 1273 4560 llatth.
1296 4499 1409 4572 laur.
1431 4494 1515 4560 uicit
1534 4494 1673 4584 quidem
1695 4495 1840 4588 Theoplr.

514 4602 681 4669 camelum
696 4599 843 4686 intelligi
857 4601 909 4666 vel
923 4601 1053 4667 animal
1063 4599 1115 4666 vel
1137 4621 1287 4667 crassum
1303 4600 1421 4666 sunem
1441 4602 1553 4690 quiin
1572 4603 1728 4670 maximis
1746 4606 1842 4672 navi·

515 4708 580 4797 giis
592 4707 810 4790 adhibeatur3
828 4729 947 4775 verum
963 4708 1028 4775 hoc
1045 4706 1205 4774 ultimum
1226 4707 1453 4775 omittendum
1471 4713 1536 4789 est,
1553 4709 1636 4798 quia
1649 4705 1784 4798 κάμηλος
1803 4734 1843 4780 ea

514 4817 653 4884 notione
664 4837 841 4904 nunqnam
852 4815 1023 4882 invenitur
1036 4814 1139 4905 idque
1150 4815 1259 4882 solum
1268 4817 1499 4902 excogitatum
1507 4814 1654 4898 videtur,
1669 4826 1708 4886 ut
1718 4819 1843 4888 locutio
