3960 5654
795 365 887 409 nnnc.
912 348 960 417 lss,
984 350 1014 407 a.
1367 425 1371 431 .
1512 346 1572 404 tat

240 496 314 581 (cur
339 499 430 564 enim
457 495 606 563 Christus
629 517 670 563 ea
696 494 740 561 de
769 520 806 564 re
829 519 894 563 non
918 498 1083 583 potuisset
1103 497 1198 587 loqui
1222 496 1435 585 apostolist),
1459 514 1574 561 verum

240 607 350 692 potius
367 600 450 668 illud
464 595 532 662 λίαν
551 595 631 691 πρωΐ
651 603 748 669 valde
768 626 869 671 mane
885 605 920 667 in
942 626 972 668 v.
991 610 1028 682 (ἐς
1051 625 1092 668 ne
1108 605 1180 670 scil.
1201 602 1357 667 videatur
1374 603 1517 667 feminas
1531 600 1574 667 ad

239 711 430 800 sepulcrum
445 711 572 776 venisse
587 708 686 775 valde
704 732 814 790 mane,
829 730 912 793 ergo
928 716 1006 775 ante
1022 710 1146 775 Christi
1159 708 1438 775 resurrectionem
1449 711 1575 797 quippe

239 816 298 905 qui
318 837 386 880 non
408 818 589 882 surrexerit
609 815 673 879 nisi
699 839 811 883 mane.
830 814 895 880 Sed
917 814 984 881 dici
1007 821 1116 904 potest
1136 837 1214 880 cum
1228 812 1362 881 Sedens
1378 812 1463 878 illud
1478 813 1575 880 valde

239 944 337 988 mune
359 923 517 1008 restringi
541 943 618 989 eum
641 921 789 988 addatur
815 935 887 986 orto
914 923 1000 1001 sote,
1026 920 1109 987 dum
1132 922 1187 987 hic
1208 943 1307 986 mene
1325 920 1459 986 dicatur
1477 919 1574 985 ahso-

238 1029 323 1106 lute;
344 1057 358 1086 α
382 1028 479 1096 valde
508 1050 659 1114 congrue
680 1029 751 1095 dies
771 1027 981 1094 aeternitatis
1003 1029 1233 1115 gloriosorum
1253 1049 1436 1115 corporum
1457 1026 1576 1114 incipit

238 1156 315 1200 cum
338 1156 477 1212 aurora;
511 1136 712 1202 resurrectio
737 1135 829 1201 enim
856 1134 980 1200 Christi
1006 1141 1056 1200 est
1083 1135 1222 1199 initium
1247 1133 1446 1199 universalis
1466 1154 1575 1198 resur-

238 1241 395 1306 rectionis
414 1245 567 1308 omnium
585 1263 787 1328 corporum,
808 1240 895 1305 sicut
911 1263 1036 1306 aurora
1055 1249 1104 1306 est
1117 1241 1254 1307 initium
1276 1239 1343 1306 diei
1366 1268 1379 1298 r
1402 1238 1521 1327 (Call.

282 1353 430 1436 Apparet
452 1350 573 1415 Mariae
596 1348 809 1434 hlagdalene,
838 1346 878 1412 de
904 1370 975 1436 qua
999 1348 1143 1413 eiecerat
1166 1361 1294 1436 septem
1314 1346 1513 1428 daemonia‚·
1530 1347 1572 1412 cl.

239 1456 315 1518 hue.
334 1463 402 1533 83.
428 1461 472 1521 [te
498 1456 561 1520 hac
581 1457 681 1520 llaria
706 1457 775 1519 iam
802 1455 930 1519 mentio
956 1455 1045 1520 lacta
1072 1460 1185 1535 15,t0.
1205 1461 1246 1521 tr
1268 1460 1411 1534 et16,l;
1433 1454 1492 1520 sed
1511 1453 1575 1518 hoc

238 1559 311 1625 loco
325 1560 359 1626 id
377 1560 528 1637 additur,
545 1582 614 1648 quo
636 1561 745 1646 magis
765 1560 877 1645 gratia
893 1561 1016 1625 Christi
1030 1560 1302 1637 commendetur,
1318 1561 1399 1648 quia
1415 1560 1474 1625 illa
1488 1581 1575 1647 quae

237 1666 316 1730 olim
344 1667 408 1731 luit
428 1666 663 1732 habitaculum
686 1666 892 1731 daemonum
909 1665 1027 1754 (idque
1052 1666 1327 1754 probabilissime
1347 1687 1412 1731 non
1428 1665 1501 1730 sine
1516 1687 1576 1730 sua

241 1772 370 1860 eulpa),
401 1795 481 1861 prae
501 1772 638 1860 reliquis
661 1773 798 1837 leminis
828 1794 916 1861 quae
940 1773 1073 1838 Christo
1094 1773 1367 1839 ministraverant
1385 1772 1504 1837 Christi
1517 1793 1575 1860 ap-

236 1879 405 1967 paritione
430 1880 618 1945 honoratur
644 1885 677 1944 et
699 1878 828 1964 gaudio
857 1877 1059 1967 completur.
1094 1886 1204 1958 Quare
1232 1880 1354 1945 merito
1382 1877 1457 1945 Att.
1489 1877 1575 1944 illud

236 1984 402 2072 applicat,
427 1992 462 2049 ut
485 1985 543 2050 uhi
565 1984 755 2050 abundavit
780 1985 943 2050 delictum
971 1986 1271 2075 superabundaret
1291 1990 1325 2052 et
1349 1985 1463 2072 gratia
1486 1986 1572 2070 (sim.

237 2092 325 2157 lens.
345 2093 427 2180 Lep.
458 2091 610 2172 Sedens,
629 2091 723 2178 Fit).
747 2096 856 2173 Quare
874 2113 1056 2181 perperam
1082 2093 1201 2157 asserit
1225 2091 1347 2170 Weiss,
1368 2092 1502 2157 llariam
1520 2091 1576 2156 hic

237 2196 351 2264 induci
369 2204 542 2286 tamquam
564 2199 790 2285 incognitam,
813 2199 970 2286 quamvis
995 2220 1035 2263 ex
1057 2205 1159 2277 15,t0
1179 2205 1241 2264 etc.
1267 2197 1470 2264 iamdudum
1495 2203 1575 2263 nota

235 2306 293 2385 sit,
318 2304 461 2393 ideoque
480 2304 610 2371 ostendi
641 2306 729 2371 hanc
758 2311 891 2395 partem
917 2305 961 2371 ab
982 2305 1051 2371 alio
1073 2313 1222 2372 assutam
1243 2327 1313 2371 esse
1333 2306 1495 2394 spuriam.
1516 2303 1575 2370 llla

236 2413 343 2488 enim,
362 2413 411 2476 uti
428 2419 554 2477 veteres
570 2413 637 2477 iam
654 2412 740 2477 bene
760 2418 1022 2502 perspexerunt,
1042 2434 1111 2477 non
1133 2412 1321 2492 adduntur,
1340 2419 1376 2477 ut
1391 2434 1479 2500 quae
1496 2433 1574 2477 mu-

236 2518 298 2583 lier
309 2519 352 2583 sit
371 2517 515 2599 dicatur,
534 2517 593 2584 sed
615 2526 650 2583 ut
665 2518 827 2584 efferatur
846 2517 945 2606 quali
962 2540 1024 2605 pro
1044 2540 1106 2583 sua
1120 2518 1334 2604 benignitate
1347 2526 1382 2584 et
1395 2518 1575 2585 clementia

237 2628 325 2689 lesus
346 2646 422 2689 eum
449 2625 609 2690 honorem
637 2632 670 2689 et
693 2626 877 2691 maximam
900 2624 1164 2690 consolationem
1191 2625 1315 2690 afferre
1339 2624 1499 2711 dignatus
1518 2625 1571 2690 sit.

237 2735 274 2796 Et
288 2752 349 2796 eur
368 2730 493 2796 mulier
508 2732 671 2816 seligatur
685 2729 729 2795 ad
745 2732 896 2819 primum
914 2731 1073 2796 nuntium
1093 2731 1356 2821 perferendum,
1374 2731 1462 2797 hanc
1478 2731 1576 2797 affert

237 2838 400 2902 rationem
420 2839 456 2904 S.
476 2837 672 2903 Ambrosius
698 2837 745 2923 (et
770 2860 809 2902 ex
833 2859 871 2903 eo
893 2837 997 2924 Beda)
1022 2859 1030 2904 ε
1059 2865 1075 2899 «
1098 2838 1187 2905 sieut
1208 2838 1242 2903 in
1266 2839 1432 2927 principio
1453 2837 1575 2903 mulier

235 2951 354 3008 auctor
368 2943 489 3031 culpae
511 2944 591 3016 luit,
614 2945 666 3007 vir
686 2952 861 3009 exsecutor
880 2945 1021 3013 erroris,
1044 2946 1091 3010 ita
1112 2966 1204 3010 nunc
1223 2967 1311 3034 quae
1339 2951 1480 3009 mortem
1502 2945 1574 3009 viro

235 3050 330 3138 prior
347 3056 558 3135 gustaverat,
577 3051 861 3115 resurrectionem
878 3052 971 3138 prior
985 3049 1081 3121 vidit.
1103 3051 1225 3139 culpae
1237 3051 1358 3116 ordine
1373 3058 1406 3116 et
1421 3050 1572 3116 remedio

236 3156 344 3244 prior;
367 3179 454 3244 quae
474 3157 609 3244 culpam
624 3157 696 3220 viro
712 3155 957 3236 transfuderat,
976 3156 1159 3221 transfudit
1174 3163 1207 3222 et
1221 3159 1370 3243 gratiam
1387 3159 1573 3245 veterisque

235 3263 347 3351 lapsus
367 3269 563 3352 compensat
581 3283 781 3328 aerumnam
810 3264 1067 3328 resurrectionis
1091 3263 1220 3329 indicio
1243 3294 1256 3321 υ
1286 3264 1333 3352 (in
1353 3269 1428 3330 huc.
1452 3263 1512 3329 lib.
1534 3271 1572 3330 10

235 3391 268 3433 n.
291 3374 369 3445 raa
391 3371 437 3435 tt.
462 3368 633 3455 tareth.

275 3592 354 3652 lllud
378 3593 478 3671 prinio
498 3592 561 3650 iam
580 3590 752 3672 Itupertus,
769 3591 864 3651 ahbas
881 3593 1055 3663 tuitiensis,
1080 3593 1124 3653 ita
1143 3594 1296 3672 explicat,
1320 3601 1356 3654 ut
1374 3595 1459 3655 inter
1476 3601 1572 3655 testes

234 3691 290 3766 qui
315 3691 428 3750 Christi
458 3690 720 3749 resurrectionem
749 3690 895 3750 nuntiare
924 3691 1092 3751 debuerint
1117 3692 1222 3769 primo
1250 3694 1434 3771 apparuerit
1457 3695 1572 3753 Mariae

238 3788 417 3865 llagdalene
437 3787 488 3865 (de
507 3787 621 3846 divinis
641 3787 752 3847 othciis
772 3790 861 3857 7253
883 3786 924 3847 ll.
946 3791 1088 3868 trusos)
1109 3790 1309 3868 eandemque
1329 3791 1571 3869 explicationem

233 3885 287 3944 alii
304 3902 428 3961 quoque
447 3885 694 3962 amplectuntur,
715 3887 761 3944 uti
775 3883 936 3946 Sutnteron
957 3893 1045 3946 tract.
1066 3890 1116 3955 ll,
1136 3887 1221 3947 luris.
1239 3887 1335 3949 trata.
1352 3896 1383 3949 et
1396 3891 1571 3967 generatim

236 3984 277 4042 ita
292 3983 440 4059 explicari
460 4000 567 4059 posse,
586 3991 618 4043 ut
634 3984 738 4061 prima
755 3982 870 4043 viderit
890 3985 1062 4045 Dominum
1082 3984 1163 4045 inter
1180 4005 1235 4045 eos
1251 3987 1289 4046 de
1305 3988 1421 4064 quihus
1437 4006 1570 4066 exange-

235 4080 293 4139 tica
311 4080 446 4138 narratio
465 4081 662 4139 mentionem
685 4081 771 4145 lacit.
790 4100 808 4140 a
827 4081 923 4140 modo
940 4087 972 4141 et
986 4101 1076 4142 more
1093 4083 1244 4160 loquendi
1262 4085 1428 4144 hominum
1448 4094 1572 4146 nonest

234 4179 374 4237 alienum
390 4185 419 4237 et
436 4178 613 4236 concedunt
629 4185 785 4256 quotquot
800 4180 940 4240 sentiunt
956 4181 1128 4241 Dominum
1145 4182 1248 4258 primo
1264 4200 1338 4259 prae
1354 4184 1502 4242 «erunibus
1515 4202 1570 4261 ap-

235 4276 376 4353 paruisse
398 4276 598 4334 beatissimae
621 4277 712 4335 matri
733 4295 818 4337 suae.
843 4279 883 4337 De
904 4295 967 4354 qua
985 4280 1141 4338 sententia
1164 4278 1258 4338 liceat
1277 4280 1328 4340 hic
1345 4282 1572 4357 perabundan-

236 4375 312 4432 tiam
331 4374 436 4449 aliqua
461 4373 587 4432 addere.
610 4377 683 4432 llam
706 4375 767 4433 iam
784 4377 928 4435 enuntiat
948 4373 1143 4444 Sedutiusin
1166 4378 1305 4437 carmine
1323 4379 1462 4456 paschali
1476 4379 1530 4439 lib.
1552 4385 1569 4440 ὅ

237 4492 264 4529 x.
279 4475 339 4531 auo
353 4489 438 4548 seq:
458 4498 471 4523 «
489 4471 575 4542 Quae
592 4471 714 4548 (llaria)
726 4489 798 4532 cum
812 4474 951 4534 clarifico
967 4491 1095 4551 semper
1111 4476 1150 4532 sit
1166 4476 1294 4535 nomine
1313 4483 1424 4544 mater,
1442 4478 1572 4555 Semper

236 4572 324 4646 virgo
342 4576 461 4638 manet,
484 4570 578 4628 huius
596 4588 628 4627 se
646 4570 765 4628 visibus
780 4577 885 4630 astans
902 4574 983 4632 Luce
1000 4573 1103 4649 palam
1127 4575 1282 4633 Dominus
1298 4576 1385 4651 prius
1406 4577 1520 4636 obtulit
1537 4584 1571 4636 ut

236 4671 317 4728 hona
333 4674 431 4727 mater
443 4667 575 4727 Grandia
585 4668 751 4744 divulgans
769 4670 920 4729 miracula
936 4687 1016 4746 <quae
1033 4670 1092 4730 luit
1107 4672 1184 4730 olim
1203 4673 1408 4732 ¹ldxcnieutis
1421 4676 1480 4734 iter
1496 4674 1571 4734 haec

236 4768 276 4825 sit
287 4766 449 4827 redeuntis
461 4772 494 4825 et
509 4765 601 4824 index
619 4791 632 4818 »
646 4764 699 4841 (M.
717 4767 848 4842 tentat
861 4768 1059 4845 eandemque
1071 4771 1181 4829 statuit
1193 4768 1382 4846 Ettduxerus,
1396 4771 1571 4850 discipulus
