3960 5654
148 459 151 464 !
226 501 287 561 408
760 517 851 562 uine.
876 500 924 566 rs,
948 500 1030 559 8-12.

221 649 379 738 pluribus
396 647 526 713 omissis
543 650 850 718 breviternarrare.
867 647 987 714 hclmit
1001 659 1126 726 tamen,
1148 653 1184 711 ut
1200 644 1346 731 intelligi
1363 647 1557 732 posseteius

223 753 376 842 quaestio
397 751 439 818 de
459 758 529 822 lesu
550 756 753 824 dimittendo
772 763 805 822 et
821 754 1003 842 postulatio
1024 752 1143 840 plebis,
1167 751 1447 818 consuetudinem
1465 750 1559 816 illam

223 879 503 928 commemorare.
527 868 684 930 Ceterum
703 887 763 930 cur
784 882 849 926 non
869 862 972 926 etiam
993 859 1119 926 Pilatus
1138 858 1251 923 dicere
1271 858 1446 944 potuisset,
1471 863 1560 944 post-

223 985 327 1053 quam
354 969 500 1056 populus
527 992 650 1054 rogare
677 971 817 1056 coepit:
846 990 923 1032 cum
951 969 1065 1052 itaque
1085 966 1180 1030 vohis
1206 965 1248 1028 sit
1267 963 1493 1037 consuetude,
1523 969 1561 1028 ut

223 1090 331 1136 unum
351 1074 521 1140 dimittam
538 1079 626 1140 etc?
642 1077 741 1140 l’roin
756 1075 926 1139 immerito
942 1079 1087 1138 ltarcum
1103 1071 1178 1136 aliis
1193 1071 1424 1137 contradicere
1438 1071 1559 1136 asseri-

223 1181 290 1242 tur.
312 1183 356 1245 Ea
368 1181 476 1267 igitur
496 1183 752 1268 opportunitate
769 1179 874 1245 utitur
890 1181 1013 1246 Pilatus
1029 1200 1057 1240 v.
1077 1184 1095 1242 9
1114 1180 1244 1245 Pilatus
1258 1191 1372 1242 autem
1388 1165 1563 1264 respondit

223 1284 268 1349 eis
281 1298 313 1351 et
327 1286 415 1352 dicit
429 1308 440 1351 .·
455 1286 569 1363 vetitis,
587 1285 758 1350 dimittam
775 1286 865 1353 uobis
876 1307 987 1373 repeat
1004 1286 1021 1348 t
1022 1283 1207 1350 attacorum
1215 1289 1233 1349 ἵ)
1246 1290 1336 1349 certe
1351 1307 1417 1350 non
1434 1282 1560 1348 ironice

223 1390 306 1457 dicit
325 1414 442 1477 regem
461 1392 683 1470 ludaeorum,
700 1392 757 1457 sed
777 1414 854 1458 eum
873 1393 934 1480 qui
950 1399 1124 1477 tamquam
1140 1392 1217 1457 talis
1232 1390 1322 1478 apud
1340 1392 1450 1478 ipsum
1464 1412 1562 1456 accu-

221 1504 314 1564 satus
333 1499 391 1575 sit;
416 1520 532 1564 sensus
553 1501 669 1587 itaque
691 1498 895 1587 quaestionis
909 1503 960 1563 est
977 1498 1066 1562 idem
1083 1500 1142 1584 qui
1166 1498 1274 1564 fertur
1288 1498 1401 1585 ltatth.
1419 1504 1522 1578 2ῌῖ
1547 1519 1554 1562 :

147 1631 151 1641 ·
222 1603 392 1670 dimittam
415 1609 522 1670 lesum
543 1607 603 1694 qui
625 1606 751 1671 dieitur
766 1607 935 1671 Christus?
955 1606 1084 1669 ttessias
1103 1606 1195 1669 enim
1223 1613 1259 1670 ut
1278 1626 1334 1669 rex
1357 1603 1558 1668 ludaeorum

222 1712 491 1800 exspectabatur.
523 1717 563 1777 Et
584 1735 645 1778 cur
664 1717 772 1777 lesum
793 1710 956 1798 apopulo
979 1713 1046 1799 peti
1068 1711 1164 1789 velit,
1189 1711 1277 1776 ratio
1298 1711 1438 1776 atl'ertur
1459 1733 1490 1774 v.
1518 1716 1558 1774 10

222 1815 347 1883 sciebat
358 1818 450 1884 enim
463 1817 557 1907 quod
564 1841 627 1906 per
636 1817 802 1883 invidiam
813 1816 1029 1883 tradidissent
1040 1839 1116 1882 eum
1127 1818 1471 1898 sitinntisacerdotes;
1480 1838 1560 1881 eum

222 1925 331 1990 latere
342 1946 409 1989 non
420 1924 666 2014 potuitquanta
680 1926 880 1990 auctoritate
891 1947 1039 2011 eousque
1055 1929 1142 1989 lesus
1152 1923 1245 2012 apud
1257 1924 1421 2011 populum
1435 1923 1560 1988 valuis-

222 2035 291 2110 set3
314 2030 394 2096 dein
414 2054 453 2097 ex
473 2031 547 2119 ipso
570 2033 714 2096 erimine
741 2035 810 2095 lesu
831 2031 963 2096 obiecto
984 2031 1076 2118 quod
1099 2031 1221 2096 salsum
1241 2052 1311 2095 esse
1332 2029 1561 2118 deprehendit

223 2135 272 2225 (et
287 2136 314 2202 si
328 2159 447 2202 verum
463 2138 590 2216 suisset,
607 2140 701 2203 novit
714 2138 921 2224 synedristas
940 2137 1145 2202 nullomodo
1164 2159 1242 2202 eum
1256 2138 1355 2202 luisse
1371 2134 1560 2221 delaturos)

223 2241 386 2328 colligere
400 2243 520 2309 debuit
536 2251 666 2309 actores
679 2253 712 2309 et
728 2252 941 2310 accusatores
958 2244 1103 2331 propelli
1121 2243 1252 2308 invidia
1267 2248 1300 2308 et
1314 2242 1391 2308 odio
1406 2245 1439 2306 in
1466 2265 1557 2322 eum,

223 2349 283 2436 qui
296 2350 384 2414 tanti
399 2372 420 2415 a
435 2349 563 2438 populo
579 2352 815 2416 aestimaretur
828 2357 861 2416 et
876 2352 934 2437 qui
951 2352 983 2414 in
999 2353 1068 2414 suis
1085 2349 1406 2438 reprehensionibus
1419 2349 1559 2415 minime

223 2457 429 2544 pepercisset
448 2456 665 2544 primatibus.
688 2462 771 2522 Nam
792 2458 1027 2542 magistratum
1050 2477 1230 2521 romanum
1251 2478 1320 2521 uon
1340 2457 1442 2544 plane
1464 2457 1560 2542 igno-

223 2583 313 2629 rasse
329 2563 498 2651 quaedam
514 2586 603 2651 quae
623 2564 665 2629 ad
683 2569 789 2629 lesum
804 2572 1010 2651 spectarent,
1026 2564 1172 2651 supponi
1190 2569 1296 2650 potest
1310 2585 1370 2651 pro
1383 2562 1558 2628 ordinaria

223 2690 305 2735 cura
325 2675 359 2735 et
373 2671 555 2755 vigilantia
569 2693 639 2758 qua
654 2671 782 2737 incolae
799 2671 955 2736 difficiles
971 2679 1003 2735 et
1020 2669 1157 2749 morosi,
1175 2672 1292 2757 quales
1312 2669 1425 2735 ludaei
1442 2678 1557 2744 erant,

223 2774 398 2842 observari
412 2777 531 2843 solent.
556 2783 731 2844 Praeterea
750 2800 789 2843 er
812 2785 963 2866 ternpore
987 2777 1088 2841 tudae
1111 2776 1248 2861 galilaei
1268 2776 1446 2842 exsistebat
1468 2783 1560 2842 secta

223 2881 416 2962 hominum,
432 2885 502 2970 qui,
522 2890 559 2948 ut
575 2885 733 2971 Iosephus
750 2885 814 2961 ait,
834 2884 1026 2948 libertatem
1045 2883 1091 2948 sic
1107 2890 1223 2948 amant
1240 2890 1275 2948 ut
1293 2905 1367 2948 eam
1385 2883 1558 2948 mordicus

224 2994 385 3053 tueantur
403 2996 437 3054 et
451 2991 510 3077 qui
533 2992 644 3054 varias
661 2999 784 3055 mortes
798 2992 911 3055 subire
927 2997 1221 3077 cognatorumque
1236 2990 1404 3077 supplicia
1422 2998 1455 3054 et
1472 2991 1559 3054 ami-

222 3116 340 3160 corum
351 3095 450 3160 nihili
462 3097 602 3172 iaciunt,
614 3096 798 3161 dummodo
813 3097 987 3161 hominum
1003 3098 1173 3160 nerninem
1186 3095 1364 3161 dominum
1378 3096 1558 3184 appellent

225 3200 352 3290 (antiq.
372 3207 521 3282 18‚1.u;
541 3201 621 3267 Bell.
647 3202 716 3267 iud.
736 3207 805 3277 ’2,8.
827 3207 867 3286 tl.
888 3203 1157 3268 Nomiuahantur
1179 3203 1213 3266 hi
1236 3203 1373 3267 zelatae.
1395 3207 1478 3268 Cum
1495 3203 1559 3267 ita·

224 3329 291 3395 que
303 3308 457 3374 adessent
470 3310 529 3397 qui
546 3310 666 3393 iugum
683 3332 862 3374 romanum
874 3318 1030 3375 excutere
1048 3309 1183 3385 vellent,
1199 3309 1435 3394 magistratum
1447 3330 1559 3375 roma-

225 3434 309 3479 num
333 3416 497 3500 singulari
520 3437 657 3503 quoque
678 3438 759 3480 cura
784 3415 875 3503 plebi
901 3416 1097 3500 invigilasse
1123 3417 1242 3480 merito
1263 3414 1454 3503 putandum
1479 3415 1554 3480 erit.

225 3525 334 3598 Quare
358 3520 450 3587 haud
472 3522 701 3610 improbabile
722 3530 771 3586 est
795 3529 1047 3610 procuratorem
1066 3543 1179 3586 rerum
1202 3523 1397 3609 aliquarum
1418 3520 1461 3586 de
1484 3527 1555 3587 lesu

225 3628 382 3693 notitiam
403 3628 573 3694 hahuisse.

269 3737 359 3810 Quae
373 3736 611 3822 opportunitas
621 3735 699 3801 data
715 3737 756 3800 sit
769 3736 986 3823 pontificibus
999 3734 1164 3821 populum
1182 3735 1373 3800 concitandi
1383 3735 1427 3799 ad
1440 3742 1557 3822 peten-

160 3861 162 3865 ’
225 3838 308 3905 dum
332 3840 523 3905 Barabbam
548 3842 647 3906 etad
671 3864 805 3906 crucem
832 3865 893 3929 pro
919 3846 989 3907 lesu
1019 3841 1270 3928 postulandam,
1293 3843 1390 3908 nobis
1410 3843 1559 3908 retertur

224 3946 339 4012 llatlh.
363 3953 482 4022 eius;
506 3969 584 4011 cum
607 3947 696 4012 enim
721 3948 846 4013 l'ilatus
862 3949 1025 4035 populum
1043 3950 1286 4033 interrogasset
1305 3971 1405 4036 quem
1431 3949 1558 4015 vellent

224 4052 417 4119 Barabbam
434 4058 609 4130 eolesam,
628 4056 788 4118 nuntium
804 4057 834 4119 ci
852 4055 941 4119 misit
955 4077 1034 4119 uxor
1047 4055 1133 4130 eius;
1151 4078 1181 4118 v.
1200 4061 1234 4120 11
1252 4057 1427 4143 potuita-es
1440 4068 1558 4122 autem

225 4159 481 4224 concitauerunt
507 4159 641 4225 turbam
662 4174 699 4224 tit
719 4161 827 4246 mapis
854 4160 1043 4226 Barabbam
1061 4160 1243 4226 dimitteret
1262 4163 1324 4241 eis,
1348 4169 1454 4228 lesum
1478 4185 1559 4230 vero

223 4265 407 4354 perderent
422 4266 631 4355 postulantes
653 4274 688 4331 ut
703 4266 977 4351 crucifigeretur,
1006 4266 1293 4352 ‹preriradmodum
1313 4291 1351 4333 ex
1375 4270 1560 4335 inconditis

223 4371 429 4445 clamoribus
444 4396 475 4439 v.
496 4379 548 4439 13.
569 4381 607 4440 tt
624 4374 786 4460 sequitur.
804 4379 884 4438 Cum
903 4376 1022 4438 trabae
1039 4382 1192 4460 peterent
1207 4375 1412 4450 Barabbam,
1432 4378 1559 4443 l'ilatus

224 4483 358 4566 poterat
372 4480 505 4568 opinari
523 4482 637 4568 potius
662 4480 757 4545 illum
775 4481 939 4568 postulari
955 4481 1035 4566 quia
1053 4481 1108 4545 ille
1124 4481 1167 4545 oh
1186 4482 1409 4546 homicidium
1428 4506 1558 4571 poenae

223 4584 363 4673 capitali
378 4593 463 4651 esset
481 4586 657 4661 obnoxius
681 4587 763 4652 dum
787 4592 893 4651 lesum
915 4594 1031 4674 utpote
1054 4587 1179 4652 nullius
1198 4588 1349 4653 criminis
1364 4589 1558 4655 convictum

223 4690 376 4778 alioquin
387 4691 604 4759 liberandum
616 4716 685 4760 esso
697 4695 939 4759 existimarent.
956 4701 1062 4768 Quare
1074 4694 1254 4759 verisimile
1269 4704 1317 4759 est
1330 4718 1405 4760 eum
1421 4703 1557 4784 putasse

224 4796 358 4863 turbam
377 4820 437 4885 pro
453 4803 523 4863 lesu
539 4807 656 4864 contra
670 4801 875 4886 synedristas
892 4799 1054 4883 suffragia
1076 4801 1221 4865 laturam
1238 4825 1269 4865 v.
1289 4808 1328 4865 ta
1345 4803 1477 4867 Pilatus
1492 4824 1555 4866 aar·

224 4918 290 4970 tem
311 4902 512 4991 respondens
531 4906 580 4970 ait
595 4907 662 4971 illis·
678 4930 689 4971 .·
706 4907 792 4996 qaid
809 4930 886 4995 erpa
904 4907 1002 4971 ruitis
1016 4907 1145 4994 faeiem
1162 4908 1236 4995 rapi
1257 4908 1482 4974 ludaeorum?
1498 4932 1555 4974 ur-
