3960 5654
171 495 229 555 roo

168 646 241 715 eius
261 645 412 714 muneris
426 640 628 730 periculum.
646 647 688 712 Ut
703 661 819 711 eorrrm
838 640 1045 727 praedicatio
1063 641 1106 708 ab
1125 639 1323 709 hominibus
1335 638 1496 708 admitta-

167 759 224 821 tur
237 775 294 821 eos
307 748 446 817 instruit
459 753 624 835 potestate
639 747 854 839 amplissima
873 747 1033 836 patrandi
1052 746 1219 815 miracula
1235 747 1271 814 in
1283 747 1495 815 emolumen-

165 866 236 927 tum
252 876 370 926 eorum
386 852 430 920 ad
443 876 528 944 quos
543 855 738 923 mittuntur.
755 857 856 918 Porro
868 876 943 920 eam
953 856 1044 920 vitae
1058 854 1224 920 rationem
1237 854 1278 921 iis
1292 852 1497 944 praescribit

164 988 232 1057 qua
246 961 428 1029 ostendant
441 983 476 1028 se
491 963 536 1030 ab
556 962 650 1030 omni
667 958 829 1026 aviditate
844 982 914 1027 esse
929 981 1032 1050 quam
1046 961 1191 1027 maxime
1202 959 1331 1028 alienos
1343 967 1376 1028 et
1390 964 1494 1027 totam

100 1152 102 1157 Ι
161 1091 258 1138 suam
276 1067 443 1136 collocare
459 1069 619 1136 fiduciam
639 1067 674 1132 in
688 1064 845 1133 Deicirca
861 1089 939 1134 suos
953 1088 1035 1132 cura
1048 1076 1248 1156 paterna3v.
1265 1073 1286 1131 7
1311 1080 1344 1133 et
1363 1065 1497 1134 vocavit

162 1173 340 1243 duodecim
366 1186 399 1242 et
420 1177 531 1265 coepit
549 1196 603 1240 eos
622 1172 755 1237 mittere
778 1170 888 1255 binos,
918 1194 1045 1239 novum
1070 1171 1142 1240 scii.
1164 1171 1306 1238 modum
1326 1171 1495 1240 educandi

162 1288 198 1349 et
210 1280 392 1349 erudiendi
414 1282 584 1372 apostolos
603 1277 725 1368 incipit
749 1281 915 1357 Christus,
936 1277 1019 1345 dum
1039 1301 1096 1346 eos
1110 1279 1213 1345 mittit
1229 1277 1274 1345 ad
1292 1279 1495 1367 praedican-

162 1387 262 1471 dum,
288 1388 348 1456 alii
370 1390 541 1479 explicant
571 1388 680 1474 coepit
706 1386 836 1453 ratione
863 1385 983 1452 habita
1007 1385 1154 1452 aliarum
1178 1384 1376 1451 missionum
1408 1408 1495 1475 quae

162 1501 277 1585 postea
301 1496 411 1563 iactae
433 1497 503 1562 sint
528 1492 619 1559 hanc
647 1491 748 1559 fuisse
770 1494 933 1581 primam,
963 1490 1022 1557 alii
1041 1514 1081 1558 ea
1099 1513 1181 1558 voce
1204 1489 1351 1558 indicari
1373 1497 1496 1580 putant

33 1687 39 1697 ,
161 1601 251 1669 hane
269 1623 389 1669 eorum
424 1601 617 1667 missionem
638 1597 855 1688 postmodum
874 1619 944 1664 esse
972 1597 1237 1666 continuandam
1256 1597 1315 1688 (ci.
1329 1596 1492 1687 Scitam).

48 1747 49 1750 π
162 1708 331 1777 Christum
351 1707 434 1773 dum
452 1711 646 1774 versaretur
664 1726 743 1771 cum
763 1704 922 1794 apostolis
935 1726 993 1771 eos
1009 1705 1130 1771 iterato
1149 1704 1277 1772 misisse
1295 1705 1330 1772 in
1345 1727 1494 1792 evange-

160 1813 216 1882 liis
239 1836 307 1881 non
324 1815 487 1894 refertum
503 1812 592 1879 illud
608 1810 720 1902 coepit
737 1816 852 1877 autem
875 1809 958 1901 poni
972 1808 1104 1878 ratione
1118 1811 1287 1878 missionis
1304 1817 1381 1902 post
1398 1811 1493 1879 Chri-

159 1920 203 1989 sti
221 1919 504 1988 resurrectionem
518 1918 655 2005 longius
669 1917 805 1983 videtur
820 1916 938 2008 repeti.
959 1916 1054 1984 Unde
1072 1916 1131 1983 alii
1151 1916 1322 1984 Christum
1338 1939 1408 1984 non
1425 1938 1495 1983 om-

159 2049 220 2094 nes
246 2027 350 2094 simul
378 2025 523 2107 misisse,
550 2045 670 2090 verum
700 2023 890 2090 intervallis
914 2029 1106 2114 temporum
1130 2023 1357 2113 interpositis,
1384 2031 1418 2091 et
1437 2024 1494 2090 hie

159 2133 329 2223 explicant
357 2132 468 2199 solum
490 2130 666 2218 designari
690 2131 827 2220 quando
848 2129 1017 2219 inceperit
1035 2130 1165 2220 aliquos
1179 2130 1314 2197 mittere
1334 2130 1492 2220 (Scheqq)

157 2240 213 2307 vel
232 2241 335 2307 etiam
354 2260 472 2305 vocem
502 2236 613 2326 coepit
640 2236 828 2304 abundare.
851 2238 950 2303 Mittit
966 2243 1082 2303 autem
1101 2225 1155 2299 δύο
1172 2223 1227 2300 δύο
1245 2238 1269 2304 i.
1299 2261 1330 2305 e.
1353 2260 1393 2304 ex
1412 2243 1492 2304 noto

158 2346 352 2415 hebraismo
368 2346 447 2434 (pro
472 2338 575 2424 κατὰ,
597 2341 675 2421 ἀνὰ,
704 2337 746 2417 εἰς
770 2334 842 2431 δύο,
863 2333 968 2406 custo
988 2344 1031 2411 el.
1070 2343 1187 2432 Weiss)
1216 2343 1329 2425 binos,
1349 2343 1394 2411 ad
1420 2367 1493 2411 mu-

159 2461 253 2522 tuam
272 2453 556 2530 consolationem,
574 2451 622 2517 ait
634 2451 760 2532 Ecca,
782 2457 816 2516 et
829 2456 867 2517 ut
885 2451 1011 2517 maiore
1030 2449 1228 2517 fortitudine
1247 2456 1282 2518 et
1293 2452 1493 2519 auctoritate

158 2565 317 2649 agerent;
340 2558 459 2626 recitat
473 2580 552 2625 eum
572 2558 608 2624 in
622 2557 728 2624 finem
745 2555 820 2624 Alb.
844 2562 941 2624 Prov.
966 2563 1064 2637 1s,19
1079 2557 1185 2623 irater
1198 2558 1258 2648 qui
1276 2557 1493 2631 adiuvatura

157 2667 261 2734 fratre
279 2668 377 2757 quasi
395 2667 514 2733 civitas
526 2665 626 2731 tirma
641 2671 674 2732 et
693 2664 781 2732 Ecel.
803 2668 859 2746 t,9
880 2662 1002 2731 melius
1016 2670 1066 2732 est
1080 2663 1164 2731 duos
1179 2686 1249 2732 esse
1273 2665 1373 2731 simul
1388 2687 1490 2753 quam

158 2795 283 2855 unum;
309 2773 439 2840 habent
462 2772 555 2839 enim
574 2771 844 2839 emolumentum
866 2772 1032 2839 societatis
1051 2793 1148 2854 suae,
1165 2771 1194 2838 si
1210 2794 1299 2838 unus
1320 2771 1489 2851 ceciderit,

158 2880 202 2948 ab
222 2879 330 2946 altero
351 2879 529 2959 fulcietur,
547 2900 609 2945 vae
631 2877 711 2962 soli,
733 2879 814 2967 quia
829 2900 907 2945 eum
922 2877 1086 2945 ceciderit
1103 2901 1175 2945 non
1189 2877 1294 2945 habet
1308 2877 1491 2945 sublevan-

157 2993 224 3053 tem
247 3004 298 3064 se3
322 2991 357 3051 et
376 2992 490 3051 censet
506 2982 583 3051 Alo.
606 2990 688 3051 tune
710 2984 811 3051 binos
834 3007 904 3051 esse
928 2985 1065 3066 missos,
1089 2985 1170 3074 quia
1184 2984 1299 3051 adhuc
1318 2986 1492 3052 essentin·

155 3093 264 3171 tirmi3
281 3114 351 3158 non
367 3093 414 3158 ita
429 3097 505 3180 post
523 3090 646 3158 Christi
656 3091 886 3158 ascensionem
896 3096 931 3158 et
945 3093 1090 3182 Spiritus
1103 3092 1208 3159 sancti
1221 3091 1488 3181 perceptionem,

155 3198 295 3289 quando
325 3197 467 3287 perfecti
490 3203 590 3264 erant
609 3196 645 3264 in
669 3198 802 3287 spiritu.
827 3202 896 3263 lam
930 3198 1012 3265 Viet.
1033 3199 1191 3288 opinatur
1210 3219 1267 3265 eos
1284 3219 1355 3264 esse
1374 3198 1491 3264 nnssos

155 3328 196 3373 eo
224 3305 345 3373 ordine
368 3304 469 3371 binos
497 3327 566 3393 quo
594 3303 1049 3394 apudMatthaeum10,2·t
1077 3311 1306 3386 recensentur,
1329 3295 1490 3395 idemque

156 3411 237 3480 Feb.
259 3412 323 3479 Fil.
347 3410 503 3489 censent;
525 3415 678 3478 ceterum
697 3409 775 3477 vide
794 3413 982 3479 Commeat.
1005 3411 1119 3478 llatth.
1144 3417 1156 3477 l
1180 3434 1213 3501 p.
1238 3418 1320 3493 373;
1338 3422 1370 3477 et
1386 3410 1490 3478 debet

155 3518 224 3587 iltis
236 3529 442 3610 potestatem
461 3517 647 3608 spirituum
664 3516 940 3600 immundorum,
962 3519 999 3584 iu
1017 3519 1156 3607 spiritus
1173 3517 1385 3601 immundos;
1407 3541 1489 3606 ergo

156 3624 248 3727 quod
273 3632 412 3705 aetna
438 3625 591 3693 Christus
612 3624 743 3712 eligens
768 3626 936 3714 apostolos
958 3624 1071 3692 faeere
1088 3623 1237 3692 intendit
1264 3623 1319 3714 (ex
1351 3626 1488 3714 graece)

157 3754 247 3800 nunc
261 3754 379 3799 revera
395 3731 494 3808 facit;
521 3730 589 3797 illis
608 3729 710 3797 etiam
725 3728 887 3798 traditam
907 3752 977 3798 esse
992 3736 1190 3821 potestatem
1210 3729 1356 3799 curandi
1369 3755 1490 3820 aegros

154 3843 249 3928 putet
265 3843 338 3904 tum
360 3860 399 3904 ex
414 3845 493 3917 3,15
507 3843 579 3903 tum
600 3860 638 3904 ex
654 3843 746 3913 6,13.

199 3945 348 4013 Christus
367 3965 423 4011 eos
442 3943 485 4010 de
505 3944 663 4010 missione
680 3942 797 4010 edocet
811 3964 967 4010 sermone
987 3944 1142 4031 longiore
1165 3948 1279 4014 ltatth.
1301 3954 1378 4029 10,5
1396 3969 1486 4036 seq.;

153 4056 282 4119 ilarcus
296 4073 368 4118 rem
388 4050 485 4117 brevi
497 4050 746 4139 complectitur,
769 4056 807 4115 ut
825 4051 896 4116 iere
919 4055 1025 4118 Lucas
1040 4074 1175 4142 quoque
1194 4060 1306 4136 9‚1-5;
1330 4058 1362 4119 et
1377 4053 1488 4143 primo

154 4157 293 4248 quidem
310 4146 430 4224 narrat
442 4157 613 4248 quomodo
628 4178 663 4223 se
675 4156 721 4223 ad
733 4157 798 4222 iter
811 4156 951 4225 iubente
971 4159 1111 4225 Domino
1124 4182 1326 4250 comparare
1341 4159 1489 4228 debeant

154 4287 184 4330 v.
202 4270 275 4347 8-9,
299 4265 379 4332 dein
400 4264 573 4355 quomodo
592 4264 721 4354 inipso
745 4285 888 4331 munere
907 4264 1065 4332 obeundo
1090 4288 1125 4334 se
1148 4266 1299 4336 habeant
1317 4292 1349 4334 v.
1373 4274 1484 4334 10-12.

150 4371 326 4438 Mittuntur
344 4372 448 4462 plane
467 4392 635 4462 pauperes
648 4392 679 4436 v.
701 4376 722 4437 8
742 4383 774 4436 et
787 4371 968 4462 proecepit
986 4372 1033 4438 eis
1051 4395 1093 4438 nc
1111 4373 1198 4464 quid
1215 4374 1372 4442 tollerent
1385 4376 1421 4441 in
1432 4375 1487 4441 oie

152 4477 196 4551 εἰς
213 4465 285 4539 ὀδόν
304 4479 340 4544 in
365 4480 474 4559 viam,
501 4502 564 4568 pro
581 4478 719 4555 itinere,
747 4477 900 4567 nequid
926 4500 1039 4545 seeum
1060 4481 1191 4547 ferrent
1208 4482 1244 4548 in
1260 4482 1400 4565 itinere,
1422 4484 1490 4550 er'sr'

151 4585 283 4674 eirqem
312 4597 465 4666 tantum,
495 4608 572 4652 eum
599 4590 761 4675 sequatur
791 4606 858 4651 non
884 4607 1024 4674 peram,
1052 4608 1120 4653 non
1145 4610 1295 4677 penem,
1320 4611 1427 4676 neque
1451 4591 1487 4656 in

154 4713 240 4757 sone
264 4713 338 4772 ees,
368 4700 511 4781 apparet
540 4693 709 4759 Christum
735 4691 820 4758 velle
845 4714 887 4758 ne
921 4692 1005 4782 quid
1031 4715 1143 4761 seeum
1172 4697 1285 4762 ierant
1309 4718 1376 4786 quo
1397 4698 1484 4763 vitae

17 4806 31 4826 “
151 4797 390 4864 sustentandae
406 4797 643 4887 provideatur;
664 4822 733 4866 non
749 4820 884 4888 peram,
905 4821 948 4865 ne
963 4800 1055 4890 apud
1070 4825 1104 4869 se
1123 4803 1309 4871 recondant
1321 4824 1409 4891 quae
1422 4805 1486 4873 lar-

154 4905 231 4991 gius
245 4925 350 4994 quam
368 4927 432 4994 pro
457 4908 628 4994 praesenti
648 4908 847 4977 necessitate
872 4928 958 4997 opus
976 4916 1049 4975 erat
1069 4909 1159 4977 dono
1180 4917 1395 5001 acceperant,
1417 4936 1484 4981 non
