3960 5654
328 629 410 692 runt
422 637 531 693 tenere
542 611 619 690 eam
634 625 803 707 κρατῆσαι,
821 627 891 692 scil.
911 630 948 691 ut
961 644 1037 689 eum
1054 624 1306 712 prehenderent
1319 631 1352 690 et
1366 624 1434 692 alio
1448 621 1658 691 abducerent

327 736 361 799 et
378 754 457 799 eum
475 732 511 797 in
529 732 603 793 tuto
622 727 826 799 collocantes
841 731 940 798 simul
960 733 1223 798 commotionem
1244 729 1425 797 turbarum
1445 736 1655 808 coercerent;

327 837 483 907 dicebant
502 833 608 914 enim,
626 839 789 925 quom'am
809 839 845 903 in
862 837 1013 922 furorem
1028 859 1140 905 versus
1154 851 1221 919 est,·
1238 841 1352 901 utrum
1368 836 1404 903 id
1424 857 1559 927 quoque
1578 857 1658 902 vere

327 940 591 1012 existimaverint
600 944 691 1032 apud
705 967 740 1011 se
753 964 858 1009 necne
870 963 937 1006 non
949 943 1028 1009 satis
1042 945 1224 1011 indicatur.
1241 940 1372 1008 Sufficit
1383 945 1410 1008 si
1422 965 1537 1010 vocem
1550 939 1659 1029 ἔλεγον

326 1052 456 1142 spectas
476 1048 645 1137 explicare
663 1050 700 1117 id
715 1072 772 1116 eos
790 1047 928 1128 desisse,
949 1049 1033 1117 forte
1052 1057 1090 1118 ut
1110 1049 1221 1116 studio
1243 1048 1491 1116 inconsiderato
1508 1051 1658 1138 compri-

328 1159 459 1221 merent
468 1155 636 1245 impetum
646 1155 823 1223 turbarum
836 1208 843 1236 ,
858 1155 912 1222 vel
924 1157 1035 1246 potius
1048 1162 1085 1222 ut
1098 1154 1247 1221 invidiae
1259 1163 1292 1222 et
1301 1153 1659 1222 insidiisoecurrerent

325 1260 516 1329 scribarum
531 1267 565 1329 et
582 1262 752 1329 insaniam
768 1263 1031 1349 praetendentes
1047 1266 1155 1328 lesum
1171 1262 1304 1329 facilius
1322 1261 1366 1328 ab
1382 1283 1499 1327 eorum
1515 1264 1659 1329 insecta-

313 1362 417 1434 'tione
435 1369 651 1436 vindicarent
664 1372 697 1432 et
714 1375 903 1436 servarent.
920 1368 1041 1446 Quodsi
1058 1368 1105 1434 ita
1123 1391 1240 1436 eorum
1259 1367 1383 1454 agendi
1401 1367 1541 1433 modum
1557 1391 1661 1458 expo-

326 1474 449 1558 sueris,
475 1475 625 1542 studium
648 1473 787 1563 quidem
812 1474 985 1565 quoddam
1010 1496 1073 1564 pro
1102 1480 1174 1542 lesu
1199 1498 1281 1564 prae
1299 1497 1333 1541 se
1352 1476 1476 1557 lerunt,
1499 1480 1534 1540 at
1560 1475 1661 1540 simul

326 1581 484 1671 pandunt
499 1601 604 1671 quam
615 1601 738 1669 parum
754 1604 904 1671 eousque
922 1582 956 1646 in
975 1584 1046 1647 lesu
1061 1582 1177 1648 schola
1191 1588 1224 1648 et
1238 1581 1420 1670 disciplina
1436 1582 1659 1671 profecerint,

326 1708 430 1778 quam
444 1707 568 1777 parum
583 1686 625 1753 de
638 1687 710 1754 eius
723 1686 909 1775 dignitate,
928 1709 1086 1770 munere,
1107 1690 1263 1756 missione
1278 1687 1396 1753 divina
1412 1688 1657 1755 intellexerint.

326 1795 359 1862 Si
368 1794 483 1885 palam
494 1793 613 1860 dicunt
624 1815 704 1860 eum
718 1799 831 1861 mente
844 1793 1032 1861 alienatum
1046 1796 1081 1861 in
1095 1796 1261 1861 insaniam
1276 1801 1308 1860 et
1321 1794 1473 1860 furorem
1487 1793 1658 1871 incidisse,

327 1905 360 1968 et
373 1905 447 1967 lesu
461 1900 644 1966 maximam
654 1901 811 1987 irrogant
820 1901 982 1967 iniurium
997 1907 1030 1966 et
1044 1903 1196 1968 nascenti
1208 1901 1391 1967 turbarum
1405 1900 1484 1967 fidei
1496 1900 1663 1967 damnum

317 2006 480 2074 vinierunt
494 2028 535 2088 eo
548 2007 674 2087 maius,
691 2008 772 2095 quia
786 2009 845 2096 qui
862 2007 932 2073 eius
944 2007 1088 2074 asseclae
1104 2014 1136 2074 et
1149 2009 1248 2075 amici
1263 2030 1334 2074 esse
1350 2007 1577 2096 perhibentur
1590 2013 1660 2073 tarn

327 2113 456 2180 nefario
478 2112 579 2179 modo
602 2112 644 2179 de
659 2134 700 2179 eo
724 2113 817 2202 loqui
834 2113 1032 2206 audiuntur.
1056 2116 1126 2190 Quo
1142 2114 1226 2204 quid
1244 2119 1357 2204 posset
1372 2136 1442 2180 esse
1460 2115 1569 2201 magis
1584 2135 1665 2203 per-

328 2222 486 2286 versum?

367 2461 461 2522 Plura
474 2463 548 2520 sunt
562 2460 594 2520 in
610 2460 669 2521 hae
684 2460 771 2520 brevi
791 2462 970 2521 narratione
985 2466 1017 2522 et
1030 2462 1165 2522 obscura
1180 2469 1211 2521 et
1226 2466 1427 2523 controversa
1442 2467 1539 2539 atque
1554 2460 1664 2521 dubia.

328 2560 395 2621 lam
416 2558 489 2634 Vter.
506 2557 617 2619 scribit
634 2576 640 2618 :
658 2559 831 2636 quiessent
849 2560 905 2636 qui
917 2558 1075 2620 audierint
1088 2566 1119 2619 et
1134 2559 1218 2620 unde
1232 2561 1383 2632 exierint,
1399 2577 1463 2619 non
1479 2559 1561 2618 clare
1576 2575 1667 2618 enar-

327 2656 409 2718 ravit
428 2655 470 2736 (οὔ
492 2657 582 2737 σαφῶς
602 2656 779 2736 διηγήσατο),
804 2656 921 2734 etipse
945 2656 1075 2734 quidem
1098 2659 1245 2736 opinatur
1269 2657 1495 2736 evangelistam
1517 2656 1604 2733 loqui
1623 2654 1666 2715 de

326 2752 500 2833 pharisaeis
515 2757 549 2814 et
563 2753 676 2814 scribis
689 2754 743 2831 qui
760 2758 892 2832 propter
908 2755 1017 2832 populi
1033 2772 1222 2815 concursum
1237 2755 1283 2814 ira
1298 2755 1485 2814 inflammati
1501 2752 1664 2814 Christum

328 2851 489 2912 voluerint
501 2850 785 2930 comprehendere.
808 2852 895 2912 Unde
911 2853 1114 2930 consequitur
1134 2854 1339 2930 interpretem
1359 2868 1508 2929 graecum
1527 2849 1664 2928 eotaeap‘

327 2947 408 3007 «aaa
423 2948 619 3010 intellexisse
634 2949 737 3009 solum
752 2948 791 3009 de
806 2950 846 3009 iis
857 2951 911 3026 qui
924 2951 1005 3011 circa
1020 2950 1124 3010 lesum
1136 2956 1235 3020 eraut,
1253 2966 1352 3028 prope
1368 2966 1443 3009 eum
1459 2949 1664 3009 versabantur
1733 3011 1739 3023 ,

329 3062 467 3124 eumque
482 3045 697 3123 sequebantur
711 3046 819 3106 animo
835 3047 983 3125 maligno.
1001 3048 1195 3125 Plerumque
1212 3053 1320 3107 autem
1336 3064 1406 3107 eam
1421 3047 1596 3107 dictionem
1611 3063 1663 3106 ae·

328 3142 454 3223 cipiunt
468 3143 508 3204 de
523 3143 687 3222 discipulis
698 3143 777 3223 (Alo.
792 3145 846 3222 qui
863 3145 895 3203 in
911 3150 995 3206 textu
1007 3145 1083 3223 legit
1096 3164 1102 3203 :
1115 3151 1147 3205 et
1157 3163 1229 3205 cum
1246 3145 1409 3206 audissent
1424 3146 1471 3205 sui
1488 3143 1663 3221 discipuli),

329 3240 369 3303 de
384 3240 549 3320 discipulis
563 3244 596 3301 et
607 3242 851 3319 consanguineis
864 3241 995 3322 (Dion),
1011 3242 1050 3303 de
1066 3244 1210 3321 cognatis
1226 3249 1257 3303 et
1270 3243 1458 3320 propinquis
1474 3241 1580 3320 (Beda,
1595 3243 1663 3302 Cei.

328 3339 411 3401 Icus.
430 3337 530 3399 Mold.
551 3338 648 3401 Colm.
664 3337 754 3399 Patr.
775 3337 903 3419 Seteqp,
924 3339 983 3399 Fit.
1008 3338 1127 3417 Weiss];
1146 3340 1201 3400 scd
1226 3340 1264 3400 de
1285 3341 1416 3400 asseclis
1436 3346 1467 3399 ct
1490 3339 1602 3399 amicis
1626 3356 1664 3398 ex

331 3435 552 3516 Gapharnaum
575 3435 708 3512 Sonam,
736 3437 809 3497 Keil
832 3437 1003 3513 explicant,
1030 3437 1158 3516 theoph.
1189 3438 1266 3498 haee
1295 3438 1445 3515 proponit
1469 3435 1629 3515 seligenda
1655 3455 1663 3494 2

329 3536 355 3594 oi
364 3534 456 3593 οἰκεῖοι
470 3535 564 3618 critob,
575 3533 654 3613 ὲυχὸν
670 3537 694 3591 οἱ
708 3533 761 3593 ἀπὸ
775 3538 821 3605 τῆς
839 3535 920 3605 αὐτῆς
932 3534 1067 3614 πατρίδος,
1079 3533 1096 3605 ἢ
1108 3537 1154 3594 καὶ
1168 3539 1193 3594 οι
1208 3535 1314 3614 ἀδελφοὶ
1325 3536 1406 3592 αὐτοῦ
1423 3541 1453 3595 et
1469 3533 1563 3594 Euat.
1582 3552 1663 3611 quo·

330 3649 392 3711 que
410 3631 569 3693 similiter.
587 3633 664 3694 Cam
679 3633 765 3693 loan.
781 3636 832 3703 'l‚5
855 3639 961 3693 narret
978 3634 1202 3711 :nequeenim
1226 3634 1336 3694 fratres
1356 3633 1424 3693 eius
1447 3632 1619 3693 credebant
1634 3632 1664 3690 in

331 3747 421 3805 eum,
435 3729 515 3791 haec
529 3729 569 3790 de
591 3731 731 3810 cognatis
751 3730 916 3809 explicatio
932 3731 1011 3791 nihil
1031 3732 1125 3792 habet
1141 3730 1227 3808 quod
1244 3733 1285 3791 sit
1305 3731 1502 3791 averisimili
1523 3731 1665 3790 alienum

330 3827 392 3889 nisi
407 3845 508 3889 unum
524 3828 603 3888 illud
618 3827 705 3906 quod
722 3829 842 3888 Marcus
857 3836 1005 3908 cognatos
1020 3847 1050 3888 v.
1068 3830 1103 3889 31
1119 3829 1181 3888 alio
1197 3829 1350 3889 vocabulo
1367 3829 1523 3888 nominat.

352 3909 450 3988 ‘Suos
465 3929 574 3987 autern
588 3927 743 3986 insaniam
763 3925 979 4004 praetendisse
1000 3945 1063 4004 quo
1078 3927 1201 3988 facilius
1216 3929 1320 3988 lesum
1337 3928 1498 4004 eriperent
1513 3932 1545 3986 et
1559 3943 1664 3986 remo-

332 4029 441 4086 verent
456 4024 627 4102 opinantur
639 4022 749 4103 ery,
768 4024 852 4104 Bisp.
870 4023 1000 4100 Schanz,
1019 4025 1079 4085 rat.
1097 4025 1174 4089 Keil.
1196 4028 1306 4098 Weiss‚·
1326 4025 1379 4084 alii
1400 4042 1455 4084 eos
1476 4041 1584 4084 revera
1603 4042 1663 4104 pu·

331 4127 416 4184 tasse
431 4122 535 4184 lesum
551 4140 620 4184 esse
638 4123 672 4183 in
690 4122 831 4183 furorem
847 4141 990 4196 versum;
1005 4125 1047 4184 ita
1067 4123 1195 4202 Tteopt.
1209 4123 1293 4202 (eum
1312 4123 1428 4182 babere
1444 4121 1665 4200 daemonium)

334 4220 400 4283 uei.
422 4218 514 4282 Dion.
530 4219 614 4282 laus.
634 4221 740 4290 Mara,
764 4221 817 4299 qui
833 4226 923 4281 notat
940 4240 946 4280 :
965 4246 979 4275 a
998 4240 1109 4283 omnes
1127 4239 1206 4300 quos
1223 4239 1272 4281 me
1294 4221 1407 4299 legisse
1428 4221 1560 4279 memini
1579 4225 1666 4280 vetu-

333 4318 448 4380 stiores
463 4322 611 4380 auctores
622 4336 687 4379 uon
702 4319 940 4379 simulationem
953 4319 1008 4380 sed
1025 4321 1214 4380 sententiam
1225 4319 1323 4379 luisse
1334 4318 1533 4389 existimant3
1546 4318 1666 4395 quibus

333 4416 470 4478 libenter
493 4417 646 4495 equidem
672 4434 784 4478 eorum
812 4416 926 4477 ductus
948 4419 1132 4478 auctoritate
1158 4418 1337 4486 subscribe,
1364 4432 1558 4494 quamquam
1584 4415 1664 4474 nihil

333 4512 464 4576 absurdi
480 4532 550 4576 esse
564 4515 672 4588 video,
692 4515 835 4575 siluisse
858 4514 1001 4575 dicamus
1022 4515 1280 4588 simulationcnn
1300 4533 1374 4575 uam
1397 4532 1455 4575 nec
1476 4512 1665 4591 evangelista

334 4611 412 4674 dicit
426 4613 592 4691 putabant,
615 4613 669 4675 sed
689 4614 841 4687 dicebant,
857 4618 888 4673 et
903 4613 928 4672 si
944 4631 1054 4674 eorum
1076 4615 1224 4673 volumus
1244 4613 1468 4673 existimationi
1485 4612 1663 4681 consulere,

330 4713 385 4771 'res
407 4716 456 4792 est
475 4710 633 4771 eiusmodi
656 4717 689 4772 ut
711 4711 840 4772 levioris
865 4712 960 4772 luisse
987 4713 1096 4791 culpae
1122 4711 1265 4772 rideatur
1286 4713 1316 4773 id
1340 4714 1457 4790 fingere
1478 4727 1574 4787 quam
1601 4726 1665 4768 cre-

335 4809 457 4870 dere».
478 4809 624 4870 Ceterum
644 4810 670 4868 si
686 4810 855 4888 explicatio
875 4810 913 4870 de
932 4812 1071 4890 cognatis
1087 4811 1205 4888 placet,
1223 4828 1335 4871 eorum
1358 4808 1561 4869 incredulitas
1579 4807 1664 4867 haud

336 4905 464 4968 difficile
487 4905 683 4985 intelligitur.
701 4910 791 4984 Nam,
809 4914 843 4970 ut
863 4907 930 4970 Coi.
948 4909 1026 4969 lons.
1045 4908 1212 4979 adnotant,
1231 4909 1372 4969 viderant
1387 4906 1545 4983 siquidem
1561 4907 1664 4965 lesum
