3960 5654
7 436 42 509 ³:
82 521 91 543 ,ι
187 482 246 542 158
423 482 424 486 ’
502 436 507 443 -
606 458 607 462 Ἰ
737 502 826 547 nnc.
850 485 879 553 6,
900 482 964 540 td.

186 633 281 696 domo
297 653 411 714 magna
427 633 521 693 buius
538 635 648 695 mundi
665 637 782 697 diversi
796 633 923 713 generis
938 650 1011 693 vasa
1026 635 1173 703 fabricat,
1191 634 1374 696 immo'vasa
1387 635 1452 696 irae
1468 640 1516 698 sui

185 716 315 811 spiritus
334 739 402 811 ipae
417 730 578 792 molliendo
595 733 627 793 in
647 730 883 794 misericordiae
899 748 973 789 vasa
987 735 1173 793 commutat.
1192 733 1307 793 Verum
1325 734 1423 812 priori
1444 751 1516 794 seu-

183 832 301 892 tentiae
317 829 415 889 etiam
429 829 616 908 suffragium
632 832 739 892 serunt
750 829 874 905 aliquae
887 827 1041 908 imagines
1052 827 1168 888 saeculi
1184 832 1288 905 quarti
1302 840 1333 892 et
1348 832 1468 910 quinti,
1483 833 1515 890 in

184 929 301 1006 quibus
320 925 351 984 S.
369 926 502 1004 losepho
521 931 737 989 attribuuntur
760 926 836 984 artis
860 944 934 987 suae
958 929 1007 988 vel
1031 926 1149 1003 opificii
1176 926 1400 999 instrumenta,
1429 945 1515 989 serra

183 1025 252 1086 scil.
268 1028 300 1083 et
314 1024 434 1084 securis
450 1024 500 1104 (cs.
516 1029 630 1099 Krous,
648 1023 973 1102 Realencyklopaedie
990 1025 1020 1085 d.
1038 1022 1158 1082 christl.
1174 1024 1306 1086 llltertb.
1324 1028 1350 1086 ll
1364 1046 1394 1105 p.
1411 1027 1472 1106 73).

225 1271 302 1338 Eius
317 1272 512 1340 offensionis
527 1269 708 1359 (scandali,
729 1271 942 1358 offendiculi)
965 1271 1132 1337 rationem
1152 1271 1263 1338 reddit
1280 1273 1432 1342 Christus
1446 1283 1512 1344 ml

181 1391 213 1445 ot
231 1377 364 1446 dicebat
381 1379 448 1446 itt's
466 1380 559 1444 lesan
580 1398 591 1444 .·
610 1377 692 1465 quio
710 1401 780 1444 non
798 1391 846 1444 est
860 1377 1030 1466 propheta
1049 1378 1121 1444 sine
1136 1378 1261 1444 honore
1280 1381 1346 1445 mai
1354 1382 1513 1471 lopati-io

179 1499 298 1553 suaet
322 1489 359 1553 in
388 1485 487 1552 domo
514 1506 578 1549 suo
605 1498 638 1550 et
663 1487 699 1550 in
718 1484 918 1574 cognatione
941 1504 1024 1565 suu;
1043 1487 1198 1573 quamvis
1217 1488 1319 1552 etiam
1339 1491 1432 1553 extra
1450 1510 1513 1577 pa-

177 1593 279 1660 triam
292 1592 477 1683 prophetae
497 1590 702 1680 quaudoque
725 1589 969 1679 despiciantur,
982 1592 1064 1680 quia
1082 1597 1193 1657 tamen
1213 1595 1442 1661 communiter
1459 1595 1513 1661 vel

178 1705 216 1767 ut
231 1701 418 1790 plurimum
430 1704 695 1764 contemnuntur
713 1696 806 1786 apud
822 1719 917 1778 suos,
936 1697 1012 1763 ideo
1031 1700 1077 1763 ita
1091 1699 1251 1765 Dominus
1264 1699 1427 1789 loquitur.
1445 1704 1513 1767 Cur

178 1812 293 1874 autem
313 1805 484 1895 propheta
502 1804 685 1892 apudsuos
707 1804 778 1869 fere
797 1804 840 1870 sit
862 1806 935 1869 sinc
958 1804 1105 1884 honore,
1137 1803 1225 1871 duae
1247 1807 1394 1873 rationes
1414 1807 1512 1874 reddi

178 1918 332 2003 possunt,
354 1932 423 1977 una
443 1932 483 1976 ex
507 1911 661 1996 ingenita
681 1910 829 1999 quadmn
846 1909 974 1975 invidia
991 1910 1079 1975 inter
1099 1912 1253 1977 concives
1267 1933 1335 2000 qua
1350 1912 1388 1977 fit
1403 1919 1440 1979 ut
1453 1936 1511 1979 ae-

177 2017 288 2111 qualis
301 2016 479 2106 aequalem
498 2039 567 2082 non
584 2018 671 2083 ierat
683 2039 764 2106 prae
778 2038 813 2082 se
834 2017 997 2083 honorari
1013 2023 1046 2082 et
1070 2018 1177 2083 multo
1197 2019 1310 2085 minus
1331 2020 1444 2085 senior
1459 2021 1511 2086 iu-

177 2124 322 2207 morem,
341 2124 448 2191 altera
466 2145 507 2190 ex
526 2123 775 2203 familiaritate,
796 2145 883 2213 quae
913 2123 1011 2189 facilc
1025 2123 1116 2212 parit
1132 2124 1405 2213 vilipensionem,
1428 2128 1511 2216 quia

175 2253 238 2322 per
253 2253 328 2299 eam
347 2252 388 2298 ea
401 2230 626 2297 observantur
645 2253 733 2319 quae
748 2230 925 2296 hominum
941 2229 1066 2296 iudicio
1078 2230 1250 2296 habentur
1263 2231 1464 2321 imperfecta
1477 2240 1511 2300 et

175 2339 256 2429 quia
282 2337 438 2404 homines
456 2360 496 2403 eo
510 2337 619 2403 solent
640 2359 710 2403 esse
725 2337 879 2423 ingenio,
901 2344 937 2402 ut
956 2345 1115 2402 extranea
1133 2359 1267 2427 semper
1289 2361 1370 2426 prae
1390 2339 1508 2406 dome-

174 2444 265 2513 sticis
276 2443 502 2527 admirentur,
525 2444 679 2534 adeoque
702 2450 739 2510 ut
753 2444 862 2509 multa
880 2443 924 2509 ob
942 2443 978 2509 id
996 2444 1107 2510 solum
1125 2446 1193 2511 sint
1212 2446 1247 2512 in
1261 2447 1369 2534 pretio
1382 2446 1509 2535 quode

173 2553 365 2641 longinquo
390 2552 526 2618 veniant
551 2552 652 2636 (laras.
674 2551 709 2615 in
734 2550 894 2616 concord.
915 2573 990 2638 cap.
1011 2557 1066 2630 23,
1085 2551 1191 2639 Cain:
1214 2575 1246 2616 v.
1271 2560 1290 2618 5
1316 2566 1348 2617 et
1366 2575 1435 2619 non
1444 2575 1508 2642 po-

175 2652 261 2726 terat
277 2656 326 2724 iti
341 2659 500 2724 uirtutem
521 2657 627 2723 ullam
644 2658 776 2745 secere,
798 2658 905 2723 maius
925 2656 1096 2746 quoddam
1116 2657 1216 2724 edere
1241 2659 1377 2745 signnm
1396 2665 1430 2726 et
1446 2659 1508 2725 mi-

172 2765 344 2846 raculum,
362 2765 431 2830 nisi
443 2786 572 2854 parcens
590 2764 742 2851 infimos
762 2763 960 2852 (invalidos,
983 2763 1175 2850 languidos,
1191 2765 1253 2854 qui
1267 2766 1396 2831 viribus
1411 2773 1509 2832 erant

173 2871 340 2948 destituti,
372 2864 548 2958 ἀρρώστοις)
587 2871 754 2960 impositis
789 2870 944 2935 inconibus
977 2873 1128 2953 aaroni&
1156 2894 1223 2937 nou
1256 2877 1403 2960 poterat,
1438 2895 1505 2939 non

172 2978 289 3068 utiquc
309 3001 348 3043 cx
362 2977 497 3044 delectu
511 2979 702 3067 potestatis,
722 2975 781 3043 sed
798 2977 927 3043 ratione
948 2978 1007 3042 illa
1019 2999 1106 3065 quae
1129 2977 1235 3043 inlici
1255 2979 1505 3064 gubernatione

171 3084 277 3167 valet,
292 3085 465 3151 neminem
480 3085 555 3169 cogi
570 3087 666 3149 alteo
677 3085 823 3149 invitum
837 3089 871 3149 et
886 3087 990 3149 Deum
1008 3085 1092 3150 velle
1104 3090 1140 3149 ut
1150 3085 1253 3150 homo
1268 3085 1381 3152 oblata
1393 3087 1506 3173 gratia

172 3197 286 3260 utatur
299 3197 332 3258 et
346 3213 424 3257 cum
437 3214 478 3259 ea
492 3212 679 3279 cooperans
690 3212 725 3256 se
740 3188 782 3255 ad
799 3190 901 3256 aliam
912 3189 1148 3279 accipiendam
1159 3190 1333 3279 disponat;
1347 3193 1395 3259 ait
1411 3195 1504 3259 enim

172 3301 353 3386 Gregorius
369 3298 563 3384 theologus,
580 3296 697 3363 scribit
715 3295 838 3375 Euat,
860 3296 952 3385 quod
966 3298 1068 3363 simul
1084 3303 1265 3386 utrumque
1279 3301 1504 3366 necessarium

171 3411 221 3474 est
238 3404 282 3471 ad
299 3404 525 3495 pelliciendos
544 3405 705 3470 sanitates
724 3427 731 3471 ε
757 3411 790 3470 et
810 3402 893 3469 fides
912 3426 1031 3469 eorum
1056 3406 1115 3492 qui
1135 3404 1276 3471 curandi
1299 3413 1424 3471 suntet
1443 3429 1503 3497 po-

170 3511 276 3580 tentia
289 3513 361 3578 cius
376 3511 435 3601 qui
451 3533 572 3577 curare
587 3509 704 3588 debet,
721 3533 783 3576 nec
799 3509 934 3598 prodest
949 3532 1053 3576 unum
1075 3512 1101 3575 si
1117 3510 1231 3577 deficit
1244 3512 1390 3578 alterum
1411 3513 1504 3602 quod

170 3617 222 3685 illi
246 3620 466 3685 coniunctum
490 3638 560 3685 esse
589 3616 690 3683 debet
712 3617 804 3701 (sim.
839 3617 919 3682 t'icc.
948 3615 1123 3706 lbeopb).
1153 3623 1207 3684 Est
1233 3619 1341 3701 eninr,
1369 3625 1405 3685 ut
1428 3621 1502 3687 Coi.

170 3724 270 3805 dicit,
293 3746 403 3790 sermo
424 3746 492 3790 non
513 3724 553 3789 de
580 3724 732 3813 potentia
757 3722 931 3799 absoluta,
959 3723 1018 3789 sed
1039 3723 1228 3803 ordinaria,
1247 3746 1326 3791 nam
1343 3727 1429 3792 sicut
1441 3750 1502 3817 po-

169 3833 293 3900 tentiae
320 3828 492 3897 naturales
516 3851 584 3896 uon
604 3836 743 3919 possunt
768 3829 925 3918 proprios
946 3830 1086 3896 effectus
1102 3830 1289 3921 producere
1309 3832 1373 3898 nisi
1388 3835 1421 3899 in
1440 3857 1503 3923 pa·

169 3939 272 4007 tiente
291 3938 470 4028 disposite,
483 3936 530 4002 ita
546 3936 717 4024 potentiae
732 3935 926 4001 ordinariae
941 3937 985 4001 ad
1000 3939 1193 4003 curationes
1207 3949 1240 4002 et
1254 3939 1419 4005 miracula
1433 3962 1502 4006 non

169 4052 308 4136 possunt
332 4044 521 4135 producere
548 4043 686 4109 effectus
711 4043 776 4108 nisi
803 4045 951 4131 patiente
978 4042 1139 4132 disposito
1166 4066 1228 4133 per·
1256 4043 1370 4112 fidem.
1394 4050 1501 4124 Quare

170 4151 319 4221 Christus
347 4153 537 4239 generatim
558 4150 663 4237 exigit
686 4150 800 4216 fidem.
829 4151 1054 4216 Nazaretbani
1081 4150 1147 4217 lide
1175 4161 1326 4218 carentes
1343 4159 1376 4219 et
1396 4154 1501 4222 livore

169 4259 306 4350 impulsi
330 4282 400 4326 non
419 4257 580 4348 petebant
599 4259 804 4334 sanationes;
829 4258 906 4323 ideo
932 4281 998 4323 non
1023 4264 1157 4346 poterat
1182 4258 1286 4325 ullam
1305 4260 1415 4327 iacere
1431 4263 1500 4328 vir-

169 4371 295 4448 tutem;
325 4367 376 4433 illi
396 4387 481 4455 qnos
506 4365 655 4442 curavit,
680 4363 731 4428 illi
753 4365 853 4452 pauci
875 4371 964 4430 certo
988 4365 1162 4430 habebant
1183 4364 1303 4445 fidem,
1330 4390 1447 4433 verum
1462 4391 1501 4434 ex

170 4474 244 4564 ipsa
258 4495 339 4540 voce
359 4467 509 4560 ἄρρωστοι
529 4473 622 4561 sequi
644 4470 778 4536 videtur
807 4493 861 4535 eos
883 4472 974 4537 haud
998 4473 1148 4557 graviter
1163 4480 1371 4559 aegrotasse3
1394 4498 1500 4563 quaro

170 4581 300 4648 nullam
316 4580 366 4647 ibi
380 4581 537 4646 virtutem
558 4579 675 4645 edidit.

214 4692 345 4756 Norunt
359 4687 583 4752 Nazaretbani
603 4686 694 4751 dona
711 4685 768 4750 illa
787 4687 908 4751 eximia
925 4690 996 4750 lesu
1017 4684 1156 4768 collata,
1174 4687 1348 4753 doctrinae
1368 4688 1499 4777 sapien-

170 4795 252 4863 tium
268 4801 301 4860 et
313 4793 557 4859 miraculorum
578 4798 775 4881 potestatem
798 4816 829 4857 v.
848 4799 883 4871 ·2;
910 4792 1131 4859 nihilominus
1147 4795 1179 4860 ei
1203 4793 1304 4859 tidem
1320 4816 1386 4859 non
1402 4794 1499 4861 adhi-

170 4901 269 4984 bent;
281 4898 370 4967 unde
382 4922 414 4967 v.
427 4906 487 4966 (iet
496 4899 684 4966 net-atomi·
690 4910 831 4988 propter·
839 4898 1109 4966 irrerednlitatem
1118 4922 1246 4984 eorum,
1259 4902 1316 4990 qui
1329 4901 1402 4969 scil.
1421 4925 1498 4970 cum
