3960 5654
781 367 874 412 uaac.
901 349 950 419 14,
974 349 1025 408 25.
1511 347 1568 405 3¹17

283 508 407 571 instare
428 524 528 568 suum
551 525 591 570 ex
606 503 672 568 hac
693 503 764 568 vita
789 497 926 568 mortali
946 497 1138 584 digressum
1157 496 1329 584 significat
1350 520 1382 564 v.
1406 502 1447 562 25
1469 516 1569 561 amen

238 609 312 676 dico
327 609 430 684 uobi's,
450 609 531 697 quia
549 610 619 675 iam
644 607 840 674 condidam
856 602 898 671 de
918 605 981 671 hoc
1004 604 1178 692 qeniminc
1197 603 1273 668 vitis
1293 624 1397 691 usque
1418 605 1454 668 iu
1479 601 1568 668 diem

235 715 351 794 illum,
366 737 443 780 cum
459 714 548 783 illud
561 714 673 780 bibam
689 734 815 781 novum
828 711 864 776 in
884 733 986 799 repno
1003 710 1067 776 Dei
1072 732 1085 792 ;
1103 732 1183 776 cum
1200 708 1350 774 Christus
1369 717 1444 797 post
1460 730 1568 774 resur-

236 823 419 890 rectionem
444 844 540 889 suam
562 827 646 887 teste
679 827 775 888 Petro
796 839 877 883 cum
905 817 1081 906 discipulis
1107 814 1368 882 manducaverit
1391 821 1424 880 et
1445 815 1570 881 biberit

237 928 322 1016 (hcl.
354 931 480 1017 lodi),
502 928 609 1016 aliqui
636 929 739 994 verba
760 927 844 991 haec
869 926 1021 992 referunt
1042 922 1086 988 ad
1105 921 1193 988 illud
1211 927 1346 1011 tempus
1367 921 1467 1013 (Vicit.
1493 922 1564 988 Cui.

239 1034 378 1122 Calua).
396 1037 461 1102 Sed
477 1038 511 1103 id
525 1057 563 1100 ex
575 1033 704 1123 duplici
720 1032 831 1120 capite
849 1035 1031 1122 repugnat.
1052 1030 1172 1095 Vinum
1189 1028 1281 1094 enim
1303 1027 1386 1093 illud
1406 1018 1466 1094 cur
1481 1026 1569 1094 dice-

237 1146 331 1206 retur
354 1145 503 1208 nouum?
519 1141 599 1207 dein
622 1145 757 1230 tempus
780 1145 856 1226 post
878 1137 1163 1204 resurrectionem
1182 1132 1336 1200 nondum
1355 1138 1405 1199 est
1424 1155 1569 1220 reguum

236 1246 306 1313 Dei.
325 1253 362 1314 ln
384 1271 489 1336 regno
510 1247 564 1313 Dei
585 1252 619 1313 et
639 1246 758 1313 bibere
782 1244 867 1310 illud
889 1264 1014 1309 novum
1039 1241 1230 1308 illustratur
1249 1263 1289 1307 eo
1307 1240 1399 1330 quod
1421 1240 1569 1306 Christus

238 1357 320 1420 teste
346 1360 433 1421 Luca
456 1359 570 1433 2229.
591 1360 632 1420 30
661 1374 738 1418 mox
760 1358 876 1439 postea
901 1349 1014 1416 dixit:
1038 1370 1103 1434 ego
1123 1348 1267 1438 dispono
1289 1346 1385 1414 vobis
1404 1369 1565 1433 regnum,

237 1466 275 1526 ut
289 1461 396 1528 edatis
414 1467 447 1526 et
463 1459 589 1526 bibatis
607 1481 710 1552 super
734 1479 886 1523 mensam
910 1477 1022 1522 meam
1041 1456 1078 1521 in
1100 1476 1207 1541 regno
1228 1476 1315 1521 meo.
1338 1453 1496 1543 Loquitur
1508 1454 1569 1519 ita·
1617 1455 1622 1463 '

236 1589 304 1655 que
319 1567 469 1634 Christus
486 1566 528 1632 de
548 1571 631 1656 potu
647 1565 754 1650 longe
770 1564 854 1645 alio,
878 1562 1032 1652 loquitur
1047 1560 1089 1626 de
1104 1560 1240 1628 coelesti
1253 1559 1463 1628 beatitudine
1481 1582 1569 1649 quae

237 1695 340 1761 quam
362 1675 504 1739 maxime
517 1672 655 1762 proprie
670 1677 719 1737 est
737 1691 886 1756 regnum
913 1669 986 1750 hei,
1008 1669 1042 1733 in
1064 1690 1131 1757 quo
1155 1688 1263 1753 regno
1281 1667 1405 1733 iterum
1421 1689 1455 1732 se
1475 1666 1570 1733 lami·

236 1778 370 1844 liariter
387 1801 463 1845 cum
483 1778 661 1868 discipulis
680 1799 816 1843 mensae
837 1775 974 1841 coelesti
995 1774 1216 1854 accumbere,
1236 1775 1355 1862 utique
1377 1773 1452 1839 aliis
1471 1773 1570 1861 plane

236 1885 320 1953 cibis
344 1886 411 1951 frui
438 1885 614 1975 praedicit.
633 1890 705 1962 Qua
728 1884 951 1973 promissione
979 1883 1153 1948 tristitiam
1181 1880 1424 1969 discipulorum
1449 1879 1490 1945 de
1509 1900 1570 1945 suo

235 1991 391 2079 digressu
410 1992 545 2078 mitigat
556 1992 673 2081 eisque
687 2011 782 2079 spem
798 1988 1105 2080 praeclarissimam
1120 1985 1281 2054 ostendit.

276 2145 317 2202 Ex
333 2146 413 2203 Luca
427 2145 518 2212 auls
538 2143 642 2222 colligi
660 2147 765 2220 potest
782 2141 860 2201 haec
874 2141 972 2201 verba
987 2140 1147 2201 Christum
1167 2139 1286 2200 dixisse
1307 2156 1369 2198 non
1384 2137 1423 2198 ad
1438 2138 1569 2198 calicem

236 2240 490 2312 eucharisticum,
507 2241 562 2300 sed
578 2239 617 2300 ad
631 2240 730 2299 alium
745 2240 918 2317 praevium.
936 2238 1035 2308 Quare
1050 2255 1088 2298 ex
1100 2237 1187 2297 hisce
1199 2236 1303 2296 verbis
1317 2253 1373 2314 pro
1386 2234 1570 2312 quaestione

236 2339 392 2399 biberitne
410 2339 475 2416 ipse
491 2338 631 2399 Christus
645 2355 683 2397 ex
695 2337 790 2397 calice
803 2343 988 2397 consecrato
1002 2353 1059 2415 pro
1072 2340 1186 2395 neutra
1200 2336 1287 2411 parte
1302 2332 1479 2410 quidquam
1493 2331 1569 2391 certi

235 2436 381 2496 concludi
395 2436 522 2513 poterit.
537 2435 697 2496 Christum
714 2435 819 2512 ipsum
835 2434 934 2493 etiam
947 2450 1062 2511 corpus
1074 2436 1106 2491 et
1120 2431 1306 2509 sanguinem
1322 2447 1415 2490 suum
1429 2429 1487 2489 sub
1503 2444 1572 2506 spe·

235 2533 343 2593 ciebus
359 2532 638 2593 sacramentalibus
654 2531 831 2608 sumpsisse
846 2530 1004 2591 sententia
1018 2535 1067 2588 est
1080 2528 1273 2600 multorum;
1289 2543 1359 2587 eam
1375 2527 1438 2586 iam
1453 2525 1571 2603 profert

235 2627 270 2688 S.
289 2626 397 2707 Chrys.
420 2629 505 2689 hom.
523 2630 560 2687 82
579 2628 619 2688 al.
639 2630 677 2688 83
699 2628 731 2686 iu
754 2628 862 2687 llatth.
884 2645 919 2687 ea
943 2633 1051 2687 motus
1071 2626 1212 2696 ratione,
1238 2642 1277 2684 ne
1298 2623 1444 2701 discipuli
1465 2622 1569 2683 turba-

233 2731 354 2795 rentur,
373 2745 410 2786 ne
428 2725 591 2786 audientes
611 2726 706 2785 verba
724 2725 839 2784 Christi
861 2724 1026 2784 dicerent:
1042 2722 1119 2801 quid
1139 2740 1230 2801 ergo,
1245 2721 1473 2800 sanguinemne
1490 2719 1571 2779 bibi-

235 2839 306 2884 mus
321 2830 353 2883 et
364 2840 493 2884 carnem
510 2823 761 2884 manducamus?
775 2823 879 2899 ipsum
897 2823 1003 2898 itaque
1019 2821 1198 2899 sumpsisse
1214 2823 1249 2879 ut
1262 2819 1333 2878 illos
1348 2819 1387 2878 ad
1403 2816 1571 2895 mysterio-

235 2937 306 2981 rum
327 2922 601 2998 participationem
623 2920 792 2997 tranquillo
814 2918 921 2979 animo
946 2919 1148 2979 subeundam
1171 2917 1335 2978 induceret
1356 2913 1408 2994 (Ji.
1435 2913 1568 2991 surm).

234 3020 351 3078 Verum
367 3018 446 3077 hanc
464 3019 618 3077 rationem
634 3034 702 3077 esse
721 3017 798 3076 satis
814 3005 1012 3076 inefficacem
1033 3033 1127 3075 nemo
1143 3015 1281 3092 negabit.
1299 3014 1378 3074 Cum
1398 3014 1483 3072 enim
1498 3029 1573 3072 ocu-

235 3116 273 3175 lis
289 3116 366 3174 nihil
387 3116 590 3175 exhiberetur
606 3115 667 3173 nisi
688 3114 811 3191 species
830 3115 923 3191 panis
944 3119 977 3172 et
996 3114 1077 3189 vini,
1095 3118 1181 3172 certe
1198 3129 1262 3171 non
1282 3115 1349 3170 erat
1366 3109 1448 3170 unde
1469 3110 1573 3169 turba-

235 3217 344 3273 rentur
356 3211 544 3291 (θορυὸηθῶσι,
564 3209 744 3289 repulsum).
767 3211 852 3270 illias
868 3211 1007 3271 rationes
1023 3211 1113 3270 affert
1127 3208 1161 3269 S.
1184 3207 1288 3268 Tliom.
1305 3211 1323 3268 3
1339 3226 1369 3286 p.
1385 3227 1438 3287 qu.
1455 3209 1490 3266 81
1511 3211 1568 3267 art.

235 3313 263 3370 l.
276 3311 381 3369 Primo
398 3315 543 3388 provocat
558 3309 596 3368 ad
613 3309 644 3368 id
660 3307 744 3385 quod
755 3310 787 3369 S.
799 3305 887 3366 Hier.
902 3308 981 3368 dicit
992 3307 1041 3385 (ad
1060 3306 1240 3380 Hedibiam,
1255 3312 1377 3383 quaest.
1392 3305 1422 3383 ἒ)
1440 3322 1446 3362 :
1462 3305 1571 3364 Domi-

234 3425 295 3468 nus
314 3408 399 3467 lesus
425 3408 492 3484 ipse
521 3407 651 3466 conviva
674 3412 706 3465 et
725 3406 924 3474 convivium,
951 3405 1020 3483 ipse
1047 3403 1218 3464 comedens
1247 3409 1280 3463 et
1303 3405 1358 3480 qui
1380 3401 1568 3462 comeditur.

233 3506 350 3565 Verum
365 3506 443 3564 bene
458 3510 546 3564 notat
556 3505 672 3564 Sucro:
686 3504 727 3563 ad
739 3503 830 3563 illum
845 3503 1035 3563 articulum:
1051 3524 1065 3555 «
1083 3501 1138 3561 sed
1150 3501 1176 3560 si
1188 3501 1284 3560 verba
1299 3505 1418 3560 attente
1430 3497 1572 3559 conside·

235 3608 356 3673 rentur,
374 3619 435 3661 non
450 3602 527 3661 dicit
542 3602 573 3660 in
590 3601 636 3660 eis
654 3617 800 3678 expresse
817 3601 1041 3678 llieronymus,
1059 3599 1218 3659 Christum
1238 3598 1414 3658 comedisse
1430 3599 1571 3675 seipsum

237 3701 293 3762 scd
311 3700 416 3760 solum
432 3699 609 3759 comedisse
625 3703 656 3758 et
667 3699 894 3758 manducatum
912 3698 1021 3767 luisse,
1040 3716 1121 3774 quae
1135 3701 1264 3774 possent
1279 3714 1347 3756 esse
1363 3713 1435 3755 vera
1448 3694 1570 3754 etiamsi

236 3815 346 3857 senon
364 3797 569 3867 comedisset;
589 3813 660 3854 nam
681 3793 823 3855 comedit
841 3813 957 3874 agnum
977 3794 1025 3855 vel
1042 3795 1120 3855 alios
1140 3796 1228 3854 cibos
1244 3799 1274 3853 el
1295 3811 1329 3853 se
1348 3791 1489 3870 praebuit
1501 3791 1571 3851 aliis

234 3894 466 3954 comedendum
481 3920 507 3952 i.
525 3895 614 3953 llatio
631 3893 796 3970 potissima
811 3910 906 3968 quam
919 3896 950 3954 S.
968 3890 994 3951 T
993 3891 1071 3951 horu.
1085 3893 1176 3951 affort
1191 3895 1249 3960 est,
1267 3914 1281 3943 «
1293 3890 1369 3967 quia
1382 3890 1520 3950 Christus
1534 3906 1571 3948 ca

235 4009 317 4069 quae
327 3992 365 4050 ab
377 3993 447 4050 aliis
462 3989 657 4050 observanda
672 3991 825 4056 instituit,
841 3991 909 4067 ipsc
920 3990 1069 4067 primitus
1082 3989 1264 4049 observavit
1281 4013 1294 4042 »
1304 4008 1311 4060 ;
1322 4006 1400 4065 quae
1413 3992 1572 4065 praeterea

235 4089 382 4158 adducit,
407 4088 445 4147 ad
471 4089 550 4148 hanc
568 4106 635 4148 rem
658 4089 750 4166 plane
771 4088 850 4146 nihil
871 4089 996 4158 valent,
1016 4088 1061 4147 uti
1083 4104 1158 4148 eum
1182 4087 1372 4164 sumpsisse,
1388 4087 1462 4162 quia
1482 4085 1571 4162 pueri

234 4187 511 4248 communicarunt
528 4187 613 4244 carui
634 4193 665 4244 et
681 4186 827 4264 sanguini
845 4191 876 4244 et
898 4188 965 4262 ipse
988 4186 1187 4264 participavit
1204 4184 1341 4257 eisdem;
1360 4185 1392 4242 in
1408 4201 1469 4260 quo
1489 4184 1570 4255 loco,

236 4290 272 4344 ut
285 4286 397 4344 Sicu-c:
414 4289 510 4352 notat,
523 4283 686 4360 apostolus
700 4285 807 4359 (llehr.
819 4284 904 4360 art)
916 4284 980 4360 agit
995 4283 1034 4342 de
1051 4283 1203 4358 inusterio
1215 4281 1454 4352 lucarnationis‚
1467 4281 1498 4339 in
1508 4298 1570 4356 quo

237 4383 332 4442 Filius
356 4382 408 4440 llei
431 4381 595 4439 mortalem
617 4397 743 4440 carnem
768 4381 959 4458 assumpsit,
980 4386 1014 4439 ut
1033 4379 1184 4439 tratribus
1205 4380 1293 4438 lieret.
1314 4379 1440 4438 similis.
1464 4381 1569 4455 Neque

236 4479 300 4540 dici
316 4485 420 4556 potest
437 4496 509 4539 cum
530 4479 561 4538 S.
575 4478 695 4537 Thoma
716 4478 800 4556 quod
821 4477 937 4538 dicitur
955 4479 1076 4555 accepit
1097 4493 1213 4555 panem
1232 4481 1264 4536 et
1279 4477 1412 4536 calicem
1433 4494 1500 4536 esse
1522 4477 1570 4535 in-

237 4578 473 4655 terpretandum
494 4595 500 4635 :
524 4575 676 4636 eomodo
697 4577 820 4654 accepit
838 4595 901 4653 quo
923 4576 994 4635 aliis
1013 4575 1238 4654 accipiendum
1258 4574 1389 4634 tradidit
1409 4575 1428 4632 i.
1454 4592 1479 4633 o.
1504 4574 1571 4652 ipse

237 4677 394 4754 accipiens
413 4675 551 4735 comedit
570 4679 601 4732 et
621 4673 712 4733 bibit.
728 4673 789 4733 Sed
812 4674 872 4733 hoc
893 4692 929 4734 cx
949 4674 1053 4733 verbis
1074 4658 1205 4732 minime
1227 4673 1352 4750 probari
1370 4671 1571 4731 manifestum

239 4779 301 4845 est,
320 4791 392 4834 cum
413 4791 521 4833 seusus
542 4771 742 4850 apertissimo
764 4773 827 4831 sit:
847 4772 913 4849 ipse
935 4772 1073 4849 sumpsit
1091 4770 1240 4831 manilius
1260 4787 1389 4848 panem,
1407 4770 1499 4848 lregit
1514 4769 1570 4830 dc-
