3960 5654
153 525 228 586 ‚242
319 527 320 530 ’
698 541 789 586 rexne.
813 525 842 594 9,
867 523 975 585 18-19.

167 700 187 744 o
200 675 375 766 penerotio
388 670 581 754 incredula,
592 673 759 763 quamdiu
770 670 868 763 opud
874 694 932 738 vos
945 678 1024 740 ero?
1034 673 1199 764 quamdiu
1208 696 1266 740 vos
1275 672 1414 764 patiar?
1424 678 1499 760 post

86 774 88 779 ¹
167 789 216 850 tot
229 780 399 872 potentiae
416 778 619 847 documenta
635 780 726 847 edita
741 779 967 870 reprehendit
985 804 1082 848 sacra
1095 778 1244 870 quadam
1262 778 1496 866 indignatione

166 889 304 956 illorum
320 886 354 951 in
372 884 439 951 hdo
456 887 649 953 tarditatem
666 893 699 952 et
714 887 892 967 duritiem;
913 915 929 947 κ
948 911 1018 955 non
1032 885 1125 977 quod
1137 884 1250 952 taedio
1263 891 1439 976 superatus
1453 885 1496 950 sit

164 998 361 1062 mansuetus
380 1014 419 1059 ac
440 995 546 1074 mitis,
569 1015 631 1059 nec
651 994 684 1058 in
704 994 809 1059 verba
828 992 951 1061 luroris
970 995 1097 1084 erupit,
1119 993 1178 1059 sed
1197 1014 1264 1080 quo
1284 993 1320 1059 in
1340 990 1496 1059 similitu-

164 1100 281 1167 dinem
306 1099 447 1183 modici,
474 1102 501 1166 si
521 1105 701 1184 aegrotum
728 1099 841 1164 videat
869 1109 988 1167 contra
1006 1123 1065 1166 sna
1092 1104 1274 1189 praecepta
1298 1122 1333 1166 se
1356 1119 1493 1186 gerere,

61 1264 65 1274 ,
162 1206 254 1272 dicat
279 1229 287 1275 :
313 1230 491 1297 usquequo
518 1205 678 1272 accedam
705 1207 749 1272 ad
778 1204 916 1273 domum
946 1210 1065 1273 tuam?
1090 1228 1267 1296 quousque
1293 1208 1375 1272 artis
1398 1226 1495 1272 meae

161 1312 305 1401 perdam
331 1314 537 1380 industriam
566 1332 620 1377 me
649 1312 782 1401 aliquid
801 1313 940 1380 iubente
960 1321 993 1379 et
1015 1319 1046 1379 te
1071 1313 1165 1380 aliud
1189 1313 1432 1403 perpetrante?
1458 1314 1495 1376 ln

160 1425 291 1487 tantum
305 1428 419 1487 autom
434 1441 503 1485 non
515 1417 684 1485 estiratus
696 1418 847 1499 homini,
868 1421 928 1486 sed
943 1421 1037 1500 vitio,
1055 1421 1216 1486 utstatim
1235 1418 1391 1485 intulerit
1411 1440 1420 1483 t
1439 1418 1494 1506 as-

157 1528 243 1615 serta
253 1527 352 1593 illum
363 1527 474 1593 adme
487 1553 502 1584 »
517 1522 647 1613 (Beda).
661 1525 725 1591 Sed
741 1547 827 1615 quos
839 1527 977 1593 nomine
985 1527 1216 1613 generationis
1229 1523 1426 1592 incredulae
1436 1523 1494 1590 de·

159 1632 295 1720 signat?
310 1633 468 1714 ludaeos
487 1632 653 1721 populum
668 1631 823 1720 plerique
838 1631 1061 1722 respondent,
1078 1633 1127 1699 ita
1137 1639 1176 1699 ut
1190 1631 1373 1722 discipulos
1391 1630 1435 1697 ab
1453 1652 1492 1696 ea

160 1739 423 1829 reprehensione
439 1739 588 1805 eximant
603 1738 660 1826 (cl.
682 1739 765 1804 Vict.
785 1738 890 1807 Erret,
911 1739 1020 1806 Calm.
1037 1742 1132 1807 Patr.
1150 1739 1310 1828 Sobeqq).
1332 1736 1395 1804 Sed
1413 1758 1492 1803 cum

158 1845 309 1912 Christus
322 1846 437 1912 Matth.
455 1851 554 1925 1730
578 1843 755 1932 discipulis
779 1850 895 1934 aperte
911 1845 1002 1912 dicat
1029 1867 1036 1914 :
1056 1851 1196 1935 propter
1216 1843 1492 1911 incredulitatem
1617 1900 1619 1904 .

158 1959 306 2018 vestram
330 1973 398 2018 non
419 1949 576 2040 potuistis
597 1951 739 2032 eiicere,
758 1951 908 2040 prolecto
924 1972 994 2018 non
1007 1957 1117 2042 potest
1133 1952 1203 2018 ulla
1223 1952 1309 2018 ratio
1325 1949 1492 2036 assignari

157 2079 219 2123 cur
236 2059 442 2140 eximantur,
462 2079 481 2124 e
501 2063 620 2124 contra
637 2057 842 2144 gravissima
861 2058 1002 2139 exsistit,
1027 2066 1065 2125 ut
1086 2081 1126 2126 ea
1145 2057 1409 2149 reprehensione
1425 2055 1492 2145 ipsi

157 2186 294 2255 quoque
314 2164 411 2251 tangi
431 2170 643 2230 censeantur.
667 2169 773 2231 lmmo
793 2187 870 2231 cum
890 2173 1014 2252 agatur
1032 2165 1074 2232 de
1092 2165 1289 2255 expulsione
1318 2162 1492 2231 daemonis

157 2293 245 2361 quae
266 2279 407 2361 propter
426 2270 507 2337 fidei
527 2271 696 2338 delectum
717 2270 790 2338 lieri
810 2294 878 2337 non
898 2273 1025 2361 potnit,
1047 2274 1108 2339 iste
1126 2273 1278 2339 delectus
1296 2293 1366 2337 non
1385 2292 1490 2359 quae-

157 2378 282 2446 rendus
298 2384 348 2445 est
364 2381 400 2445 in
420 2378 521 2444 turba
535 2379 714 2444 hominum
731 2378 959 2458 adstantium,
976 2401 1095 2446 verum
1110 2379 1145 2446 in
1157 2386 1254 2469 patre
1271 2378 1324 2445 vel
1339 2379 1376 2444 in
1390 2376 1491 2443 disci-

156 2485 244 2575 pulis
264 2487 317 2552 vel
336 2486 450 2574 potins
467 2486 503 2551 in
522 2490 620 2573 patre
638 2491 671 2550 et
691 2485 876 2575 discipulis.
895 2491 1021 2552 Eorum
1040 2487 1129 2553 enim
1146 2486 1206 2575 qui
1222 2483 1491 2552 circumstabant

156 2593 376 2659 incredulitas
402 2598 494 2658 certe
519 2613 588 2657 non
615 2593 653 2657 in
679 2613 780 2658 causa
807 2600 880 2658 erat
906 2614 967 2658 cur
992 2592 1148 2682 discipuli
1167 2616 1237 2659 non
1255 2595 1391 2681 possent
1408 2589 1489 2656 dae-

156 2720 293 2766 monem
313 2700 491 2788 expellere.
511 2703 620 2776 Quare
636 2699 856 2788 reprehensio
876 2699 1000 2765 Christi
1019 2700 1170 2788 proxime
1187 2706 1262 2765 orta
1285 2703 1391 2764 estex
1409 2695 1489 2762 fidei
1574 2751 1577 2757 .

155 2804 287 2872 defectu
311 2806 345 2871 in
373 2812 469 2894 patre
496 2811 529 2871 et
548 2804 723 2894 discipulis
742 2812 775 2871 et
794 2806 837 2873 ad
856 2827 974 2872 omnes
996 2806 1105 2872 solum
1125 2806 1329 2885 extenditur,
1350 2805 1432 2893 quia
1452 2804 1489 2868 in

154 2910 287 2978 delectu
307 2912 432 2983 horum
452 2911 604 2978 Christus
623 2911 719 2978 illum
736 2912 895 2978 morbum
916 2913 1012 3001 quasi
1028 2913 1275 3002 repraesentari
1295 2911 1403 2978 cernit
1421 2932 1490 2999 quo

154 3018 298 3108 populus
313 3020 506 3104 generatim
521 3017 668 3084 laborat.
687 3023 841 3084 Humano
855 3018 957 3085 modo
975 3026 1012 3084 ut
1028 3019 1221 3108 loquamur,
1240 3019 1364 3085 horum
1380 3017 1489 3083 incre·

153 3124 296 3191 dulitate
319 3126 350 3190 ei
379 3126 415 3190 in
439 3125 641 3191 memoriam
667 3123 844 3190 reducitur
869 3146 986 3192 omnes
1010 3126 1113 3192 simili
1140 3125 1358 3212 aegritudine
1382 3122 1487 3190 affici.

155 3234 267 3321 Neque
287 3230 378 3297 valet
401 3230 494 3320 quod
516 3234 612 3297 Patr.
638 3231 789 3317 oggerit,
811 3229 990 3320 discipulis
1016 3232 1052 3298 in
1078 3254 1108 3297 v.
1138 3237 1180 3298 28
1201 3232 1305 3298 aliam
1329 3230 1445 3297 afferri
1468 3252 1488 3295 a

153 3338 285 3404 Christo
305 3359 459 3418 causam,
476 3337 552 3404 illos
566 3359 651 3424 ergo
663 3336 813 3403 delectus
825 3337 907 3404 fidei
924 3337 1065 3405 minime
1081 3339 1244 3405 accusari.
1267 3343 1308 3404 At
1323 3358 1487 3403 accusan-

22 3504 26 3516 .
155 3452 212 3511 tur
230 3444 374 3510 totidem
393 3444 508 3510 verbis
526 3443 560 3510 in
581 3444 700 3511 eadem
720 3467 757 3511 re
774 3445 890 3511 Matth.
912 3451 1025 3526 two.

199 3556 286 3618 Puer
296 3551 414 3641 itaque
432 3551 477 3618 ad
497 3550 678 3617 Dominum
700 3551 841 3617 affertur
861 3574 893 3619 v.
913 3558 953 3618 19
974 3564 1007 3618 et
1022 3552 1210 3618 attulerunt
1235 3574 1331 3631 eum,
1357 3564 1485 3617 etcum

153 3657 289 3725 vidisset
307 3680 402 3739 eccm,
423 3658 537 3724 statim
553 3657 694 3747 spiritus
714 3656 928 3725 conturbavit
946 3657 1044 3724 illum
1063 3672 1096 3725 et
1115 3658 1216 3725 elisus
1235 3659 1271 3723 in
1291 3669 1416 3724 temam
1429 3679 1486 3723 oo-

154 3766 330 3834 laetabatur
340 3787 504 3855 spumans
525 3751 599 3825 ἰδὼν
618 3763 709 3825 αὐτόν
723 3764 832 3854 aliqui
847 3766 1017 3855 explicant
1036 3766 1078 3831 de
1093 3788 1200 3856 puero
1217 3787 1224 3833 ε
1243 3764 1386 3831 simulac
1400 3787 1486 3853 puer

152 3873 237 3940 vidit
268 3878 392 3956 lesum,
423 3871 570 3938 daemon
599 3870 762 3936 contorsit
785 3877 818 3937 et
843 3871 1005 3939 convellit
1029 3891 1124 3950 eum,
1150 3871 1379 3938 nominativus
1403 3876 1484 3938 tunc

152 3981 342 4070 explicatur
370 3984 509 4069 propter
536 3977 748 4067 subsequens
774 3972 908 4040 ἐκυλίετο
931 3980 1032 4068 (lans.
1062 3983 1186 4068 Lorny,
1213 3978 1362 4067 Schepq,
1392 3978 1481 4067 Bisp.

151 4087 305 4167 Schonz,
328 4086 425 4173 Fil.);
443 4084 502 4151 sed
526 4105 604 4150 cum
629 4082 715 4149 haec
735 4085 941 4151 constructio
959 4085 1003 4151 sit
1021 4085 1100 4152 satis
1123 4090 1255 4167 coacta,
1279 4085 1390 4174 potius
1411 4076 1484 4147 ἰδὼν

151 4195 270 4261 referri
291 4193 392 4260 debet
407 4192 450 4259 ad
470 4197 605 4278 πνεῦμα,
628 4196 666 4256 nt
679 4192 722 4256 sit
734 4193 940 4259 constructio
958 4192 1148 4259 adsensum
1166 4215 1254 4282 quae
1273 4192 1404 4281 pariter
1421 4192 1482 4259 ha·

151 4301 250 4368 betur
268 4303 347 4367 inv.
363 4307 405 4366 26
421 4306 454 4366 et
469 4299 567 4366 facile
582 4296 799 4382 intelligitur,
816 4320 893 4364 cum
908 4298 950 4365 de
965 4299 1129 4367 daemone
1141 4322 1252 4366 sermo
1264 4301 1318 4365 sit.
1334 4303 1481 4366 Daemon

150 4414 368 4498 conspectum
392 4407 522 4472 Domini
538 4406 626 4471 serre
654 4404 788 4493 nequit;
807 4405 898 4471 unde
918 4429 958 4472 eo
981 4429 1049 4496 quo
1072 4412 1181 4497 potest
1206 4406 1307 4472 modo
1329 4406 1481 4473 furorem

149 4537 248 4582 suum
264 4521 298 4581 et
313 4516 400 4580 iram
412 4513 618 4580 manifestat.
634 4516 724 4578 lesus
738 4510 902 4602 autemid
919 4513 1098 4601 permittit,
1117 4520 1153 4581 ut
1162 4512 1337 4581 daemonis
1351 4511 1482 4580 indoles

149 4619 309 4689 omnibus
324 4623 511 4687 innotescat
536 4627 570 4686 et
591 4641 659 4708 quo
675 4618 785 4703 magis
802 4618 875 4684 eius
894 4618 1004 4685 rabies
1018 4626 1051 4686 et
1065 4621 1216 4710 potentia
1233 4620 1476 4701 manifestetur,

148 4753 187 4798 eo
203 4728 312 4813 magis
327 4749 464 4816 quoque
474 4727 509 4792 in
522 4726 618 4794 clade
628 4724 847 4793 talisinimici
862 4731 1008 4814 potestas
1020 4728 1201 4795 Salvatoris
1210 4726 1478 4794 commendetur.

151 4869 165 4899 «
183 4835 330 4903 Allatum
346 4835 486 4900 Domino
501 4856 647 4923 puerum
660 4832 798 4923 spiritns
810 4832 993 4900 conturbat
1008 4841 1040 4901 et
1055 4835 1163 4916 elidit,
1186 4834 1269 4923 quia
1282 4855 1382 4923 saepe
1396 4832 1479 4899 dum

146 4941 349 5012 convertiad
364 4940 541 5007 Dominum
558 4947 635 5030 post
647 4945 785 5030 peccata
794 4961 971 5024 conamur,
984 4942 1339 5031 maioribusnovisque
1347 4941 1479 5030 antiqui
