3960 5654
1594 468 1651 528 15¹1

320 635 399 681 meu
425 617 515 704 quod
541 617 730 686 intercedat
753 613 842 678 inter
868 613 975 682 vitam
1002 616 1074 678 eius
1097 612 1249 700 priorem
1268 620 1301 678 et
1327 635 1451 681 munus
1471 612 1652 703 quodiam

319 727 489 806 exerceat3
512 725 606 812 filius
630 718 777 799 Mariae,
796 722 906 809 frater
921 717 1039 787 Iacolri
1058 730 1091 782 et
1113 719 1231 808 loseph
1253 732 1286 785 et
1306 718 1412 785 leidae
1429 735 1462 785 et
1482 708 1653 788 Simonis?

319 849 429 897 nonne
448 842 480 898 et
496 849 624 896 sorores
646 825 715 892 eius
735 826 791 894 tic
812 825 987 894 nobiscum
1009 830 1111 891 sunt?
1127 824 1247 891 dicunt
1266 847 1368 913 quam
1390 826 1476 892 bene
1497 849 1573 893 eum
1593 827 1653 893 ha·

319 933 421 1004 beant
437 941 555 1002 notum
571 939 747 1023 tamquam
771 956 870 1000 suum
887 935 996 1000 civem
1012 937 1046 996 et
1062 953 1176 997 secum
1191 930 1403 997 habitantem
1419 954 1494 997 cum
1511 935 1651 1023 propin-

318 1042 410 1132 quis,
428 1041 483 1107 cui
498 1040 613 1129 itaque
628 1063 688 1107 cur
702 1040 812 1107 subito
826 1039 917 1106 dona
932 1038 1055 1104 exinria
1068 1037 1133 1103 sint
1149 1038 1271 1104 collata
1289 1037 1418 1104 nullam
1439 1047 1584 1104 cernunt
1599 1062 1651 1105 ra-

317 1147 445 1214 tionem
458 1146 512 1212 vel
526 1169 675 1215 causam.
698 1152 741 1213 De
764 1145 929 1212 iratribus
948 1143 1026 1210 vide
1042 1144 1086 1210 ad
1107 1151 1206 1224 3³3¹}
1230 1144 1370 1210 lacobus
1390 1149 1423 1209 et
1443 1145 1541 1212 ludas
1563 1146 1652 1213 inter

318 1252 484 1343 apostolos
505 1261 738 1333 recensentur;
764 1252 884 1318 Simon
906 1251 989 1340 (non
1015 1252 1133 1318 Simon
1156 1251 1214 1316 ilie
1239 1250 1377 1339 zelotes)
1400 1259 1474 1340 post
1494 1251 1650 1318 Iacobum

316 1359 455 1426 fratrem
483 1360 615 1427 Domini
637 1359 812 1447 episcopus
834 1363 907 1425 erat
927 1356 1250 1442 hierosolymitanus
1271 1357 1327 1444 (ef.
1354 1356 1535 1438 Eusebius,
1558 1359 1593 1425 h.
1618 1383 1648 1425 e.

250 1472 253 1479 '
317 1470 424 1552 3,1t)‚
440 1472 527 1534 lases
540 1466 594 1533 rel
609 1466 726 1554 ioseph
737 1465 779 1531 ci.
793 1464 906 1530 ilatth.
920 1470 1035 1545 2256.
1048 1468 1146 1529 hiarc.
1162 1470 1275 1545 15‚t0.
1288 1467 1370 1529 Cum
1384 1465 1511 1531 nullam
1526 1466 1652 1533 iaciant

316 1573 521 1640 mentionem
547 1571 699 1661 losephi‚
720 1571 825 1661 patris
845 1569 992 1659 putativi
1023 1575 1111 1650 lesu,
1141 1571 1262 1636 merito
1289 1571 1563 1638 concludendum
1587 1574 1650 1639 erit

317 1690 396 1746 eum
410 1686 482 1745 tum
495 1678 658 1768 temporis
672 1679 741 1745 iam
753 1700 772 1744 e
783 1678 868 1743 vivis
880 1677 1057 1743 excessisse
1066 1676 1123 1765 (ct.
1138 1676 1292 1757 Graiium,
1306 1678 1459 1759 Schanz,
1471 1679 1535 1745 Fit.
1548 1680 1648 1762 esau

317 1797 350 1851 e't
374 1783 697 1852 scandalizabantur
717 1784 754 1850 in
774 1783 835 1851 illo
844 1805 858 1867 ;
875 1790 1017 1872 propter
1034 1783 1069 1848 id
1089 1782 1184 1872 quod
1202 1782 1356 1850 sciebant
1375 1783 1417 1850 de
1434 1787 1507 1851 eius
1525 1807 1650 1872 genere

315 1912 394 1958 eum
411 1890 658 1982 despiciebant;
681 1892 768 1957 mira
789 1896 823 1956 et
837 1891 961 1955 eximia
976 1911 1064 1978 qaae
1080 1889 1115 1955 in
1130 1911 1170 1956 eo
1189 1890 1403 1979 apparebant
1422 1912 1488 1957 nou
1504 1892 1649 1964 honora-

314 1996 400 2065 bant
422 1997 550 2088 (Viae).
572 2003 659 2084 Haec
678 1997 849 2086 sapientia
864 2001 898 2062 et
912 2017 1018 2085 opera
1038 1998 1177 2085 quaein
1197 2019 1237 2063 eo
1257 1997 1487 2064 cernebantur
1506 2002 1650 2066 Nazare-

197 2119 199 2123 ’
315 2103 448 2187 thanis,
466 2110 583 2195 utpote
601 2125 781 2194 perperam
804 2103 919 2170 animo
932 2103 1150 2191 comparatis,
1171 2101 1373 2170 offendiculo
1392 2112 1490 2171 erant
1504 2107 1651 2173 occasio-

313 2209 680 2300 nemquepraebebant
691 2210 804 2276 minus
816 2216 907 2275 recte
920 2208 1094 2295 cogitandi
1105 2208 1149 2275 de
1159 2211 1217 2276 Dei
1227 2209 1444 2299 providentia
1452 2211 1648 2279 huiusmodi

315 2303 452 2383 dotibus
464 2338 539 2384 cum
562 2315 808 2383 accumulantis
824 2337 926 2404 quem
945 2316 1011 2404 ipsi
1026 2337 1095 2381 non
1114 2315 1223 2404 pluris
1238 2316 1390 2382 iacerent
1403 2339 1508 2405 quam
1525 2340 1649 2385 unum·

315 2444 485 2513 quemque
507 2423 548 2491 de
571 2423 751 2491 hominum
764 2444 907 2489 numero
925 2422 1081 2512 nihilque
1100 2423 1132 2488 ci
1148 2444 1251 2512 supra
1271 2431 1401 2489 ceteros
1419 2426 1577 2492 mortales
1597 2432 1649 2493 at-

313 2528 505 2597 tribuerent
524 2529 660 2620 (Patr.).
682 2534 790 2616 tegre
809 2529 968 2595 serebant
985 2535 1019 2594 et
1035 2530 1142 2596 livore
1158 2529 1380 2616 agitabantur
1400 2530 1492 2619 quod
1505 2533 1532 2598 is
1546 2554 1649 2621 quem

313 2635 380 2703 sibi
397 2637 634 2704 existimabant
652 2657 769 2727 parem
791 2635 899 2702 maius
921 2634 1006 2725 quid
1027 2642 1060 2701 ct
1082 2636 1262 2703 sublimius
1277 2643 1455 2726 appeteret
1473 2645 1507 2704 et
1525 2640 1648 2707 eximia

314 2750 494 2832 perageret
513 2765 627 2833 opera.

355 2931 476 2992 Vocem
495 2932 593 2989 τέκτων
613 2930 790 3008 antiquitus
809 2931 1025 2990 communiter
1044 2930 1084 2990 de
1107 2931 1192 2990 labro
1213 2931 1346 3009 lignario
1367 2949 1437 2992 esse
1453 2933 1647 2994 intellectam

316 3033 448 3091 constat.
465 3029 511 3090 lta
522 3029 556 3090 S.
572 3029 707 3089 lustinus
722 3031 825 3087 narrat
839 3028 943 3088 lesum
956 3028 1132 3087 coniecisse
1148 3034 1252 3087 aratra
1266 3033 1298 3088 et
1318 3029 1388 3107 iuga
1406 3029 1446 3107 (c.
1463 3030 1579 3109 Tryph.
1596 3032 1647 3110 88)

258 3161 263 3170 ·
315 3130 348 3188 et
364 3124 466 3189 Celsus
486 3143 613 3204 quoque
632 3125 767 3185 irridens
788 3124 983 3185 Christianos
1003 3125 1139 3185 scribit:
1159 3126 1224 3184 illic
1245 3126 1364 3204 ubique
1383 3127 1493 3187 videas
1509 3129 1592 3189 ritae
1611 3128 1648 3188 li·

313 3242 414 3303 gnum
433 3228 465 3285 et
479 3224 580 3284 carnis
602 3223 867 3284 resurrectionem
884 3240 941 3300 per
960 3223 1082 3298 lignum
1104 3222 1169 3300 (ἀπὸ
1186 3221 1291 3298 iiiior
1319 3225 1434 3302 opinor
1451 3226 1527 3302 quia
1547 3228 1647 3305 magi·

314 3328 502 3383 stercorum
518 3322 603 3382 cruci
618 3321 716 3382 clavis
735 3321 843 3382 affixus
858 3325 907 3380 est
921 3325 953 3380 et
967 3325 1034 3380 arte
1050 3321 1137 3379 taber
1152 3327 1216 3380 erat
1239 3321 1297 3401 (καὶ
1310 3312 1341 3392 ἧν
1361 3329 1462 3379 τέκτων
1479 3324 1527 3395 τὴν
1541 3324 1648 3403 τέχνην,

314 3419 399 3500 Orig.
421 3437 448 3480 c.
466 3419 544 3481 Cels.
561 3421 647 3492 o‚³r;
664 3417 707 3479 M.
726 3419 884 3496 tratur
909 3418 958 3478 cui
977 3417 1149 3495 respondet
1166 3420 1319 3497 Origenes
1334 3437 1491 3497 nusquam
1507 3422 1539 3480 in
1554 3438 1649 3482 evan·

313 3517 406 3596 geliis
419 3517 458 3577 ab
473 3517 609 3578 Ecclesia
620 3518 756 3595 receptis
772 3517 876 3576 iesum
892 3515 955 3575 dici
972 3515 1114 3588 tahrum;
1133 3534 1230 3594 quare
1246 3517 1295 3576 ret
1313 3519 1470 3577 memoria
1486 3520 1589 3597 tapsus
1600 3527 1649 3581 est

313 3615 362 3675 vel
378 3615 408 3674 in
431 3615 498 3675 suis
514 3613 748 3693 exemplaribus
768 3614 900 3675 alteram
922 3613 1025 3673 solum
1043 3614 1165 3674 invenit
1182 3615 1354 3675 lectionem
1370 3638 1383 3673 ο
1397 3639 1442 3674 του
1461 3638 1580 3684 aaaron<
1595 3640 1649 3682 υιος

315 3711 367 3784 (ct.
380 3712 400 3773 l.
418 3730 445 3773 c.
459 3715 514 3784 ³63
529 3712 629 3790 1352).
643 3713 723 3773 Nota
738 3717 811 3773 sunt
825 3729 905 3790 quae
921 3712 1121 3773 theodoretus
1133 3711 1221 3788 (hist.
1234 3715 1309 3774 ecci.
1328 3714 1411 3793 3,18)
1426 3720 1458 3775 et
1471 3715 1648 3777 Sozonunus

314 3809 391 3888 (63.)
407 3814 550 3882 narrant,
575 3809 742 3871 Libanium
762 3810 937 3888 sophistam
958 3809 1156 3870 deridentem
1178 3828 1228 3871 res
1248 3811 1436 3873 christianas
1452 3815 1647 3890 quaesivisse

314 3925 352 3968 ex
366 3907 548 3987 paedagogo
568 3907 707 3985 quodam
726 3909 932 3979 antiocheno,
949 3909 1016 3968 viro
1032 3910 1101 3986 pio,
1119 3909 1195 3986 quid
1210 3915 1318 3987 ageret
1333 3910 1412 3969 labri
1435 3911 1539 3971 tilius?
1555 3930 1646 3972 eum-

312 4021 377 4089 que
395 4005 596 4084 respondisse
615 4024 623 4065 :
644 4007 839 4084 sandapilam
862 4006 1099 4084 (γλωσσοτομεῖον)
1121 4007 1292 4067 fabricatur
1308 4025 1413 4068 rerum
1433 4010 1579 4069 omnium
1601 4010 1646 4070 ta·

313 4103 448 4163 bricator
466 4121 563 4181 quem
585 4109 619 4165 tu
634 4121 690 4182 per
712 4104 884 4165 ludibrium
908 4104 988 4163 labri
1010 4104 1110 4163 lilium
1125 4105 1292 4182 appellasti
1316 4105 1367 4184 (cl.
1384 4105 1536 4180 sucerus,
1554 4107 1645 4168 Thes.

312 4200 340 4261 ll
360 4219 391 4279 p.
414 4202 514 4280 1255).
530 4202 640 4262 Solum
661 4201 694 4262 S.
716 4203 851 4262 Hilarius
872 4202 998 4261 ridetur
1020 4218 1131 4260 vocem
1151 4202 1327 4281 intelligere
1352 4203 1390 4262 de
1413 4209 1480 4263 arte
1505 4205 1646 4272 ferraria,

313 4299 461 4375 idemque
479 4300 595 4360 sentire
618 4300 744 4360 videtur
764 4299 847 4359 Beda
865 4299 903 4359 ad
927 4299 957 4358 h.
983 4299 1003 4357 t.
1028 4317 1101 4359 cum
1121 4300 1238 4360 scribat
1255 4318 1261 4358 :
1282 4318 1345 4360 non
1365 4301 1431 4361 sine
1451 4301 1528 4362 certi
1544 4304 1646 4382 prori-

313 4397 402 4457 sione
424 4398 613 4457 sacramenti
632 4399 784 4458 Dominus
802 4397 832 4455 in
853 4415 945 4457 carne
966 4415 1121 4475 apparens
1140 4398 1228 4457 taber
1243 4404 1275 4457 et
1290 4399 1368 4458 labri
1386 4399 1469 4459 silius
1486 4401 1646 4461 aestimari

312 4512 348 4555 ac
362 4494 424 4555 dici
441 4494 554 4567 voluit3
572 4496 649 4572 quin
668 4496 773 4574 potius
789 4495 886 4555 etiam
909 4513 965 4574 per
987 4495 1048 4555 hoc
1071 4512 1104 4554 se
1125 4496 1193 4555 eius
1217 4502 1288 4556 ante
1308 4498 1436 4557 saecula
1455 4498 1553 4559 titium
1577 4517 1645 4560 csse

313 4593 420 4654 docuit
439 4591 494 4670 qui
512 4592 678 4654 fabricator
697 4595 841 4655 omnium
859 4594 888 4651 in
911 4594 1069 4672 principio
1091 4595 1208 4652 creavit
1230 4594 1355 4653 coetum
1375 4601 1407 4655 et
1422 4601 1550 4656 terram.
1568 4599 1645 4657 Nam

313 4691 373 4752 etsi
398 4690 535 4751 humana
550 4707 613 4750 non
628 4696 702 4751 sunt
721 4691 936 4768 comparanda
955 4690 1088 4761 divinis,
1106 4697 1198 4769 typus
1218 4697 1321 4752 tamen
1344 4693 1464 4772 integer
1485 4700 1548 4765 est,
1571 4696 1644 4772 quia

313 4795 403 4867 pater
418 4789 530 4850 Christi
543 4791 609 4869 ipat
617 4796 761 4866 operatur
775 4795 807 4849 et
821 4790 946 4868 spiritu,
965 4790 1048 4849 unde
1064 4795 1095 4849 et
1111 4789 1149 4849 de
1166 4791 1234 4867 ipso
1250 4797 1413 4867 tamquam
1429 4793 1468 4852 de
1484 4793 1564 4851 labri
1581 4793 1645 4855 lilio

314 4904 500 4965 praecursor
519 4905 593 4949 suus
615 4888 680 4948 ait:
699 4887 766 4966 ipse
781 4904 839 4948 ros
860 4887 1033 4965 baptizabit
1058 4888 1090 4947 in
1114 4888 1232 4966 Spiritu
1256 4895 1362 4949 sancto
1384 4895 1417 4950 ct
1438 4890 1520 4968 igni,
1537 4891 1593 4968 qui
1614 4891 1648 4955 in
