3960 5654
862 457 953 502 nanc.
978 441 1008 512 Ξ,
1031 441 1094 502 58.
1605 445 1641 503 71

309 588 404 650 snm.
421 593 500 654 laus.
517 607 610 671 posse
630 591 759 666 quidem
777 593 944 654 sanitatem
963 592 1163 671 corporalem
1182 590 1277 651 alicui
1296 591 1432 652 conferri
1449 593 1482 652 et
1497 590 1642 654 collatam

310 705 377 749 osse
392 689 561 769 aliquando
577 705 595 747 a
610 687 733 752 Christo
751 691 819 751 solo
838 689 954 749 intuitu
971 691 1045 751 tidei
1063 690 1205 759 alienae3
1223 689 1422 765 spiritualem
1441 693 1547 750 tamen
1563 691 1644 749 sani·

309 790 407 848 tatem
423 805 503 866 quae
519 786 552 844 in
567 794 772 864 peccatorum
790 787 978 849 remissione
1000 786 1150 848 consistat
1171 785 1203 844 in
1218 786 1338 846 adultis
1354 789 1454 866 accipi
1470 805 1534 848 non
1549 804 1642 866 posse

308 885 376 945 sine
392 884 518 965 propria
534 883 603 945 tide.
623 887 669 947 lta
687 884 828 965 protecto
844 901 894 944 res
910 904 943 945 se
964 886 1060 946 babet
1075 883 1107 943 in
1126 882 1285 961 praesenti
1302 885 1519 962 providentiae
1535 902 1644 965 super·

307 983 459 1044 naturalis
473 980 595 1053 ordine,
610 984 770 1044 Christum
780 986 887 1042 autem
901 983 984 1044 hunc
996 981 1143 1042 ordinem
1155 981 1331 1060 neglexisse
1341 988 1426 1041 certe
1442 982 1506 1043 dici
1519 984 1641 1062 nequit.

307 1081 412 1159 ipsum
427 1083 591 1157 aegrotum
611 1084 775 1160 praeterea
794 1081 987 1141 conscientia
1006 1083 1207 1157 peccatorum
1221 1083 1344 1154 motum
1362 1096 1430 1139 esse
1446 1096 1554 1140 coram
1572 1082 1642 1140 lesu

306 1178 346 1237 ad
370 1176 538 1238 salutarem
563 1176 784 1238 verecundiam
814 1183 844 1238 et
868 1177 1117 1256 poenitentiam,
1148 1177 1312 1255 colligitur
1337 1195 1376 1238 ex
1405 1178 1502 1238 verbo
1526 1177 1641 1239 Christi

196 1323 197 1328 ,
308 1272 415 1334 Matth.
432 1275 484 1345 92
499 1275 621 1336 conllde
641 1273 724 1353 (vide
740 1292 820 1352 quae
840 1275 905 1359 dini
926 1277 965 1335 ad
985 1273 1016 1334 b.
1037 1273 1083 1352 1.).
1101 1273 1134 1334 Si
1151 1274 1250 1353 igitur
1269 1275 1400 1352 quidam
1417 1275 1527 1336 dicunt
1539 1274 1643 1335 aliena

307 1370 369 1431 fide
387 1370 548 1433 hominem
571 1372 659 1433 illum
679 1373 818 1434 exterius
842 1373 1043 1450 interiusque
1062 1374 1220 1433 salvatum
1249 1374 1426 1433 surrexisse
1453 1376 1486 1434 et
1507 1373 1641 1433 aliorum
1740 1456 1744 1464 Ι

306 1469 419 1529 merito
439 1471 566 1531 relaxari
587 1469 658 1529 aliis
678 1476 781 1531 errata
794 1470 885 1549 (eeu.
899 1475 959 1530 cat.
979 1470 1075 1549 eur.),
1100 1471 1131 1531 id
1152 1470 1290 1548 benigna
1311 1470 1434 1548 indiget
1455 1471 1641 1549 interpreta-

306 1566 405 1639 tione,
421 1568 499 1627 alios
513 1567 579 1627 scil.
591 1567 762 1645 impetrare
774 1586 791 1626 a
804 1570 869 1628 Deo
885 1573 921 1628 ut
935 1567 1062 1628 cuidam
1076 1567 1179 1646 gratia
1194 1571 1226 1628 et
1241 1568 1319 1628 tides
1329 1585 1347 1628 a
1357 1569 1422 1628 Deo
1434 1568 1534 1628 ‘detur
1545 1575 1641 1646 atque

306 1680 343 1724 eo
360 1665 455 1726 modo
471 1666 498 1724 is
514 1664 552 1724 ad
567 1664 702 1725 salutem
717 1665 890 1743 perveniat.
912 1668 1016 1742 Atque
1039 1666 1082 1725 ita
1096 1682 1166 1725 rem
1181 1682 1252 1726 esse
1269 1665 1515 1744 concipiendam
1529 1672 1560 1726 et
1573 1682 1641 1727 esse

306 1761 501 1822 intellectam
523 1761 661 1822 ostendit
676 1761 708 1822 S.
730 1763 934 1836 Ambrosius,
957 1764 1034 1823 dum
1061 1763 1095 1823 in
1117 1764 1191 1823 Luc.
1215 1764 1288 1834 52ss
1312 1762 1447 1824 scribit:
1465 1787 1480 1818 n
1505 1780 1641 1842 magnus

304 1860 460 1921 Dominus
477 1860 531 1937 qui
546 1860 681 1920 aliorum
700 1861 815 1920 merito
830 1861 978 1939 ignoscit,
995 1865 1027 1920 et
1042 1860 1119 1921 dum
1134 1860 1216 1921 alios
1232 1861 1357 1938 probat,
1374 1861 1444 1921 aliis
1459 1859 1578 1922 relaxat
1593 1878 1642 1922 er-

305 1962 382 2017 rata.
400 1958 462 2018 Cur
480 1958 563 2036 apud
583 1964 613 2018 te
632 1958 728 2018 homo
747 1958 868 2037 collega
883 1976 949 2018 non
964 1958 1083 2032 valeat,
1101 1975 1177 2019 cum
1196 1958 1282 2038 apud
1296 1960 1470 2019 Dominum
1486 1975 1594 2020 servus
1609 1962 1641 2020 et

305 2055 536 2116 interveniendi
559 2056 708 2116 meritum
728 2056 827 2116 etius
847 2057 965 2118 babeat
985 2056 1203 2135 impetrandi?
1223 2056 1310 2117 disce
1333 2057 1390 2134 qui
1411 2056 1534 2117 iudicas
1549 2057 1639 2136 igno·

303 2169 401 2226 scere,
416 2154 502 2214 disce
518 2153 574 2232 qui
587 2171 679 2233 aeger
693 2172 727 2214 es
743 2155 926 2233 impetrare.
942 2155 973 2216 Si
988 2155 1133 2234 gravium
1147 2158 1351 2233 peccatorum
1365 2155 1486 2215 diffidis
1500 2154 1638 2229 veniam,

303 2250 418 2311 adhibe
438 2255 632 2329 precatores,
648 2251 763 2312 adhibe
785 2252 956 2312 Ecclesiam
979 2270 1062 2331 quae
1079 2268 1137 2330 pro
1156 2256 1188 2312 te
1207 2256 1370 2331 precetur,
1387 2253 1477 2314 cuius
1498 2256 1640 2313 contem·

302 2348 442 2425 platione
459 2350 544 2427 quod
559 2350 615 2409 tibi
628 2350 784 2410 Dominus
796 2367 912 2429 negare
929 2355 1038 2428 posset
1053 2351 1197 2429 ignoscat
1209 2374 1224 2406 o
1241 2350 1294 2429 (M.
1312 2350 1467 2429 tardae).

348 2509 398 2575 Uti
414 2513 446 2575 S.
470 2513 573 2575 Lucas
588 2511 706 2591 refert,
728 2509 873 2576 aderant
886 2509 1059 2598 pharisaei
1073 2515 1107 2575 et
1126 2509 1214 2596 legis
1236 2508 1391 2576 doctores
1407 2510 1431 2576 i.
1452 2533 1482 2576 c.
1505 2510 1637 2577 scribae

302 2635 342 2680 ex
359 2615 453 2681 omni
467 2614 604 2682 castello
623 2616 790 2683 Galilaeae
809 2623 843 2683 et
857 2616 1001 2683 iudaeae
1018 2623 1051 2682 et
1065 2616 1263 2683 Ierusalem.
1284 2616 1407 2683 Christi
1423 2618 1538 2706 itaque
1554 2639 1639 2707 ope-

303 2721 397 2787 ribus
424 2726 457 2789 et
480 2723 680 2789 auctoritate
708 2724 744 2789 in
768 2723 936 2813 populum
956 2724 1024 2790 iam
1051 2723 1275 2806 inducuntur,
1309 2728 1346 2789 ut
1375 2723 1534 2790 insidiose
1558 2746 1635 2790 eum

300 2826 491 2895 observent.
509 2833 631 2895 Verum
644 2830 816 2896 miraculis
831 2831 904 2896 eius
913 2830 1056 2919 patratis
1069 2831 1137 2896 iam
1150 2829 1282 2896 discere
1295 2829 1468 2897 debebant
1478 2853 1556 2897 eum
1568 2853 1637 2897 esse

301 2935 438 3001 missum
452 2958 472 3001 a
485 2941 566 3014 lle03
577 2937 716 3026 insuper
726 2937 767 3002 iis
776 2938 878 3025 quale
892 2937 1127 3003 testimonium
1145 2935 1350 3003 reddidisset
1360 2936 1510 3026 baptista
1518 2943 1637 3004 notum

299 3047 383 3108 erat.
404 3045 513 3119 Quare
537 3064 655 3109 eorum
671 3042 713 3109 de
728 3046 800 3108 lesu
814 3043 979 3110 iudicium
993 3043 1063 3110 iam
1074 3065 1143 3109 non
1162 3044 1306 3111 vacabat
1325 3043 1444 3133 culpa3
1459 3067 1492 3111 v.
1508 3049 1637 3110 derant

300 3161 416 3214 aretem
430 3149 500 3215 illic
512 3148 655 3239 quidem
668 3149 834 3216 describis
850 3150 1003 3217 sedentes
1015 3162 1047 3217 et
1068 3150 1256 3241 rogitantes
1269 3151 1306 3216 iu
1318 3149 1473 3217 cordibus
1487 3152 1555 3217 suis
1568 3173 1599 3216 v.
1617 3158 1636 3215 7

300 3254 385 3344 quid
396 3255 450 3322 laic
468 3256 515 3321 sic
534 3255 707 3346 loquitur?
724 3257 781 3323 liic
799 3280 877 3323 cum
898 3263 1097 3345 contemptu
1115 3256 1183 3323 dici
1199 3258 1347 3340 videtur,
1371 3257 1419 3323 uti
1439 3257 1513 3348 ipsa
1531 3258 1636 3324 inter-

299 3360 446 3448 rogandi
459 3363 568 3429 forma
577 3365 779 3452 exprimitur
790 3364 1000 3450 indignatio;
1015 3362 1230 3453 blasphemat
1234 3384 1249 3446 ,·
1264 3364 1340 3453 quis
1344 3374 1456 3454 potest
1465 3363 1636 3431 dimittere

297 3481 441 3557 peccata
451 3468 613 3535 nisisolus
622 3472 812 3559 Deus?qua
821 3471 1098 3537 seutentiasimul
1108 3472 1196 3537 ratio
1205 3470 1437 3559 blasphemiae
1447 3470 1632 3554 iudicatur,

300 3596 368 3663 qua
380 3574 451 3642 scil.
468 3575 533 3641 sibi
547 3576 712 3643 attribuat
726 3576 763 3642 id
774 3577 865 3666 quod
882 3579 943 3643 soli
960 3581 1026 3644 [leo
1044 3582 1228 3667 competat.
1242 3577 1457 3666 Blasphemia
1472 3600 1539 3667 qua
1559 3579 1636 3666 quis

300 3703 378 3747 reus
392 3683 511 3747 mortis
526 3680 732 3749 reddebatur
744 3689 777 3749 et
792 3705 897 3772 quam
910 3685 970 3773 qui
987 3684 1161 3751 audierint
1175 3689 1281 3751 vestes
1295 3683 1448 3750 scindere
1464 3684 1635 3751 debebant

300 3789 587 3867 committebatur,
605 3791 633 3855 si
651 3792 728 3879 quis
742 3791 876 3856 nomini
896 3793 952 3857 Dei
973 3793 1162 3880 peripsum
1181 3813 1309 3857 nomen
1324 3793 1383 3857 llei
1393 3790 1631 3858 maledicebat.

302 3899 348 3960 lta
366 3894 485 3961 saltem
499 3918 537 3962 ex
552 3896 775 3962 rabbinorum
796 3897 928 3985 placitis
942 3897 999 3985 (ci.
1022 3897 1254 3966 Sruenlrusius
1269 3902 1307 3963 lV
1322 3921 1356 3987 p.
1373 3905 1455 3976 biam
1475 3905 1574 3965 tract.
1592 3898 1634 3965 de

299 4002 465 4088 synedriis
479 4004 646 4091 7,5)quae
659 4004 860 4070 derivarunt
878 4026 918 4069 ex
933 4010 1009 4070 Lev.
1028 4008 1144 4082 21⁶‚15-
1162 4012 1215 4071 16.
1231 4009 1318 4071 lesus
1332 4010 1448 4072 autem
1464 4007 1505 4071 iis
1520 4005 1632 4071 statim

299 4106 542 4175 documentum
562 4110 703 4198 praebet
717 4111 849 4176 altioris
872 4133 952 4176 suae
977 4113 1153 4200 potestatis
1172 4134 1252 4177 cum
1272 4110 1429 4178 ostendat
1446 4134 1481 4177 se
1505 4133 1633 4198 cogno-

299 4236 391 4282 scere
405 4221 535 4282 secreta
548 4217 702 4282 cordium
715 4240 804 4305 quae
819 4217 878 4283 soli
899 4222 963 4284 lteo
979 4239 1051 4284 esse
1066 4219 1185 4306 pervia
1195 4219 1230 4283 iu
1243 4219 1340 4284 libris
1358 4220 1463 4284 sacris
1478 4218 1631 4300 docetur,

299 4344 377 4387 cum
393 4321 482 4387 solus
498 4326 581 4388 [leus
595 4331 749 4390 scrutans
758 4322 863 4390 corda
876 4333 909 4390 et
923 4346 1021 4390 renes
1031 4324 1226 4414 appelletur
1236 4332 1269 4389 et
1288 4325 1377 4391 solus
1392 4325 1526 4392 dicatur
1539 4348 1633 4392 nosse

299 4451 358 4496 cor
376 4429 524 4494 filiorum
543 4429 722 4496 hominum
744 4433 773 4516 (3
792 4436 874 4517 Reg.
893 4438 984 4511 8,39.
1006 4439 1021 4497 1
1042 4436 1114 4498 Par.
1134 4437 1227 4514 bau.
1247 4436 1296 4500 Ps.
1312 4439 1405 4512 ’1,10.
1425 4433 1630 4521 ler.1'l,10);

300 4559 331 4602 v.
350 4544 369 4604 8
389 4558 458 4625 quo
471 4536 584 4601 statim
608 4539 740 4625 coquito
763 4541 855 4604 lesus
874 4539 998 4627 spiritu
1017 4561 1077 4604 suo
1098 4540 1181 4626 prtia
1201 4539 1248 4604 sic
1270 4538 1457 4627 cogitarent
1476 4540 1567 4606 intra
1579 4560 1633 4622 sc,·

300 4644 372 4732 ipse
389 4665 450 4731 per
462 4664 496 4708 se
511 4645 685 4729 cognovit,
708 4646 828 4734 spiritu
846 4668 921 4722 suo,
945 4668 1012 4711 non
1026 4647 1155 4727 alieno,
1173 4645 1468 4734 quemadmodum
1484 4649 1632 4736 propbe-

255 4825 266 4846 ἢ
300 4754 353 4815 tae
370 4772 436 4815 non
452 4773 512 4816 suo
531 4750 668 4839 spiritu,
690 4750 747 4817 sed
767 4752 884 4819 divino
901 4752 1117 4842 quorundam
1139 4754 1364 4839 cogitationes
1384 4775 1522 4820 noscere
1540 4762 1633 4844 pote-

299 4865 375 4923 rant
393 4857 516 4948 (Salm.
534 4857 652 4947 lans.);
668 4880 793 4948 perse,
813 4883 881 4927 non
896 4860 965 4926 alio
980 4882 1058 4927 eum
1072 4858 1217 4927 docente
1234 4862 1395 4947 coguovit
1416 4860 1524 4949 (Patr.
1539 4860 1631 4950 Fit).
