3960 5654
156 531 216 590 224
685 544 774 588 unae.
797 528 827 598 8,
851 525 952 584 34-35.

156 681 324 750 Christum
340 677 382 743 sit
397 678 492 766 sequi
517 675 701 758 Christum3
721 681 834 767 itaque
850 675 990 763 perinde
1007 684 1091 743 esset
1104 698 1143 741 ae
1160 676 1187 740 si
1202 676 1369 743 diceretur
1390 696 1397 741 :
1420 678 1478 763 qtri

156 790 228 855 vult
247 807 300 852 me
319 784 416 873 sequi
435 790 596 874 sequatur
616 805 679 850 me.
701 789 755 852 Sic
773 784 840 850 illc.

187 890 490 962 .Nihilominusalii
502 900 568 958 tres
579 893 744 978 assignari
754 890 964 958 conditiones
975 891 1113 971 docent,
1130 890 1176 954 ita
1191 895 1226 954 ut
1240 895 1326 957 lesos
1336 890 1480 957 dicendo

153 1010 316 1090 sequatur·
329 1021 382 1065 mc
397 1000 502 1066 addat
516 997 646 1087 aliquid
664 1001 738 1066 novi
757 998 812 1085 (cl.
831 998 911 1063 Vict.
930 999 1072 1087 l'lieopd.
1089 997 1184 1084 Siste.
1203 997 1356 1086 belew).
1373 1005 1479 1087 lltqne

155 1109 240 1174 haec
268 1107 448 1196 explicatio
474 1106 538 1172 erit
564 1105 810 1195 amplectenda.
841 1106 1104 1171 Commendatur
1123 1126 1162 1168 ea
1186 1127 1224 1169 ex
1251 1105 1362 1169 verbis
1386 1104 1476 1195 apud

154 1212 268 1281 llatlh.
288 1220 388 1298 10,38
406 1236 413 1282 :
430 1215 488 1304 qui
505 1233 569 1279 nou
585 1215 705 1304 accipit
721 1233 856 1278 erucem
871 1233 966 1278 snam
983 1219 1015 1279 et
1028 1213 1180 1301 sequitur
1196 1233 1259 1291 me,
1278 1234 1344 1278 non
1361 1219 1411 1279 est
1425 1235 1479 1278 mc

156 1321 293 1408 dignus.
318 1327 426 1412 Atque
449 1320 509 1388 illa
531 1318 739 1402 absurditas,
766 1320 809 1386 de
835 1341 903 1407 qua
924 1323 1029 1401 Iena,
1052 1320 1211 1385 facillime
1236 1320 1372 1386 vitatur.
1396 1325 1477 1386 Nam

155 1449 271 1496 sensus
281 1435 331 1497 cst
343 1451 350 1497 :
362 1426 501 1519 quivult
510 1448 604 1494 meus
614 1449 684 1493 csse
694 1426 880 1516 discipulus
892 1429 1017 1512 (venire
1027 1431 1099 1515 post
1110 1448 1174 1506 me,
1187 1427 1269 1491 mihi
1278 1426 1477 1508 adhaerere,

155 1557 250 1604 meus
265 1558 336 1604 esse
353 1536 464 1602 socius
479 1539 513 1601 et
534 1534 702 1622 sectator),
730 1556 783 1600 me
797 1535 963 1618 imitetur;
981 1533 1124 1625 proinde
1138 1535 1234 1622 sequi
1255 1535 1288 1600 iu
1314 1533 1381 1599 fine
1402 1555 1479 1600 sen-

154 1644 279 1712 tentiae
297 1643 333 1710 in
353 1642 491 1710 notione
510 1640 671 1708 imitandi
689 1663 724 1707 se
749 1643 894 1731 ceperis,
914 1641 1008 1708 nulla
1035 1648 1177 1730 apparet
1205 1641 1407 1707 absurditas.
1435 1647 1479 1707 Ea

155 1755 267 1819 autem
283 1751 420 1818 notione
435 1749 578 1817 verbum
592 1744 763 1810 ἀκολουθεῖν
779 1749 903 1835 legitur
918 1771 949 1814 v.
967 1771 1001 1835 g.
1020 1752 1107 1814 loan.
1129 1753 1209 1830 8,12
1227 1771 1234 1815 :
1252 1750 1310 1837 qui
1326 1750 1481 1837 sequitur

155 1880 222 1942 me,
244 1880 312 1926 non
335 1856 490 1924 ambulat
507 1858 542 1924 in
565 1855 731 1938 tenebris,
754 1856 812 1922 ubi
827 1877 943 1922 sensus
958 1860 1049 1922 certe
1066 1861 1139 1923 est:
1161 1857 1220 1944 qui
1243 1877 1295 1921 me
1312 1856 1431 1922 ducem
1447 1863 1481 1922 et

156 1965 357 2053 magistrum
370 1984 558 2051 agnoscens
568 1964 756 2054 praeceptis
769 1965 851 2030 meis
860 1963 1283 2053 etexemplisobseqnitnr,
1293 1963 1345 2029 vel
1359 1970 1476 2044 1027:

110 2098 111 2101 ¹
156 2094 235 2140 oves
249 2094 346 2140 meae
369 2093 484 2139 vocem
501 2093 610 2139 meam
627 2071 772 2139 audiunt
794 2078 826 2137 et
841 2078 1028 2161 sequnntur
1045 2092 1109 2136 me.
1128 2077 1235 2158 atque
1252 2093 1292 2136 ea
1309 2071 1479 2156 significa·

156 2179 248 2247 lione
273 2201 390 2246 vocem
415 2183 530 2246 nostro
554 2179 624 2246 loco
643 2202 711 2245 esse
735 2201 851 2246 revera
867 2178 1087 2268 capiendam,
1111 2179 1231 2244 merito
1252 2185 1391 2245 monent
1412 2180 1478 2244 iam

161 2288 241 2355 Vc‘ct.
262 2287 431 2377 Theopd.;
445 2287 483 2352 lit
495 2286 603 2370 enim,
620 2286 668 2353 ait
690 2287 788 2366 Vica,
805 2293 842 2352 ut
857 2287 914 2376 qui
933 2287 1061 2377 patitur
1075 2307 1153 2351 eum
1173 2308 1240 2352 non
1259 2290 1432 2375 sequatur,
1453 2288 1479 2352 si

155 2395 226 2462 scil.
244 2416 315 2462 non
330 2395 471 2486 pioplcr
484 2395 596 2484 ipsum
611 2394 755 2484 patitnr3
771 2393 865 2460 addit
880 2394 977 2483 proin
995 2414 1048 2459 me
1059 2407 1236 2482 sequatur,
1256 2417 1298 2459 ne
1313 2394 1480 2460 existimes

156 2502 312 2571 sufficere
337 2504 489 2593 ipseper
511 2524 545 2568 se
564 2502 716 2592 pericula
737 2506 770 2567 et
794 2500 1045 2580 tribulationes,
1067 2501 1124 2567 sed
1153 2508 1190 2567 ut
1208 2501 1378 2587 intelligas
1396 2523 1480 2591 opus

154 2626 225 2678 esse
251 2609 335 2677 dum
355 2631 395 2676 ea
420 2610 583 2676 sustineas
610 2609 720 2698 ipsum
740 2609 846 2697 sequi.
877 2613 984 2697 Atque
1004 2609 1094 2675 clare
1117 2631 1253 2697 quoque
1283 2609 1377 2698 Syle.
1406 2630 1476 2675 rem

155 2716 293 2808 exponit
309 2739 317 2785 ε
336 2718 438 2784 tertio
455 2717 635 2807 praecipit,
659 2721 696 2782 ut
710 2738 744 2783 se
759 2723 938 2806 sequatur,
955 2715 1053 2782 valde
1067 2718 1159 2782 enim
1175 2717 1402 2782 miserrimum
1418 2723 1477 2796 est,

157 2828 194 2892 ut
206 2825 283 2914 quis
297 2847 332 2892 se
345 2825 457 2914 ipsum
471 2824 635 2910 abneget,
655 2825 809 2914 proprios
821 2824 961 2890 affectus
974 2830 1007 2889 et
1028 2823 1215 2890 voluntates
1229 2822 1477 2901 conculcando,

155 2931 320 3021 tolletque
335 2953 470 2999 crucem
487 2952 596 3012 suam,
615 2930 905 3010 mortificationes,
923 2929 1074 3013 labores,
1093 2932 1264 2997 molestias
1284 2930 1480 2997 sustinendo

156 3043 190 3106 ct
201 3061 270 3105 non
280 3038 468 3121 Christum,
483 3039 543 3105 sed
555 3037 722 3105 mundum
733 3037 991 3129 mundanasque
1007 3038 1315 3126 gloriassequatur.
1329 3044 1379 3119 Et,
1392 3038 1480 3128 proh

155 3145 264 3228 dolor,
286 3150 370 3236 quot
389 3151 468 3212 sunt
481 3146 541 3235 qui
563 3147 598 3213 in
612 3146 773 3235 obsequio
791 3147 934 3213 aliorum
955 3151 990 3212 et
1005 3148 1073 3213 suis
1092 3145 1266 3212 desideriis
1286 3146 1480 3212 renuntiare

158 3253 308 3322 debeant
324 3259 357 3320 et
371 3275 493 3340 graves
507 3253 623 3320 subire
640 3253 788 3335 labores,
807 3260 907 3343 atque
921 3255 1004 3320 haec
1019 3255 1132 3319 omnia
1144 3255 1328 3319 sustineant
1343 3275 1410 3318 non
1428 3275 1479 3318 se-

155 3365 297 3452 quentes
312 3360 501 3442 Christum,
525 3360 582 3427 sed
598 3361 755 3427 umbram
776 3361 950 3450 quandam
967 3363 1076 3428 lamae
1090 3369 1124 3427 et
1138 3361 1266 3447 gloriae
1281 3361 1334 3427 vel
1350 3362 1480 3428 emolu-

154 3475 305 3537 mentum
325 3468 528 3559 temporale!

199 3577 335 3644 Dixerat
357 3581 475 3645 lesus:
501 3575 625 3666 siquis
648 3576 735 3655 vult-3
761 3576 818 3642 sed
835 3577 903 3643 iam
925 3576 1039 3643 subdit
1065 3577 1227 3643 rationem
1246 3577 1480 3663 gravissimam

156 3706 261 3775 quam
279 3683 323 3751 sit
341 3684 567 3750 necessarium
588 3683 709 3750 Christi
732 3706 832 3751 eausa
851 3707 885 3751 se
909 3684 1080 3771 abnegare
1102 3690 1134 3750 et
1155 3686 1258 3751 immo
1280 3690 1424 3751 mortem
1442 3685 1481 3752 li-

156 3791 277 3860 beuter
287 3791 419 3874 subire;
437 3789 584 3857 ostendit
595 3791 667 3857 scil.
682 3792 830 3857 fructum
846 3793 873 3857 si
889 3793 965 3880 quis
979 3792 1015 3858 id
1029 3794 1249 3881 praestiterit,
1272 3792 1435 3859 damnum
1454 3796 1480 3858 si

157 3898 361 3968 recusaverit
376 3922 406 3964 v.
424 3904 466 3965 35
481 3896 542 3987 qui
553 3896 642 3963 enim
655 3896 800 3964 voluerit
811 3899 964 3965 carinam
978 3921 1074 3964 sicam
1084 3897 1213 3966 solitam
1224 3900 1351 3987 secere,
1363 3899 1482 3989 perdet

156 4029 233 4075 cam
247 4007 272 4075 i.
289 4029 319 4074 c.
335 4006 395 4096 qui
408 4007 464 4073 se¹
481 4005 553 4071 vult
567 4005 698 4071 salvum
710 4006 837 4091 lacere,
854 4029 888 4073 se
904 4005 1040 4096 perdet,
1059 4007 1110 4073 vel
1122 4006 1214 4095 quod
1225 4008 1293 4074 lere
1304 4008 1395 4074 idem
1411 4013 1477 4076 est:

158 4115 217 4206 qui
231 4115 321 4183 hanc
336 4115 440 4180 vitam
463 4134 565 4203 quam
580 4134 670 4179 nunc
689 4113 833 4180 vivimus
848 4137 983 4181 servare
1000 4115 1114 4181 volens
1127 4116 1298 4182 recusabit
1316 4117 1400 4182 mori
1419 4139 1481 4206 pro

156 4223 288 4290 Christo
307 4222 365 4290 ubi
387 4244 472 4312 opus
492 4220 609 4303 luerit,
629 4221 665 4286 in
687 4227 859 4288 aeternam
877 4224 1063 4311 pernicicm
1084 4223 1234 4289 incurret
1253 4225 1398 4313 (Patr.);
1421 4225 1482 4314 qui

155 4341 270 4398 cutem
278 4328 467 4421 perdiderat
475 4328 628 4395 animam
639 4350 736 4394 suam
743 4343 885 4419 propter·
897 4353 950 4396 me
963 4343 994 4397 et
1004 4332 1236 4422 euangelium,
1250 4333 1285 4398 in
1295 4332 1481 4399 ministerio

157 4437 440 4528 praedicationis,
466 4437 519 4503 vel
542 4436 584 4503 ad
607 4437 774 4522 evangelii
797 4440 973 4506 veritatem
998 4440 1186 4520 tutandam,
1211 4439 1478 4522 defendendam,

154 4544 400 4637 profitendam,
416 4545 547 4611 salvam
564 4545 667 4635 saciet
683 4565 780 4626 eorm·
798 4545 872 4611 vide
886 4546 928 4612 ad
953 4549 1064 4614 llattlr.
1088 4555 1198 4627 1039.
1223 4549 1271 4614 Ab
1292 4570 1408 4614 amore
1430 4550 1480 4614 sui

156 4659 189 4721 ct
206 4652 292 4719 vitae
308 4652 368 4742 qui
387 4655 554 4719 maximus
569 4659 618 4719 est
636 4653 727 4743 apud
745 4653 899 4720 homines
914 4661 1153 4741 argumentum
1169 4656 1262 4722 ducit
1282 4679 1289 4724 :
1310 4656 1360 4720 vel
1380 4656 1424 4722 ob
1447 4657 1480 4721 id

158 4761 238 4851 quia
257 4767 290 4827 te
307 4766 342 4826 et
355 4761 457 4828 vitam
474 4768 566 4827 tuam
582 4760 698 4848 diligis
713 4769 745 4827 et
765 4783 840 4828 eam
855 4763 981 4829 salvam
1000 4765 1063 4844 vis,
1082 4787 1123 4831 ue
1145 4764 1310 4831 cuncteris
1325 4786 1400 4829 eam
1422 4787 1483 4852 pro

194 5003 214 5046 t.
232 4998 271 5046 Ex
285 4992 444 5053 hebraismo;
461 4998 549 5044 notum
562 4998 678 5045 ostentm
691 4998 754 5049 w
773 5011 832 5046 enin
844 4997 941 5047 suillinis
954 4997 1020 5046 barad
1034 5000 1160 5060 rampant
1175 5011 1219 5060 pro
1234 4999 1388 5060 {ironomina
