3960 5654
8 417 49 469 ¹·
135 458 194 520 eoo
551 421 556 429 ’
655 475 748 523 rinc.
772 461 820 529 ro,
845 459 949 519 n-ro.
1072 536 1077 545 .

179 610 243 678 Sed
262 630 380 678 verum
398 612 447 673 est
461 606 564 673 etiam
582 610 675 698 quod
694 611 850 701 plerique
864 606 1026 677 adnotant
1043 631 1109 676 non
1126 612 1199 675 sine
1218 606 1402 677 causedici
1418 622 1469 677 ta-

135 714 220 784 lium
239 717 263 782 i.
279 738 308 782 e.
327 735 447 780 eorum
467 715 526 803 qui
543 713 612 782 sint
625 716 808 793 eiusmodi,
827 715 885 804 qui
906 715 1020 806 itaque
1040 714 1166 783 similes
1180 717 1248 783 sint
1264 714 1416 809 parvulis
1428 717 1469 784 iis

134 823 170 891 in
189 820 297 890 modis
317 820 376 909 qui
396 820 452 887 hio
467 820 577 889 solum
593 824 628 889 in
645 821 953 911 considerationem
969 824 1085 891 venire
1102 828 1252 913 possunt.
1274 829 1359 891 Voce
1377 822 1467 889 enim

135 929 198 996 hac
217 926 340 992 talium
361 933 409 993 est
437 948 583 1013 regnum
606 931 789 1008 coelorum,
809 932 843 993 et
857 929 992 1018 parvuli
1021 929 1244 1015 designantur
1275 932 1363 1016 (cum
1387 951 1467 997 sane

133 1033 268 1103 sibimet
284 1033 363 1122 ipsis
381 1038 460 1100 sunt
480 1034 622 1125 similes)
636 1043 669 1102 et
693 1035 716 1101 ii
735 1035 794 1122 qui
820 1034 863 1100 ad
878 1058 996 1102 eorum
1016 1033 1185 1101 accedunt
1207 1036 1466 1104 similitudinem

133 1141 168 1206 in
184 1141 358 1230 cautique
379 1163 414 1207 re
434 1138 477 1206 de
500 1163 568 1230 qua
594 1145 722 1231 agitur.
748 1147 857 1218 Quare
875 1142 959 1208 falso
978 1141 1149 1230 explicant
1172 1146 1206 1209 et
1224 1141 1249 1207 ii
1269 1144 1329 1232 qui
1350 1145 1405 1211 hic
1424 1142 1466 1210 de

133 1246 283 1336 parvulis
299 1269 366 1314 non
389 1267 460 1313 esse
481 1249 687 1315 mentionem
710 1246 831 1313 dicunt
846 1254 879 1314 et
901 1248 925 1314 ii
945 1248 1004 1335 qui
1024 1247 1135 1314 solum
1162 1247 1205 1315 dc
1223 1251 1376 1338 parvulis
1395 1272 1467 1317 ser-

133 1374 268 1419 monem
283 1376 353 1421 esse
372 1353 490 1419 volunt
504 1353 604 1443 (illud
617 1377 649 1421 v.
664 1374 699 1439 g.
717 1356 826 1435 Pete,
839 1352 1074 1444 hocScltepp).
1096 1355 1163 1423 Sed
1176 1356 1205 1423 si
1220 1354 1297 1421 dico
1322 1376 1330 1422 :
1347 1378 1465 1424 eorum

131 1456 291 1549 quisunt
310 1458 505 1527 huiusmodi
520 1469 570 1528 cst
592 1482 737 1547 regnum
759 1461 949 1542 coelorum,
971 1460 1124 1550 prolecto
1138 1461 1163 1528 ii
1183 1461 1343 1552 aquibus
1357 1483 1466 1528 exem-

131 1566 226 1656 plum
239 1567 293 1634 vel
308 1566 496 1633 similitudo
516 1568 663 1634 sumitur
675 1574 848 1656 nequeunt
859 1566 1010 1649 excludi,
1029 1588 1139 1657 neque
1155 1568 1266 1634 omitti
1281 1573 1422 1658 possunt
1441 1570 1465 1634 ii
1592 1643 1595 1649 ,

130 1674 191 1763 qui
206 1674 274 1740 sint
288 1671 473 1753 eiusmodi,
493 1672 563 1740 illis
578 1673 651 1742 scil.
672 1673 833 1761 aquibus
849 1672 1044 1763 exemplum
1060 1675 1188 1762 petitur
1201 1674 1338 1742 similes.
1357 1678 1466 1764 Atque

131 1779 195 1847 hoc
205 1779 319 1847 statim
336 1780 495 1847 Dominus
510 1779 583 1869 ipse
601 1780 758 1870 explanat
777 1779 894 1848 dicens
908 1801 940 1845 v.
962 1786 1001 1848 15
1017 1801 1118 1847 omen
1135 1779 1212 1847 dico
1234 1780 1324 1848 vott's
1344 1802 1355 1848 :
1374 1781 1465 1870 ques-

130 1886 205 1976 qac's
219 1909 288 1953 non
312 1887 475 1977 receperit
498 1907 641 1976 ceperum
661 1885 724 1953 Dei
741 1886 834 1953 uelut
848 1887 1032 1977 paruulus,
1053 1909 1121 1954 non
1139 1887 1280 1954 intrabit
1301 1887 1339 1953 ic
1357 1886 1447 1954 illud
1452 1907 1465 1967 ;

130 1990 222 2060 idem
248 2000 362 2060 monet
386 1993 582 2083 apostolus:
604 1994 633 2060 si
661 1995 738 2084 quis
761 1993 896 2060 videtur
914 1995 1004 2060 inter
1026 2015 1083 2060 vos
1103 1994 1238 2085 sapiens
1253 2016 1323 2061 esse
1345 1995 1379 2059 iu
1400 1993 1464 2060 hoc

129 2098 264 2167 saeculo
276 2099 398 2165 stultns
413 2100 473 2167 fiat
485 2104 523 2166 ut
535 2100 578 2167 sit
592 2101 727 2190 sapiens
743 2101 772 2189 (1
789 2103 864 2167 Cor.
881 2100 986 2189 3,18).
1003 2101 1199 2168 Doctrinam
1214 2100 1385 2186 evangelii
1399 2100 1463 2166 sic-

131 2204 179 2271 uti
197 2204 333 2295 parvuli
358 2206 515 2295 accipere
536 2204 708 2289 iubemur,
730 2207 843 2296 inquit
862 2205 974 2287 Beda,
995 2207 1076 2297 quia
1099 2207 1274 2298 quomodo
1301 2206 1464 2297 parvulus

128 2310 163 2379 in
182 2310 345 2380 discendo
363 2334 432 2379 uon
456 2312 662 2380 contradicit
681 2311 877 2380 doctoribus
899 2335 1010 2402 neque
1030 2313 1177 2381 rationes
1196 2320 1230 2380 et
1245 2312 1350 2380 verba
1368 2335 1464 2379 com-

128 2418 226 2510 ponit
240 2417 402 2486 adversus
416 2441 472 2487 eos
486 2420 662 2503 resistens,
679 2418 737 2486 sed
753 2419 901 2487 fideliter
912 2420 1053 2510 suscipit
1068 2419 1160 2509 quod
1177 2419 1319 2488 docetur
1337 2424 1463 2486 etcum

128 2530 220 2593 metu
245 2525 462 2615 obtemperat
485 2531 518 2594 et
543 2527 702 2616 quiescit,
731 2527 833 2594 itaet
856 2548 918 2593 nos
940 2524 1190 2594 inobediendo
1215 2525 1417 2617 simpliciter
1430 2534 1464 2592 et

126 2631 199 2699 sine
213 2631 286 2699 ulla
300 2634 540 2700 retractatione
556 2633 669 2700 verbis
684 2634 819 2701 Domini
828 2634 942 2701 facere
952 2632 1133 2716 debemus3
1147 2633 1304 2700 similiter
1314 2632 1441 2722 Theop)
1453 2685 1460 2698 .

127 2737 231 2807 neu.
249 2739 541 2828 praedicationem
552 2740 786 2831 accipiendam
798 2763 869 2808 esse
881 2761 952 2807 non
959 2739 1181 2808 diiudiccndo
1194 2745 1254 2808 aut
1262 2737 1463 2806 haesitando

129 2833 238 2933 (μηδὲν
257 2836 481 2934 διακρινόμενος
510 2842 529 2915 ἢ
552 2845 711 2928 ἀπιστῶν,
739 2839 819 2934 μηδὲ
847 2837 1076 2936 ἀμφιθάλλων).
1108 2845 1204 2913 Valet
1229 2846 1345 2935 itaque
1370 2844 1460 2911 idem

125 2951 217 3043 quod
232 2952 345 3020 llatth.
366 2958 442 3034 18,3
461 2953 588 3021 dicitur
606 2975 613 3022 :
633 2955 696 3021 nisi
709 2954 907 3021 efficiamini
922 2954 1025 3021 sicuti
1038 2952 1188 3043 parvuli,
1207 2974 1275 3018 non
1290 2950 1462 3018 intrabitis

127 3059 162 3126 in
177 3080 324 3148 regnum
339 3061 521 3128 coelorum.
544 3061 698 3128 Laudant
721 3057 835 3126 autem
857 3066 890 3127 et
909 3058 1151 3127 commendant
1169 3059 1206 3125 in
1227 3056 1380 3148 parvulis
1397 3056 1463 3123 hu-

127 3165 322 3250 militatem,
355 3166 630 3257 simplicitatem,
659 3166 908 3249 innocentiam
934 3186 1004 3233 non
1025 3187 1081 3232 eos
1100 3186 1317 3254 perseverare
1336 3164 1372 3230 in
1392 3165 1462 3230 ira·

126 3272 270 3353 cundia,
293 3295 361 3340 non
378 3294 451 3341 esse
467 3294 634 3341 memores
649 3273 872 3354 iniuriarum,
894 3295 965 3339 esse
976 3294 1079 3362 puros
1097 3272 1220 3340 animis
1235 3276 1268 3337 et
1280 3276 1386 3337 castos
1402 3270 1459 3360 (of.

132 3379 384 3470 Vict.leeopl1.
411 3379 492 3448 Bed.
521 3378 598 3447 Alb.
628 3381 688 3468 qui
715 3401 838 3447 novem
865 3379 972 3446 bonas
1000 3379 1225 3469 proprietates
1251 3377 1288 3444 in
1312 3376 1463 3466 puerulis

127 3487 305 3574 recenset).

171 3593 288 3662 Solum
303 3592 357 3660 bis
371 3593 520 3681 legimus
541 3593 724 3660 Dominum
746 3593 906 3682 amplexu
932 3598 1087 3659 tenerum
1105 3591 1293 3658 declarasse
1308 3612 1460 3657 amorem

125 3699 205 3767 etin
219 3705 367 3791 utroque
380 3722 459 3767 casu
471 3700 625 3790 parvulis
638 3698 806 3767 eiusmodi
818 3696 1055 3766 blandimenta
1069 3696 1250 3787 impendit,
1263 3719 1367 3787 supra
1380 3703 1459 3778 9,35

125 3807 233 3875 ethic
252 3830 284 3873 v.
310 3814 350 3875 16
372 3819 406 3874 et
429 3807 649 3896 complexans
669 3828 728 3873 eos
741 3800 1083 3895 ἐναγκαλισάμενοςοοε
1102 3806 1138 3870 in
1155 3804 1255 3871 ulnas
1273 3803 1461 3893 suscipiens

129 3915 273 4002 (liccam.
299 3912 389 4002 Cei.)
409 3928 443 3981 et
460 3913 638 4004 cmponens
649 3935 771 3981 munus
784 3935 886 4004 super
899 3911 977 3979 illos
989 3909 1205 3979 benedicebat
1216 3932 1269 3977 ecc
1282 3908 1461 3996 κατευλόγει

124 4043 193 4111 qua
223 4022 470 4111 compositione
500 4021 603 4088 viset
630 4022 721 4087 notio
744 4018 972 4088 benedicendi
995 4024 1159 4105 augetur,
1191 4017 1306 4106 itaque
1330 4018 1459 4084 instan-

125 4134 176 4196 ter
195 4129 291 4218 quasi
320 4133 354 4195 et
383 4148 510 4214 magno
535 4149 612 4194 cum
643 4127 765 4194 ellectu
789 4126 857 4194 illis
878 4124 1061 4193 benedixit.
1084 4128 1152 4191 Hac
1176 4125 1301 4191 amoris
1326 4124 1460 4190 exhibi-

125 4235 216 4302 tione
245 4233 345 4302 docet
372 4234 555 4325 discipulos
586 4234 801 4301 mundanum
824 4234 951 4301 fastum
979 4230 1109 4299 calamo
1138 4230 1241 4319 (Vict.
1279 4231 1457 4319 Tempe),

125 4341 285 4432 parvulos
304 4342 422 4429 magni
446 4342 642 4421 aestimare,
661 4363 718 4407 eos
740 4347 856 4407 tenero
871 4361 987 4406 amore
1005 4339 1177 4428 prosequi.
1197 4338 1327 4403 Pariter
1346 4344 1459 4403 autem

123 4446 294 4536 siguificat
311 4448 404 4537 quod
423 4448 516 4516 Beda
535 4447 676 4516 adnotat
694 4468 701 4514 :
722 4477 737 4508 «
754 4447 951 4537 complexus
963 4443 1134 4512 benedicit
1147 4443 1326 4534 parvulos,
1344 4450 1381 4509 ut
1397 4443 1460 4509 hu-

125 4554 221 4623 miles
234 4554 359 4643 spiritu
373 4577 434 4623 sua
452 4554 708 4636 benedictione,
730 4554 842 4640 gratia
861 4560 894 4622 et
912 4552 1096 4619 dilectione
1120 4550 1244 4637 dignos
1259 4572 1329 4618 esse
1349 4549 1458 4636 signi-

124 4662 203 4729 ficet
224 4687 254 4728 u.
