3960 5654
786 387 876 431 uano.
900 372 950 441 13,
972 368 1023 428 32.
1571 371 1628 432 355

304 518 410 585 Mald.
428 519 487 596 ait,
503 515 623 585 ecdem
639 520 740 587 modo
753 541 821 607 quo
835 520 920 587 alibi
935 518 1017 585 dicit
1037 542 1046 586 :
1063 521 1182 588 sedere
1197 525 1312 586 autem
1332 520 1377 586 ad
1391 520 1561 588 dexteram
1576 521 1629 587 vel

303 625 473 693 sinistram
486 645 555 688 non
568 631 616 693 est
633 647 746 693 meum
762 625 845 693 dare
859 625 957 693 vobis
969 627 1029 693 sed
1041 628 1168 717 quibus
1179 631 1336 714 paratum
1351 633 1400 692 est
1414 649 1435 692 a
1448 632 1541 695 Patre
1556 649 1629 695 meo

304 733 431 821 (llatth.
447 731 578 818 20,23);
598 761 614 793 «
629 734 744 820 itaque
759 732 887 800 indicat
902 754 937 799 se
953 755 1020 799 non
1033 734 1145 799 solum
1161 739 1199 797 ut
1212 732 1387 799 hominem
1404 732 1463 798 sed
1479 737 1578 800 etiam
1593 740 1631 800 ut

302 844 407 905 Deum
422 836 522 903 modo
533 839 681 927 quodam
694 837 787 905 diem
798 838 914 905 iudicii
927 839 1107 926 ignorare;
1124 861 1192 904 non
1206 839 1298 928 quod
1312 841 1457 925 ignoret,
1470 839 1528 906 sed
1539 841 1630 928 quod

302 967 369 1011 non
382 943 488 1032 ipsius
500 945 650 1012 officium
666 944 713 1032 sit,
726 947 823 1026 scire,
846 945 932 1011 sicut
948 968 1014 1014 non
1030 945 1118 1012 dixit
1137 944 1263 1034 quibus
1279 952 1436 1035 paratum
1456 954 1505 1013 est
1519 969 1538 1012 a
1558 968 1626 1026 me,

301 1051 360 1119 sed
377 1073 398 1116 a
412 1055 509 1117 Patre
525 1074 616 1131 meo,
632 1072 698 1116 non
715 1052 809 1139 quod
824 1073 894 1117 non
909 1053 1013 1119 etiam
1028 1052 1073 1119 ab
1091 1053 1164 1142 ipso
1178 1059 1335 1141 paratum
1348 1060 1450 1133 esset,
1465 1053 1524 1119 sed
1539 1053 1630 1142 quod

301 1178 448 1244 regnum
466 1181 589 1248 parare
608 1159 632 1223 i.
655 1180 684 1223 e.
706 1158 962 1247 praedestinare
982 1181 1051 1226 non
1071 1159 1178 1248 ipsius
1197 1158 1256 1225 scd
1275 1159 1383 1225 Patris
1399 1158 1548 1225 officium
1568 1161 1624 1240 sit;

300 1264 347 1330 sic
368 1264 472 1332 etiam
489 1266 596 1332 Patris
611 1269 659 1329 est
673 1266 877 1332 constituere
899 1265 1038 1355 quando
1052 1264 1239 1332 solvendus
1251 1263 1294 1330 sit
1306 1265 1472 1345 mundus,
1489 1266 1624 1354 quando

300 1370 371 1437 dies
388 1372 505 1439 iudicii
524 1373 662 1437 futurus
677 1372 735 1453 sit;
753 1373 818 1439 hoc
837 1371 994 1460 estquod
1013 1372 1175 1460 apostolis
1193 1370 1277 1438 dicit
1297 1392 1305 1440 :
1322 1394 1390 1437 non
1409 1376 1458 1439 est
1474 1379 1620 1439 vestrum

300 1499 395 1545 nosse
405 1485 561 1567 tempora
572 1478 624 1543 vel
635 1485 807 1546 momenta
815 1498 905 1567 quae
915 1482 1014 1545 Pater
1023 1479 1140 1568 posuit
1152 1478 1187 1544 in
1197 1500 1259 1545 sua
1268 1484 1433 1569 potestate
1443 1478 1526 1568 (Act.
1542 1480 1623 1567 1,·1).

297 1588 478 1674 Propterea
496 1582 589 1649 solus
611 1582 683 1674 ipse
701 1584 789 1652 scire
811 1583 1041 1671 significatur;
1063 1589 1168 1675 atque
1187 1585 1246 1651 hic
1259 1584 1323 1651 nisi
1344 1584 1444 1652 fallor
1463 1608 1561 1652 verus
1579 1594 1629 1653 est

299 1711 416 1757 sensus
438 1718 467 1755 n.
490 1689 638 1756 Verbum
660 1691 815 1758 divinum
837 1691 955 1758 omnia
969 1692 1113 1758 scientia
1131 1712 1193 1758 sua
1208 1691 1386 1783 complecti
1404 1690 1541 1759 evidens
1561 1700 1620 1759 est.

299 1795 364 1863 Sed
385 1817 467 1862 num
489 1798 627 1862 tortasse
646 1797 715 1863 dici
730 1802 841 1887 potest
861 1797 1029 1864 Christum
1049 1803 1088 1863 ut
1104 1798 1282 1865 hominem
1300 1799 1323 1867 i.
1342 1821 1372 1864 e.
1391 1799 1540 1866 animam
1553 1800 1624 1866 eius

299 1904 502 1984 humanam,
517 1904 573 1970 cui
596 1903 835 1970 omniscientia
848 1904 1050 1994 neutiquam
1063 1905 1312 1972 communicari
1326 1911 1450 1994 potest,
1468 1906 1623 1991 ignorare

298 2008 388 2075 diem
406 2009 527 2076 illum?
541 2013 657 2099 Neque
672 2009 708 2076 id
723 2009 790 2076 dici
804 2031 899 2099 posse
913 2016 986 2076 tum
1002 2033 1042 2077 cx
1056 2010 1122 2077 hoc
1137 2012 1210 2101 ipso
1225 2009 1300 2077 loco
1313 2016 1386 2078 tum
1399 2011 1537 2077 aliunde
1549 2034 1627 2079 con-

298 2115 420 2183 ficitur.
440 2121 481 2182 Se
503 2117 594 2182 enim
609 2115 809 2207 loquentem
828 2117 914 2183 scire
931 2117 1000 2183 iam
1021 2118 1103 2184 satis
1118 2116 1263 2200 indicat,
1280 2139 1360 2185 cum
1372 2119 1486 2184 statim
1503 2119 1623 2186 subdat

299 2246 328 2290 v.
346 2230 388 2291 33
405 2223 533 2305 videte,
558 2223 712 2310 vigilate,
729 2222 865 2290 nescitis
877 2223 968 2290 enim
989 2223 1130 2314 quando
1144 2229 1279 2315 tempus
1293 2226 1349 2307 sit;
1369 2253 1384 2287 α
1403 2247 1513 2314 neque
1535 2228 1624 2292 enim

296 2330 401 2398 dixit:
419 2329 472 2392 οὐκ
485 2317 573 2410 οἶδα,
591 2330 650 2396 sed
662 2327 715 2392 οὐκ
728 2317 836 2392 οἴδατε
852 2354 868 2388 »
890 2330 1008 2421 (Vict.)
1026 2359 1042 2393 «
1055 2337 1089 2398 et
1098 2353 1167 2399 non
1180 2329 1265 2397 duit
1279 2330 1361 2420 quia
1369 2333 1551 2410 nescimus,
1567 2332 1622 2399 sed

295 2438 428 2504 nescitis
444 2466 459 2497 ι)
470 2436 603 2527 (Beda).
615 2442 985 2528 Praetereaprovocant
995 2438 1040 2504 ad
1050 2443 1122 2504 llct.
1140 2444 1212 2517 1,7:
1233 2465 1249 2498 α
1259 2436 1397 2526 quando
1406 2437 1487 2504 dicit
1499 2460 1565 2504 non
1579 2452 1626 2506 est

294 2556 438 2609 oestrum
452 2544 553 2623 scire,
570 2543 717 2610 ostendit
726 2543 819 2633 quod
834 2544 906 2633 ipse
919 2544 1014 2624 sciat,
1029 2543 1090 2610 sed
1105 2565 1176 2610 non
1191 2543 1347 2633 expediat
1358 2566 1453 2610 nosse
1465 2546 1623 2634 apostolis

295 2655 332 2715 ut
346 2671 481 2738 semper
498 2651 618 2717 incerti
633 2649 675 2715 de
692 2648 844 2717 adventu
859 2649 986 2717 iudicis
1006 2651 1055 2716 sic
1071 2648 1225 2740 quotidie
1241 2651 1358 2717 vivant
1371 2653 1468 2741 quasi
1483 2650 1538 2718 die
1556 2653 1622 2719 alia

293 2756 465 2823 iudicandi
479 2758 548 2823 sint
564 2785 578 2814 »
596 2758 647 2845 (S.
665 2758 757 2824 Hier.
772 2756 817 2822 ad
828 2757 943 2823 llatth.
958 2762 1079 2838 et,36;
1094 2756 1178 2824 Bed.
1190 2755 1266 2822 Alb.
1283 2756 1376 2845 etc).
1393 2761 1533 2846 lnsuper
1544 2782 1620 2825 cum

293 2864 442 2930 Christus
451 2862 542 2930 dicat
559 2863 693 2930 :omnia
703 2863 789 2929 mihi
802 2862 925 2929 tradita
935 2871 1014 2930 sunt
1024 2886 1044 2930 a
1055 2869 1155 2931 Patre
1166 2863 1381 2952 meo(llatth.
1396 2867 1518 2951 1137),
1533 2875 1620 2932 certe

291 2971 410 3060 nequit
429 2969 496 3036 dici
516 2969 705 3060 quidquam
725 2968 817 3057 quod
837 2968 881 3035 ad
900 2991 1024 3035 munus
1044 2971 1117 3036 eius
1137 2971 1197 3059 qui
1214 2977 1264 3037 est
1281 2968 1383 3036 iudex
1403 2973 1569 3060 pertineat
1588 2974 1621 3038 ei

291 3099 359 3143 non
382 3078 482 3144 luisse
506 3077 812 3143 communicatum.
840 3076 927 3142 Dicit
945 3077 1063 3164 itaque
1083 3077 1235 3143 Christus
1259 3078 1382 3159 homo,
1412 3078 1461 3144 uti
1481 3079 1543 3145 tert
1561 3101 1617 3144 ex-

291 3183 429 3273 plicatio
445 3182 548 3271 longo
569 3183 794 3265 communior,
816 3203 851 3247 se
870 3182 1000 3248 nescire
1016 3181 1110 3248 diem
1131 3183 1247 3264 illum,
1270 3184 1352 3272 quia
1376 3190 1549 3273 tamquam
1569 3187 1617 3253 le-

290 3298 390 3377 gatus
418 3290 462 3357 ad
489 3291 645 3356 homines
669 3290 790 3356 missus
817 3288 879 3355 illa
903 3288 1120 3355 solummodo
1150 3289 1249 3356 docet
1272 3312 1359 3378 quae
1384 3312 1423 3356 ex
1447 3292 1617 3359 voluntate

290 3399 397 3464 Patris
421 3397 584 3463 mittentis
605 3396 802 3463 hominibus
821 3395 1113 3462 communicanda
1127 3402 1222 3477 sunt;
1241 3425 1256 3456 κ
1274 3397 1368 3487 quod
1385 3396 1429 3463 ad
1445 3403 1569 3480 cetera,
1590 3401 1615 3466 si

290 3527 377 3594 quae
396 3505 483 3570 torte
503 3504 636 3591 legatus
649 3503 749 3586 sciat,
771 3503 819 3569 ita
834 3525 868 3569 se
882 3524 1004 3590 gerere
1019 3502 1123 3569 debet
1141 3525 1182 3570 ac
1196 3503 1225 3568 si
1238 3504 1382 3584 nesciat,
1406 3504 1500 3594 sique
1519 3505 1560 3571 de
1576 3507 1614 3571 iis

290 3619 442 3698 rogatur,
468 3611 648 3700 respondet
677 3633 712 3677 sc
732 3610 863 3676 nescire
883 3632 922 3676 ac
946 3631 1067 3677 verum
1087 3609 1289 3699 respondet,
1316 3616 1352 3676 ut
1371 3610 1505 3698 legatus
1524 3614 1613 3679 enim

289 3719 451 3806 loquitur,
478 3725 514 3784 ut
533 3724 648 3784 autem
663 3718 797 3803 legatus
810 3714 899 3782 nihil
914 3717 977 3782 scit
995 3717 1061 3783 nisi
1080 3738 1169 3806 quae
1184 3715 1298 3783 dicere
1315 3718 1423 3784 iussus
1437 3724 1500 3793 est;
1518 3719 1613 3786 illum

290 3827 380 3892 diem
400 3825 562 3914 illamque
579 3825 700 3891 horam
720 3827 805 3890 lteus
823 3845 885 3888 nos
904 3822 1009 3889 latere
1031 3822 1119 3904 vult3
1142 3824 1294 3890 Christus
1312 3845 1395 3911 ergo
1411 3826 1468 3890 [tei
1486 3826 1617 3913 legatus

290 3938 471 4021 utrumque
492 3953 525 3997 se
549 3932 677 3997 nescire
699 3929 813 3996 dicere
836 3950 914 3996 vere
938 3931 1050 4019 potuit
1074 3959 1089 3991 »
1116 3930 1248 4018 (Pata).
1273 3931 1417 3997 Proinde
1432 3953 1466 3998 se
1486 3935 1613 3999 nescire

289 4039 371 4106 dicit
388 4040 528 4106 scientia
546 4038 617 4104 scil.
640 4035 918 4105 communicabili
938 4036 995 4122 (cf.
1017 4035 1094 4102 Alb.
1114 4038 1204 4103 lons.
1225 4036 1373 4118 Schunc,
1393 4038 1448 4104 le
1464 4040 1487 4126 ).

329 4209 411 4282 Quid
431 4227 469 4270 ex
486 4208 631 4268 doctrina
650 4208 779 4268 Patrum
797 4208 836 4268 de
854 4206 911 4267 hac
925 4207 1112 4285 quaestione
1132 4207 1297 4287 colligatur
1312 4209 1444 4284 exposui
1466 4209 1496 4268 in
1513 4211 1616 4287 perio-

290 4310 360 4370 dico
378 4308 535 4368 Stimmen
551 4325 608 4367 aus
625 4307 719 4366 Maria
736 4305 944 4376 Laach1879,
963 4311 1042 4366 tom.
1061 4307 1099 4366 16
1113 4323 1146 4384 p.
1163 4308 1183 4367 8
1198 4322 1283 4382 seq.;
1300 4305 1479 4366 luculenter
1491 4325 1614 4386 quoque

289 4410 413 4468 Patrum
433 4424 470 4466 ea
489 4407 528 4466 de
549 4423 582 4465 re
603 4404 777 4465 sententias
795 4405 938 4464 recenset
956 4400 1126 4485 Stentrup,
1147 4404 1191 4463 De
1210 4404 1313 4464 Verbo
1333 4404 1508 4473 incarnato,
1525 4407 1618 4466 Oeni-

289 4512 383 4585 ponte
402 4506 479 4566 1882
497 4522 528 4582 p.
545 4502 725 4564 1113-1110.
748 4503 815 4562 Hoc
833 4503 901 4562 loco
919 4519 1018 4580 pauca
1037 4501 1177 4562 indicare
1197 4502 1332 4563 sulliciat
1351 4502 1469 4579 quibus
1484 4511 1584 4583 pateat
1601 4525 1618 4564 a

289 4605 410 4666 Christo
426 4602 554 4662 homine
571 4599 780 4680 ignorantiam
795 4601 864 4662 eius
879 4600 942 4661 diei
958 4618 1027 4661 esse
1043 4600 1176 4660 omnino
1190 4600 1361 4662 exclusam.
1381 4603 1415 4660 Et
1430 4598 1464 4661 S.
1478 4601 1617 4661 Hilario.»-

289 4703 420 4780 quidem
435 4719 514 4779 quae
529 4700 620 4762 eade
636 4717 668 4760 re
680 4699 789 4760 docuit
804 4699 873 4777 ipse
888 4699 933 4758 ita
947 4697 1192 4777 complectitur:
1204 4722 1218 4753 a
1231 4698 1310 4759 hanc
1326 4683 1462 4759 nescitae
1473 4700 1533 4760 dici
1549 4719 1619 4780 pro-

290 4801 461 4862 fessionem
480 4818 544 4860 non
562 4797 768 4879 ignorationis
789 4814 857 4858 esse
878 4797 1112 4871 infirmitatem,
1129 4798 1184 4859 sed
1205 4797 1329 4858 tacendi
1350 4797 1619 4877 dispensationem
