3960 5654
1011 347 1103 392 uine.
1127 331 1158 401 9,
1180 329 1231 388 28.
1344 397 1348 405 Ι
1730 331 1792 395 2⁴5⁴
1887 422 1890 427 ·
1958 335 1962 341 ’

452 484 541 546 recte
556 483 694 548 censent
708 479 1002 564 Dominum,·dum
1016 479 1108 546 dicat
1120 477 1183 545 hoc
1195 500 1316 568 qenes,
1337 476 1379 544 de
1394 483 1484 545 certo
1494 478 1645 567 quodam
1661 501 1788 567 genere

451 583 655 653 daemonum
676 584 782 675 loqui.
803 587 894 652 ldem
909 607 1047 675 quoque
1065 607 1161 652 exeo
1181 586 1340 664 efficitur,
1355 584 1437 673 quia
1446 583 1605 673 discipuli
1626 587 1695 652 alia
1708 585 1787 654 dae-

451 695 568 759 monia
584 690 628 758 ab
641 690 718 758 aliis
732 691 912 759 eiiciebant
929 692 1037 782 (u,13)
1054 714 1166 780 nequo
1180 698 1293 757 tamen
1307 690 1349 757 iis
1364 698 1465 758 antea
1478 691 1707 777 significatum
1723 692 1786 760 tuit

450 798 484 865 id
499 799 573 865 fieri
588 819 654 863 non
671 821 768 888 posse
782 796 847 864 nisi
861 797 895 863 in
913 798 1068 865 oratione
1084 798 1266 864 etieiuni0.
1281 799 1413 863 Exsistit
1426 797 1541 886 itaque
1556 819 1664 884 genus
1678 799 1786 886 quod-

448 905 528 972 dam
544 903 753 972 daemonum
767 904 843 970 aliis
862 908 1032 993 potentius
1047 910 1081 972 et
1095 905 1244 971 ferocius
1254 946 1269 984 ,-
1281 926 1391 989 genus
1404 903 1490 970 illud
1504 896 1730 987 daemonum,
1748 912 1786 973 ut

448 1014 537 1078 lana.
567 1010 750 1093 existimat,
774 1011 833 1099 qui
856 1010 987 1078 iamdiu
1008 1012 1158 1100 aliquem
1186 1011 1426 1100 possederunt,
1444 1017 1482 1077 ut
1506 1010 1634 1078 malum
1659 1011 1729 1078 iere
1748 1011 1783 1078 in

449 1122 606 1184 naturam
632 1120 674 1184 sit
703 1139 850 1184 versum.
882 1122 984 1184 Porro
1009 1140 1049 1184 ex
1078 1118 1160 1207 ipsis
1182 1117 1250 1184 illis
1284 1116 1520 1184 vexationibus
1548 1116 1674 1207 quibus
1699 1140 1786 1207 puer

447 1228 521 1289 erat
538 1223 723 1304 subiectus,
746 1246 784 1290 ex
807 1223 972 1310 ligamine
1001 1224 1140 1311 linguae
1165 1224 1389 1312 auriumque,
1412 1224 1493 1290 satis
1516 1231 1660 1314 apparet
1680 1225 1785 1314 pessi-

447 1351 541 1396 mum
560 1330 595 1397 in
615 1353 654 1397 eo
670 1330 829 1404 insedisse
844 1330 1045 1397 daemonem
1064 1336 1098 1397 et
1116 1329 1431 1397 obstinatissimum.
1455 1328 1504 1396 hd
1523 1329 1687 1397 eiusmodi
1706 1330 1785 1398 dae-

446 1457 563 1503 mones
578 1437 762 1503 vincendos
785 1459 870 1526 opus
893 1442 942 1503 est
966 1436 1093 1517 oratio,
1119 1436 1315 1503 coniunctio
1340 1457 1419 1503 cum
1441 1440 1508 1502 Deo
1523 1435 1660 1502 assidua
1672 1443 1707 1503 et
1720 1437 1786 1504 fer·

446 1565 527 1610 vens
539 1543 735 1634 imploratio
751 1542 868 1609 auxilii
878 1541 998 1624 divini,
1015 1542 1197 1624 ieiunium,
1216 1565 1285 1632 quo
1300 1564 1397 1608 mens
1409 1540 1453 1608 ad
1466 1542 1656 1609 orationem
1674 1545 1786 1630 magis

446 1647 637 1739 disponitur
652 1655 685 1714 et
699 1671 768 1738 quo
790 1649 1018 1738 poenitentiae
1031 1657 1159 1735 genere
1172 1648 1349 1716 uberiores
1367 1649 1500 1735 gratiae
1515 1670 1535 1714 a
1550 1647 1667 1715 divina
1687 1648 1784 1716 boni-

444 1760 512 1821 tate
524 1754 766 1846 impetrantur.
785 1760 903 1844 ltaque
923 1755 1045 1821 maiori
1066 1754 1244 1822 daemonis
1264 1754 1436 1842 potentiae
1455 1759 1489 1822 et
1510 1753 1660 1822 malitiae
1676 1756 1786 1822 maior

445 1884 580 1951 quoque
600 1863 736 1951 pietatis
749 1868 891 1929 conatus
905 1863 1033 1951 opponi
1049 1862 1162 1930 debet.
1178 1860 1244 1930 Sed
1261 1863 1317 1928 cui
1331 1863 1441 1928 maior
1454 1861 1516 1927 iste
1532 1869 1673 1929 conatus
1685 1884 1783 1950 prae-

443 1969 588 2058 cipitur?
609 1969 691 2036 dicit
708 1969 783 2037 Coi.
809 1973 963 2059 exparte
987 1970 1181 2036 curantium
1202 1968 1352 2059 requiri,
1375 1969 1465 2035 lans.
1493 1967 1603 2055 magis
1621 1976 1782 2036 sanaturo

442 2076 605 2165 praecipi.
622 2075 689 2142 Sed
705 2098 782 2143 cum
798 2076 952 2142 Christus
965 2075 1133 2156 affirmet,
1149 2075 1239 2141 illud
1252 2097 1362 2162 genus
1374 2081 1446 2142 tum
1467 2074 1576 2142 solum
1591 2076 1702 2156 exire,
1721 2075 1782 2142 ubi

443 2183 552 2248 oratio
567 2182 775 2249 adhibeatur
792 2188 825 2248 et
844 2181 1028 2265 ieiunium,
1046 2181 1146 2272 proin
1161 2183 1211 2249 ibi
1230 2180 1323 2249 nolle
1335 2188 1369 2248 et
1388 2203 1456 2248 non
1476 2202 1572 2271 posse
1589 2203 1781 2263 remanere,

444 2288 504 2356 ubi
526 2288 688 2378 frequens
708 2291 753 2356 sit
776 2290 974 2355 exercitium
995 2289 1062 2356 hoc
1081 2289 1218 2378 pietatis
1244 2294 1277 2354 et
1300 2273 1547 2377 poenitentiae,
1571 2288 1712 2355 fortasse
1729 2288 1782 2355 di·

441 2395 589 2462 cendum
609 2398 764 2463 eritcum
783 2399 876 2463 Patr.
899 2417 917 2462 e
941 2396 1066 2462 Christi
1082 2394 1198 2462 verbis
1221 2395 1362 2460 minime
1384 2394 1472 2469 effici
1499 2393 1563 2461 hoc
1581 2394 1779 2461 exercitium

441 2503 471 2567 ei
490 2504 600 2589 magis
623 2504 852 2570 necessarium
876 2524 947 2569 esse
975 2502 1093 2592 quiid
1116 2523 1226 2589 genus
1255 2501 1424 2591 expellere
1447 2500 1522 2567 vult
1542 2522 1644 2590 quam
1669 2523 1779 2590 aquo

441 2615 490 2674 est
523 2609 772 2698 expellendum.
806 2613 845 2675 Et
872 2614 1058 2697 utrumque
1096 2609 1184 2674 scire
1222 2607 1467 2697 discipulorum
1498 2606 1637 2673 interest
1673 2628 1777 2695 quam

441 2716 597 2781 maximo.
616 2717 708 2781 Hisce
727 2715 850 2783 Christi
867 2715 981 2782 verbis
994 2715 1098 2783 simul
1113 2715 1319 2782 documenta
1332 2712 1430 2780 nobis
1444 2713 1629 2780 traduntur
1639 2718 1672 2780 et
1682 2735 1778 2780 arma

440 2820 484 2887 ad
504 2821 705 2888 daemonem
729 2820 1003 2912 oppugnandum
1023 2828 1058 2889 et
1079 2820 1283 2889 eiiciendum
1304 2843 1323 2888 e
1341 2826 1453 2887 mente
1468 2841 1572 2909 quam
1587 2821 1690 2886 variis
1703 2826 1777 2887 ten·

439 2928 625 2996 tationibos
652 2928 696 2996 ad
725 2930 853 2995 mulum
878 2929 1081 3019 pertrahere
1111 2935 1146 2995 et
1179 2949 1349 3017 occupare
1378 2926 1507 3009 studet;
1534 2926 1655 2993 circuit
1686 2926 1774 2993 enim

439 3057 606 3123 quaerens
618 3057 721 3124 quem
736 3035 891 3101 devoret!
908 3034 990 3102 Vide
1005 3039 1196 3102 Commeat.
1215 3034 1330 3101 natth.
1351 3038 1376 3100 li
1393 3057 1428 3123 p.
1451 3041 1505 3101 97.

640 3296 657 3346 h
680 3298 776 3346 lesus
795 3295 892 3346 docet
911 3296 951 3346 de
970 3294 1132 3359 passione
1151 3296 1185 3347 et
1203 3284 1396 3346 humilitate
1415 3292 1565 3359 aaa-86.

473 3509 545 3566 9:29.
571 3509 605 3558 nt
627 3510 692 3560 inda
715 3509 833 3574 protecti
853 3510 1079 3573 praetergredie-
1167 3509 1242 3567 9,‘29.
1264 3504 1383 3558 Κάκεῖθεν
1408 3504 1545 3567 ἐξελθόντες
1561 3502 1707 3576 ἐπορεύοντο
1729 3504 1770 3556 aa

436 3597 537 3647 bantur
563 3597 733 3659 Galitaoam,
764 3611 816 3648 nec
842 3598 958 3649 volebat
983 3612 1078 3663 quem·
1129 3599 1173 3660 τῆς
1209 3593 1353 3656 Γαλιλαίας·
1388 3594 1431 3646 καὶ
1466 3593 1511 3646 οὐκ
1542 3593 1629 3660 ἤθελον
1656 3593 1700 3646 ἵνα
1734 3613 1770 3656 τις
1878 3620 1880 3625 ·

437 3699 520 3750 quam
536 3689 616 3738 scire.
1128 3686 1197 3754 γνοῖ.
1235 3687 1279 3738 30.
1316 3683 1442 3736 rabaam
1480 3683 1529 3753 γάρ
1564 3684 1620 3745 τοὺς
1658 3682 1770 3752 μαθητάς

471 3775 516 3826 30.
537 3776 661 3826 Docebat
674 3780 769 3826 autem
792 3777 944 3841 discipulos
966 3789 1034 3827 suos
1051 3778 1078 3827 et
1128 3772 1218 3836 αὺτοῦ,
1238 3774 1278 3824 καὶ
1298 3771 1385 3843 ἔλεγον
1398 3771 1457 3824 Ὀτι
1475 3772 1490 3824 ὁ
1508 3771 1559 3834 υἱὸς
1577 3776 1620 3825 τοῦ
1636 3773 1767 3840 ἀνθρώπου

435 3864 545 3914 dicebat
568 3864 625 3915 illis
650 3878 657 3913 :
681 3865 821 3925 Quoniam
848 3865 934 3916 Filius
955 3866 1078 3915 nominis
1127 3862 1290 3932 παραδίδοται
1309 3860 1341 3923 εἰς
1363 3865 1451 3932 χεῖρας
1469 3860 1621 3932 ἀνθρώπων,
1640 3862 1683 3913 καὶ
1705 3861 1766 3915 ἀπο·

435 3953 559 4003 tradetur
573 3955 601 4002 in
615 3967 714 4004 manus
729 3955 888 4012 hominum,
908 3957 936 4004 et
948 3952 1078 4004 occident
1128 3955 1254 4003 κτανοῦσιν
1290 3950 1375 4003 αὐτόν·
1414 3950 1457 4002 καὶ
1495 3949 1667 4014 ἀποκτανθεὶς,
1705 3950 1767 4020 μετὰ

435 4053 513 4101 eum,
530 4046 557 4091 et
580 4043 690 4092 occisus
707 4045 789 4093 tertia
803 4042 850 4093 dte
868 4045 1005 4107 resurget.
1029 4042 1074 4093 at.
1127 4042 1191 4109 τρεῖς
1218 4039 1310 4110 ἡμέρας
1337 4038 1513 4106 ἀναστήσεται.
1541 4044 1584 4095 31.
1609 4038 1640 4092 Oi
1663 4038 1689 4092 θὲ
1716 4037 1767 4111 ἠγ-

436 4131 472 4180 At
486 4129 527 4180 illi
551 4131 720 4194 ignorabant
743 4131 873 4192 verbum,
897 4137 926 4182 at
939 4131 1076 4182 timebant
1126 4131 1199 4182 νθονν
1217 4130 1246 4182 ab
1264 4128 1346 4200 ῥῆμα,
1366 4129 1409 4182 καὶ
1428 4127 1563 4199 ἀφοθοῦντο
1582 4127 1655 4180 αὐτὸν
1674 4126 1766 4199 ἕτερον·

436 4220 607 4283 interrogare
622 4233 696 4271 eum.
1125 4221 1209 4284 τῆσαι.

471 4307 514 4358 33.
549 4309 583 4360 Et
612 4315 752 4360 venerunt
780 4309 989 4374 capharnaum.
1021 4309 1075 4370 Qui
1163 4310 1207 4361 33.
1236 4307 1282 4358 Καὶ
1305 4303 1381 4374 ἦλθον
1408 4306 1440 4368 εἰς
1466 4307 1639 4378 Καφαρναούμ·
1670 4307 1713 4359 καὶ
1740 4307 1766 4361 ἔν

435 4411 520 4462 quum
537 4398 612 4447 domi
636 4400 746 4458 essent,
775 4399 968 4463 interrogabat
996 4413 1073 4450 eos:
1126 4401 1157 4468 τῇ
1174 4394 1241 4467 οἰκίᾳ
1263 4397 1399 4467 γενόμενος
1423 4395 1538 4467 emptu
1561 4396 1663 4461 αὐτοὺς,
1683 4399 1716 4453 Τί
1740 4396 1765 4450 ἐν

436 4484 508 4544 Qutd
522 4489 549 4535 in
565 4489 609 4536 via
624 4486 802 4538 tractabatis?
818 4487 861 4538 33.
879 4489 915 4539 At
938 4489 979 4539 illi
998 4494 1075 4540 taee-
1126 4489 1157 4558 τῇ
1183 4485 1234 4555 ὁδῷ
1258 4484 1426 4556 διελογίζεσθε
1434 4503 1442 4548 ;
1469 4489 1512 4539 33.
1538 4485 1561 4538 oi
1587 4485 1614 4539 δὲ
1642 4485 1764 4541 ἐσιώπων·

435 4574 502 4624 bant
517 4577 675 4640 :siquidem
691 4577 1075 4643 inviaintersedisputave-
1126 4575 1184 4645 πρὸς
1202 4573 1330 4640 ἀλλήλους
1347 4573 1396 4644 γὰρ
1414 4574 1577 4644 διελέχθησαν
1602 4575 1627 4628 ἐν
1651 4580 1683 4648 τῇ
1700 4575 1764 4648 ὁδῷ,

435 4666 510 4723 rant,
534 4667 596 4729 quia
616 4678 713 4715 corum
737 4666 827 4716 maior
850 4666 943 4717 esset?
970 4667 1014 4717 at.
1040 4667 1075 4717 Et
1125 4665 1161 4725 τίς
1179 4665 1282 4734 μείζων.
1305 4665 1347 4718 Bi.
1377 4664 1418 4715 zai
1440 4664 1541 4725 καθίσας
1560 4663 1684 4735 ἐφώνησεν
1713 4666 1768 4727 τοὺς

435 4752 560 4805 residens
573 4757 682 4804 vocavit
701 4754 862 4816 duodecim,
884 4760 913 4807 et
927 4757 966 4807 att
990 4756 1073 4807 illis:
1124 4753 1235 4816 δώδεκα,
1265 4753 1308 4804 καὶ
1338 4752 1406 4823 bipes
1439 4752 1536 4815 αὗτοῖς,
1575 4751 1608 4806 Εἴ
1634 4773 1669 4816 τις
1703 4754 1769 4808 θέλει
