3960 5654
251 740 333 804 Cum
360 735 480 796 ventus
506 734 592 796 esset
609 729 800 796 contrarius
821 725 845 791 i.
867 745 897 790 e.
919 722 1066 792 borealis
1088 727 1234 814 satisque
1257 728 1437 794 vehemens
1464 748 1530 793 non

205 837 395 910 secundum
417 835 498 902 litus
519 837 685 923 navigare
708 837 870 924 poterant
889 833 980 896 recta
1004 832 1075 898 scil.
1101 855 1121 898 a
1144 831 1217 897 loco
1240 832 1531 923 multiplicationis

204 946 301 1037 panis
317 942 360 1009 ad
376 941 609 1025 Bethsaidam,
623 940 682 1008 sed
697 941 807 1027 magis
821 957 937 1002 versus
956 938 1106 1005 medium
1124 937 1234 1004 lacum
1247 939 1528 1030 impellebantur3

204 1050 295 1118 unde
309 1071 342 1115 v.
361 1056 403 1118 t'l
423 1061 456 1116 et
475 1072 553 1117 aum
572 1069 645 1115 sero
664 1060 764 1128 esset,
785 1053 859 1111 erat
877 1043 1026 1112 naviuin
1041 1043 1149 1111 medt'o
1170 1043 1273 1125 mari,
1294 1047 1444 1113 medium
1465 1045 1531 1110 uti-

203 1179 270 1247 que
289 1156 446 1244 intellige
458 1179 498 1223 ex
512 1154 686 1223 communi
705 1152 807 1219 modo
825 1150 1001 1239 loquendi,
1018 1162 1051 1218 et
1067 1152 1135 1240 ipse
1153 1151 1243 1217 solus
1259 1151 1294 1218 in
1309 1165 1415 1234 terra,
1431 1174 1532 1218 orans

201 1262 274 1330 scil.
294 1263 329 1330 in
349 1268 480 1346 monte,
497 1284 538 1329 ex
555 1281 624 1349 quo
640 1281 697 1326 eos
715 1258 801 1324 vidit
820 1254 1012 1325 laborantes
1039 1257 1075 1322 in
1095 1255 1291 1348 remr'qando
1310 1280 1342 1324 v.
1362 1264 1404 1327 t8
1433 1257 1462 1319 ἐν
1486 1264 1531 1338 τῷ

202 1366 333 1432 nuncu
353 1369 424 1436 scil.
446 1364 483 1430 rb
499 1366 628 1446 alcion,
651 1366 686 1432 in
715 1385 796 1430 voce
813 1354 1059 1454 βασανιζομένους
1087 1370 1218 1431 vexatos
1245 1384 1390 1450 magnus
1418 1368 1531 1455 expri-

199 1478 309 1543 mitur
330 1475 430 1543 labor
455 1479 489 1541 et
512 1492 641 1558 magna
658 1469 833 1551 molestia;
860 1483 934 1537 erat
957 1472 1046 1538 emin
1067 1484 1183 1538 ventus
1200 1471 1406 1552 contrarius,
1427 1472 1475 1538 ita
1495 1479 1533 1538 ut

201 1581 403 1670 remigando
433 1600 554 1670 parum
580 1576 874 1672 progrederentur
895 1583 930 1645 et
951 1600 972 1644 a
1002 1584 1092 1645 recto
1118 1599 1217 1646 cursu
1240 1598 1356 1644 versus
1376 1578 1529 1644 medium

199 1689 313 1757 lacum
337 1687 608 1776 impellerentur.
635 1687 854 1772 Quantopere
871 1689 972 1751 vento
991 1686 1160 1752 contrario
1180 1686 1247 1751 sint
1263 1683 1420 1775 impediti
1439 1690 1532 1774 patet

120 1840 122 1844 ι
200 1818 240 1862 ex
253 1817 294 1862 eo
313 1793 406 1883 quod
425 1792 518 1860 circa
536 1795 697 1880 quartam
723 1788 880 1875 vigiliam
901 1790 1009 1856 noctis
1035 1791 1058 1857 i.
1080 1815 1110 1859 e.
1136 1791 1227 1858 cirea
1251 1791 1371 1858 horam
1392 1792 1528 1857 tertiam

200 1902 251 1968 vel
276 1905 434 1990 quartam
455 1898 660 1965 matutinam
684 1894 799 1963 adhue
813 1900 912 1963 erant
932 1896 967 1963 in
990 1895 1082 1979 lacu,
1106 1898 1259 1987 quamvis
1274 1917 1414 1985 vespere
1433 1897 1529 1964 navi-

117 1997 121 2009 ’
199 2008 371 2096 gationem
390 2005 598 2095 inceperint,
622 2008 655 2070 et
674 2025 714 2070 ex
731 2024 772 2068 eo
799 2023 936 2092 quoque
961 2003 1053 2093 quod
1077 2026 1142 2071 non
1169 2004 1203 2070 in
1229 2003 1405 2070 Bethsaida
1425 2026 1530 2094 appu·

198 2114 312 2181 lerunt
323 2111 381 2180 sed
397 2110 506 2178 multo
518 2111 630 2198 magis
642 2109 686 2175 ad
700 2108 881 2176 meridiem
895 2130 1011 2176 versus
1029 2116 1128 2177 vento
1142 2111 1320 2177 transvecti
1338 2111 1374 2177 in
1390 2111 1530 2196 regione

199 2219 402 2288 Genesareth
431 2217 675 2308 applicuerunt
700 2214 747 2306 (v.
774 2217 845 2303 53).
872 2218 960 2282 lesus
984 2217 1069 2283 sinit
1086 2239 1140 2284 eos
1163 2217 1333 2298 laborare;
1360 2217 1432 2283 vult
1455 2240 1526 2296 eos,

198 2331 237 2393 ut
262 2325 407 2415 Tbeopb.
438 2323 537 2402 dicit,
565 2321 743 2390 laboribus
772 2322 982 2389 assuefacere
1009 2344 1132 2413 eosque
1158 2323 1281 2390 docere
1310 2325 1525 2414 patientiam.

198 2433 356 2511 Quamvis
370 2431 581 2521 tempestatis
595 2450 664 2496 non
679 2428 739 2495 fiat
754 2428 899 2510 mentio,
918 2434 1031 2497 tamen
1044 2436 1144 2497 vento
1159 2431 1411 2498 vehementiore
1426 2431 1529 2496 flante

198 2539 357 2607 navicula
385 2537 547 2606 fluetibus
574 2556 713 2625 quoque
738 2539 840 2602 vento
865 2535 1002 2622 agitatis
1026 2536 1215 2603 iactabatur
1243 2539 1372 2627 (llatth.
1397 2537 1526 2627 linit),

198 2668 266 2736 quo
282 2645 379 2712 labor
393 2644 565 2731 remigum
590 2641 757 2710 evadebat
781 2641 931 2729 gravior.
963 2645 1051 2710 lesus
1071 2644 1156 2710 vidit
1176 2666 1241 2711 eos.
1270 2643 1319 2711 Ad
1344 2644 1436 2734 quod
1460 2667 1528 2712 non

198 2773 285 2842 opus
296 2758 346 2819 est
360 2750 566 2819 miraculum
588 2748 774 2816 adstruere.
802 2751 885 2815 Cum
908 2749 1000 2815 enim
1017 2755 1149 2840 tempus
1174 2756 1257 2818 esset
1278 2774 1383 2841 prope
1402 2752 1530 2841 pascha

198 2858 221 2924 i.
247 2881 277 2925 e.
300 2880 407 2948 prope
426 2855 672 2947 plenilunium,
695 2860 795 2922 nocte
818 2876 940 2923 serena
958 2855 1057 2924 facile
1076 2857 1231 2925 navicula
1249 2859 1284 2925 in
1308 2859 1385 2925 lacu
1407 2859 1530 2925 iactata

197 2965 302 3031 oculis
327 2964 421 3031 cerni
447 2967 597 3053 poterat,
622 2960 658 3028 id
684 2960 777 3052 quod
804 2962 873 3028 sola
892 2962 1065 3030 stellarum
1084 2963 1159 3031 luce
1177 2987 1314 3056 quoque
1338 2964 1413 3032 lieri
1432 2987 1529 3054 posse

198 3069 344 3137 videtur.

242 3185 269 3245 Α
299 3198 440 3266 vespera
473 3195 582 3264 usque
608 3194 721 3248 ‚mane
750 3177 839 3241 lesus
863 3175 899 3241 in
925 3176 1077 3243 oratione
1100 3178 1342 3266 pemeveravit,
1372 3191 1404 3245 et
1437 3179 1528 3244 circa

198 3295 359 3375 quartam
384 3279 538 3372 olqib'am
565 3279 689 3361 nostri,
710 3301 798 3369 quae
823 3279 944 3366 vigilia
967 3281 1011 3347 ab
1037 3283 1158 3350 hora3
1184 3285 1347 3351 matutina
1370 3284 1414 3351 ad
1433 3292 1465 3367 6,
1484 3285 1527 3351 ad

131 3388 133 3392 ⁴
198 3398 311 3457 ortum
324 3388 419 3469 solis,
437 3391 671 3477 computatur,
689 3386 781 3452 oem't
798 3385 847 3452 ad
861 3408 917 3453 eos
930 3386 1107 3456 ambulans
1123 3411 1225 3480 supra
1237 3412 1330 3458 mare
1349 3405 1382 3458 et
1397 3391 1529 3458 uolebat

192 3495 471 3588 praetermeans,
493 3493 529 3560 id
550 3492 624 3560 scil.
648 3514 730 3583 prae
751 3514 785 3559 se
801 3492 933 3562 serebat
954 3516 1022 3561 non
1047 3495 1229 3563 intraturus
1255 3498 1289 3564 in
1310 3498 1441 3581 navim,
1462 3499 1527 3565 nisi

199 3603 342 3693 apostoli
358 3600 423 3667 hoc
437 3597 597 3690 precibus
615 3598 733 3665 abillo
755 3599 994 3689 expressissent
1015 3601 1168 3692 (lamy);
1184 3603 1231 3670 ita
1254 3605 1326 3672 scil.
1350 3604 1529 3671 incedebat

199 3731 260 3800 per
280 3730 394 3789 mare,
411 3711 450 3773 ut
466 3707 493 3773 si
513 3710 606 3773 recta
620 3706 821 3795 perrexisset
845 3728 902 3773 eos
915 3709 1152 3796 praeteriisset.
1174 3708 1267 3778 Unde
1288 3712 1347 3800 qui
1365 3710 1528 3779 videbant

199 3836 278 3883 eum
298 3813 532 3901 gradientem,
550 3809 724 3879 debebant
740 3811 855 3879 dicere
874 3834 883 3882 ι
905 3813 979 3879 vult
1001 3836 1061 3882 nos
1075 3819 1267 3904 praeterire.
1285 3821 1393 3894 Quare
1408 3817 1527 3884 modus

199 3921 364 3990 narrandi
387 3919 509 3986 eadem
532 3918 666 3985 ratione
695 3917 894 4008 explicatur.
926 3921 1036 3987 Voluit
1060 3922 1209 3990 Christus
1233 3946 1268 3990 se
1293 3923 1526 3991 demonstrare

199 4028 379 4096 dominum
399 4027 649 4093 elementorum
662 4018 712 4074 ⁴—
736 4030 785 4092 est
804 4026 1047 4107 demonstratio
1069 4028 1198 4096 virtutis
1220 4031 1253 4096 in
1276 4031 1439 4097 creaturis
1457 4032 1525 4098 ele-

201 4140 394 4228 mentorum
408 4138 558 4213 ostensa,
576 4128 653 4198 Alb.
668 4167 713 4180 —
730 4154 838 4222 quare
850 4132 952 4199 etiam
965 4137 1038 4199 tum
1056 4136 1146 4202 venit
1161 4158 1239 4203 cum
1258 4138 1325 4204 iam
1347 4137 1391 4203 ab
1418 4141 1525 4206 omni-

199 4241 264 4308 bus
282 4241 376 4308 cerni
394 4244 518 4331 potest.
543 4242 665 4304 Verum
691 4258 728 4303 re
755 4236 840 4305 adeo
861 4238 999 4306 insolita
1014 4243 1183 4308 terrentur
1205 4250 1239 4310 et
1265 4250 1435 4334 spectrum
1461 4247 1525 4312 sibi

199 4347 314 4414 offerri
332 4351 454 4437 putant
476 4368 509 4412 v.
538 4348 579 4412 t9
606 4356 644 4411 at
664 4342 719 4411 itti
736 4355 773 4409 ut
797 4343 954 4412 viderunt
972 4368 1050 4412 ercm
1066 4347 1294 4417 ambulantem
1311 4373 1413 4440 supra
1433 4375 1526 4419 mam

193 4465 406 4543 putauerunt
423 4453 631 4543 phantasma
650 4472 719 4516 esse
743 4462 776 4516 et
796 4450 1072 4519 exclamaverunt
1090 4458 1306 4544 praetimore
1326 4459 1447 4544 (llattb.
1470 4467 1522 4540 tt,

199 4561 256 4649 26)
274 4583 306 4627 v.
324 4567 365 4627 50
382 4582 497 4626 omnes
511 4558 601 4625 enim
617 4557 777 4624 viderunt
793 4579 870 4623 eum
890 4570 923 4624 et
937 4560 1129 4628 conturbati
1144 4578 1240 4648 sunt;
1256 4575 1288 4631 et
1300 4565 1415 4631 statim
1432 4565 1524 4632 lactc-

200 4681 252 4734 tus
265 4679 315 4733 est
331 4688 409 4732 cum
428 4666 475 4732 eis
493 4678 527 4732 et
545 4665 632 4732 duait
655 4664 702 4731 eis
727 4685 738 4730 :
764 4663 921 4752 confidite
936 4662 1072 4752 θαρσεῖτε
1086 4668 1174 4736 bono
1194 4672 1307 4738 animo
1325 4677 1445 4754 estote,
1465 4695 1524 4763 epo

197 4795 293 4855 sum,
309 4771 412 4854 nolite
431 4772 568 4839 timere!
582 4794 615 4837 v.
635 4778 676 4839 51
697 4782 730 4837 et
743 4771 897 4838 ascendit
910 4771 958 4839 ad
970 4772 1045 4841 illos
1059 4775 1094 4842 in
1114 4779 1226 4844 navim
1245 4791 1277 4844 et
1292 4779 1431 4845 cessauit
1446 4803 1524 4847 aen·

199 4893 272 4966 tus,·
289 4879 397 4947 altero
416 4879 487 4945 scil.
509 4878 675 4946 miraculo
693 4877 843 4946 ostendit
863 4901 898 4948 se
915 4880 966 4947 uti
985 4884 1105 4966 maris,
1127 4885 1173 4951 ita
1197 4891 1372 4952 ventorum
1389 4909 1524 4978 quoque

200 4987 326 5055 habere
339 4984 542 5065 dominium.
1162 5038 1167 5046 .
1393 5015 1395 5020 v
