3960 5654
172 525 232 587 228
730 539 823 583 unae.
846 521 877 589 8,
900 520 950 580 39.

169 677 249 739 dies.
264 676 296 737 Si
308 674 394 735 enim
409 670 449 731 de
462 672 740 751 transfiguratione
751 689 807 733 sua
817 671 942 730 locutus
953 679 1017 743 est,
1031 672 1114 732 alius
1125 671 1195 731 eius
1207 671 1376 732 verborum
1388 691 1503 736 sensus

167 791 237 836 esse
250 770 372 848 nequit.
383 771 500 829 Verum
514 771 586 849 quis
599 770 730 832 modurn
744 770 824 830 adeo
839 768 1009 830 ridiculum
1022 768 1172 845 loquendi
1186 768 1311 829 Christo
1322 768 1503 833 adscribere

165 869 297 934 audeat?
315 869 422 945 Neque
445 867 562 929 melior
580 872 630 928 est
649 866 871 945 interpretatio
886 865 925 927 de
941 865 1055 928 Christi
1071 866 1302 927 resurrectione
1316 884 1412 944 quam
1431 864 1500 929 Cei.

89 1036 91 1041 .
165 970 352 1048 propugnat.

204 1063 264 1124 Alii
277 1080 314 1123 ea
326 1064 421 1124 verba
436 1068 599 1142 exponunt
616 1060 656 1121 de
672 1079 709 1122 eo
725 1061 838 1122 Christi
854 1062 993 1122 adventu
1013 1061 1068 1138 qui
1086 1062 1117 1121 in
1131 1061 1249 1123 iudicio
1263 1061 1302 1122 de
1319 1064 1397 1124 urhe
1415 1065 1502 1125 leru-

163 1161 259 1223 salem
280 1161 435 1222 habeatur
451 1160 505 1241 (cl.
522 1155 650 1240 Scheqq,
669 1154 802 1233 Scirone,
819 1157 881 1218 rut.
900 1194 937 1201 -
950 1156 1033 1233 Keil,
1052 1155 1149 1233 Cael,
1164 1157 1228 1219 ud.
1248 1160 1273 1220 11
1287 1177 1318 1237 p.
1335 1161 1398 1240 88).
1414 1164 1454 1221 nt
1468 1161 1502 1220 in

162 1258 378 1320 destructione
396 1258 484 1319 urbis
499 1257 581 1316 bene
596 1255 729 1334 quidem
748 1257 835 1316 cerni
853 1261 959 1334 potest
979 1255 1109 1334 quidam
1125 1256 1283 1317 adventus
1297 1256 1427 1329 iudicis,
1445 1275 1500 1319 re-

158 1373 231 1418 rum
248 1358 380 1418 minime
399 1354 549 1416 attirmari
571 1358 678 1431 potest
696 1372 773 1414 eum
793 1355 848 1432 qui
871 1353 956 1413 urbis
974 1353 1099 1414 cladem
1119 1359 1150 1415 et
1169 1355 1298 1414 ruinam
1318 1355 1435 1416 viderit
1452 1356 1499 1414 vi-

157 1454 242 1516 disse
265 1472 399 1534 regnum
423 1453 478 1514 Dei
496 1450 546 1511 rel
566 1468 698 1530 regnum
722 1453 918 1512 messianum
936 1451 967 1511 in
986 1452 1100 1512 virtute
1122 1451 1259 1512 venisse.
1287 1453 1391 1513 Ruina
1410 1453 1498 1513 enim

155 1552 243 1614 urbis
264 1558 296 1613 et
316 1550 427 1631 templi
449 1547 538 1609 nullo
563 1552 656 1627 pacto
681 1549 746 1610 dici
772 1548 821 1610 vel
845 1548 1039 1610 considerari
1064 1553 1171 1626 potest
1195 1550 1383 1612 constitutio
1407 1551 1498 1629 regni

155 1649 319 1711 messiani.
334 1651 442 1726 Neque
458 1647 609 1707 continuo
622 1646 770 1724 sequitur
786 1647 881 1706 verba
895 1646 975 1707 haec
992 1645 1077 1724 apud
1095 1648 1234 1708 Marcum
1248 1665 1329 1725 quae
1346 1653 1421 1708 sunt
1435 1648 1497 1708 alia

155 1747 271 1810 dehere
292 1746 392 1824 accipi
411 1744 526 1806 ecdem
542 1744 718 1822 modoque
740 1744 916 1823 explicatur
928 1744 1017 1805 locus
1037 1743 1146 1805 Matth.
1165 1746 1272 1819 raa&
1291 1762 1394 1823 neque
1411 1746 1498 1807 iuvat

153 1846 258 1920 dicere
275 1861 347 1905 cum
366 1840 487 1904 Sedena
501 1844 643 1903 Marcum
661 1842 830 1920 scripsisse
852 1841 900 1912 τὴν
926 1840 1065 1920 βασιλείαν
1084 1842 1243 1912 λληλυθοῑαν
1263 1844 1340 1921 quia
1358 1843 1498 1904 noluerit

151 1943 331 2004 describere
347 1941 376 1998 τὸ
391 1941 515 2005 venire.
536 1940 590 1999 sed
606 1937 635 1996 τὸ
650 1940 790 2011 venisse,
816 1940 901 2017 quod
919 1957 981 1999 non
998 1939 1037 2000 de
1053 1941 1139 2007 lesu,
1160 1940 1215 2000 sed
1231 1940 1270 2000 de
1286 1958 1382 2018 regno
1398 1957 1498 2003 enun-

134 2040 136 2045 ’
152 2041 224 2102 lieri
241 2039 396 2118 potuerit.
408 2038 471 2099 Sed
486 2039 513 2098 si
527 2038 629 2097 voluit
645 2038 826 2098 describere
842 2038 913 2108 hoc,
931 2037 1043 2098 debuit
1059 2056 1177 2116 ponere
1193 2036 1343 2097 iudicium
1356 2039 1495 2113 venisse,

150 2154 214 2200 non
231 2155 367 2218 regnum
386 2136 455 2196 Dei.
474 2138 585 2213 Neque
608 2135 725 2196 suflicit
744 2135 851 2196 dicere
871 2153 944 2196 cum
964 2132 1051 2210 Keil,
1068 2136 1095 2195 si
1118 2153 1252 2215 regnum
1271 2137 1375 2196 veniat
1395 2137 1494 2198 etiam

149 2252 258 2315 regern
273 2235 393 2305 venire,
413 2233 499 2294 unde
518 2233 605 2311 quod
623 2234 744 2294 Marcus
757 2233 843 2293 dicat
856 2251 926 2293 esse
939 2250 972 2294 re
989 2232 1075 2293 idem
1094 2232 1180 2311 quod
1196 2233 1281 2312 apud
1299 2233 1495 2295 Matthaeum

149 2333 319 2406 habeatur;
337 2337 369 2393 at
384 2348 479 2392 neruo
497 2331 580 2390 serio
600 2330 684 2391 dicet
705 2349 712 2389 ε
730 2331 805 2408 qnia
818 2330 911 2391 video
933 2330 1105 2391 Ecclesiam
1121 2331 1236 2392 Christi
1258 2349 1316 2410 per
1330 2332 1442 2393 orbem
1458 2332 1493 2391 in

148 2430 265 2494 virtute
281 2429 503 2502 constitutam,
518 2432 689 2507 propterea
703 2429 768 2488 iam
783 2428 884 2489 oculis
901 2445 995 2488 cerno
1010 2428 1127 2488 Filium
1143 2428 1283 2489 hominis
1297 2430 1490 2501 venientem,

148 2546 254 2607 neque
270 2533 408 2589 mortem
422 2526 549 2606 gustavi
564 2531 738 2604 antequam
752 2526 889 2586 viderim
904 2526 1066 2588 Christum
1081 2527 1275 2587 venientem.

188 2627 266 2690 Sunt
286 2626 417 2687 demum
433 2624 488 2685 alii
506 2624 615 2703 quiea
635 2625 731 2684 verba
748 2624 866 2702 scripta
886 2640 954 2684 esse
976 2627 1091 2701 putant
1106 2628 1238 2703 propter
1253 2642 1420 2685 erroneam
1436 2643 1491 2685 ex-

148 2725 375 2804 spectationem
394 2723 529 2784 alterum
549 2722 665 2783 Christi
685 2721 856 2782 adventurn
873 2721 1051 2800 gloriosum
1069 2721 1150 2782 adeo
1170 2739 1240 2782 esse
1259 2723 1489 2801 propinquum,

149 2826 186 2884 ut
207 2821 305 2900 aliqui
326 2839 428 2899 usque
450 2820 489 2880 ad
512 2819 592 2881 illud
614 2823 744 2899 tempus
762 2820 1048 2880 consummationis
1074 2820 1276 2880 saeculorum
1301 2821 1493 2898 superstites

149 2919 214 2981 sint
225 2919 335 2979 luturi.
351 2918 435 2990 Quae
449 2915 558 2996 opinio
573 2917 765 2978 refutatione
783 2935 847 2977 non
864 2916 994 2995 indiget.
1009 2917 1040 2977 Si
1057 2918 1144 2977 enim
1158 2918 1255 2979 verbe
1269 2917 1322 2978 illa
1335 2936 1353 2978 a
1365 2918 1491 2980 Christo

149 3017 232 3079 dicta
253 3021 433 3088 censentur,
460 3014 657 3093 blasphemia
677 3020 741 3088 esl3
763 3016 788 3075 si
809 3016 848 3074 ab
869 3014 1062 3092 evangelista
1079 3015 1190 3076 addita
1209 3015 1371 3089 dicuntur,
1392 3017 1492 3094 gratis

149 3115 303 3176 asseritur
316 3118 348 3173 et
363 3113 589 3191 evangelistam
604 3113 697 3172 verba
711 3112 836 3172 Christo
849 3111 1054 3191 adscripsisse
1070 3131 1151 3191 quae
1164 3130 1228 3172 non
1243 3112 1358 3174 dixerit
1370 3119 1402 3174 et
1415 3130 1491 3174 eum

152 3212 346 3274 sententiam
364 3211 450 3271 illam
471 3227 637 3270 erroneam
663 3209 811 3269 habuisse
830 3214 862 3269 et
880 3209 967 3269 hisce
992 3210 1186 3280 declarasse;
1207 3212 1294 3288 quod
1318 3218 1489 3288 utrumque

153 3311 199 3372 uti
212 3310 310 3389 gratis
325 3309 489 3382 asseritur,
505 3308 548 3367 ita
562 3307 661 3386 gratis
677 3313 811 3384 negetur
827 3312 858 3366 el
872 3308 1099 3368 contemnitur.

522 3524 540 3585 ι’)
561 3521 833 3586 Transfiguratie
854 3521 980 3574 Christi
999 3523 1123 3587 tan-12.

190 3722 216 3783 9,
236 3723 259 3772 l.
279 3722 313 3772 Et
334 3725 398 3786 post
420 3721 481 3772 dies
505 3733 556 3770 sex
579 3722 697 3770 assumit
722 3719 801 3770 Iesus
885 3719 940 3775 9‚l.
963 3715 1008 3767 hai
1027 3715 1089 3786 perd
1107 3715 1199 3786 ἡμέρας
1223 3717 1249 3778 ἓξ
1267 3717 1491 3789 καραλαμὸἀνειό

154 3811 283 3869 Petrum,
301 3816 328 3861 ct
350 3809 498 3869 Iacobum,
529 3811 557 3858 et
579 3808 712 3858 loannem
739 3822 745 3858 :
774 3816 801 3859 et
851 3802 946 3870 Ἰησοῦς
973 3805 1016 3856 τὸν
1036 3805 1129 3875 Πέτρον
1150 3806 1192 3857 καλ
1220 3807 1263 3858 τὸν
1297 3805 1420 3861 Ἰάκωὸον
1445 3812 1488 3861 καὶ

154 3898 309 3951 ducittllos
324 3901 352 3950 in
374 3902 497 3959 montem
514 3897 655 3947 excelsum
674 3910 800 3947 seorsum
846 3893 979 3959 Ἰωάννην,
999 3894 1041 3945 καλ
1059 3893 1173 3965 ἀναφέρει
1191 3894 1279 3957 αὐτοὺς
1297 3895 1330 3958 εἰς
1348 3897 1404 3967 ὄρος
1426 3897 1488 3969 ‘utq-

153 3990 245 4050 aolcs,
261 3993 289 4040 et
308 3987 525 4051 transfiguratus
547 3988 591 4036 est
610 3999 704 4036 coram
720 3988 799 4050 ipsis.
846 3981 892 4033 λὶιν
919 3983 973 4034 κατ’
1006 3982 1069 4035 riter
1099 3986 1197 4054 μόνους·
1232 3985 1275 4037 καὶ
1306 3989 1485 4056 μετεμορφώθη

154 4079 180 4129 2.
197 4078 231 4130 Et
241 4079 408 4129 vestimenta
418 4079 478 4127 eius
492 4075 565 4125 lacta
575 4078 640 4124 sunt
651 4075 800 4138 splendcn·
846 4069 981 4143 ἔμκροσθεν
1004 4070 1101 4142 αὐτῶν,
1128 4076 1154 4126 2.
1179 4074 1221 4125 καὶ
1245 4073 1276 4126 τὰ
1299 4074 1386 4145 ἱμάτια
1409 4075 1485 4130 αὐτοῦ

153 4169 207 4224 tia.
230 4171 258 4218 et
278 4167 398 4218 candida
417 4166 502 4215 nimis
521 4165 598 4214 velut
621 4166 683 4223 nix,
704 4165 800 4226 qualia
845 4158 943 4230 ἐγένετο
960 4161 1109 4224 aestuosae,
1129 4161 1205 4215 λευκὰ
1224 4163 1297 4229 λίαν,
1321 4160 1363 4218 οἶα
1381 4167 1487 4236 γναρεῑις

153 4255 223 4308 tullo
245 4269 301 4306 non
326 4259 420 4320 potest
443 4260 651 4318 superterram
680 4254 799 4302 candida
844 4249 884 4302 tal
911 4253 953 4316 τῆς
981 4254 1027 4320 γῆς
1056 4249 1085 4304 ol
1112 4251 1215 4304 δύναται
1243 4252 1321 4315 οὕτως
1354 4253 1483 4308 λευκᾶναι.

154 4345 256 4396 lacere.
283 4346 307 4395 3.
339 4345 374 4394 Et
400 4345 529 4407 apparuit
550 4342 606 4391 illis
634 4342 709 4391 Elias
735 4355 798 4391 cum
846 4342 870 4392 3.
895 4339 937 4390 καὶ
957 4338 1027 4409 ὤρθη
1052 4339 1137 4401 αὐτοῖς
1162 4339 1265 4404 Ἠλείας
1295 4343 1339 4394 ουν
1363 4343 1482 4409 Μωυσεῖ,

151 4433 261 4497 uoyse;
276 4439 304 4484 et
323 4437 404 4484 erent
424 4433 572 4496 loquentes
586 4445 649 4480 rum
671 4431 746 4480 lesu.
771 4431 795 4479 l.
843 4426 885 4478 καὶ
908 4422 971 4492 ἦσαν
995 4427 1176 4492 ουλλαλοῦνεες
1199 4437 1234 4503 τῷ
1264 4430 1356 4498 Ἰησοῦ·
1388 4436 1413 4486 l.
1444 4435 1485 4485 καὶ

151 4523 185 4575 Et
198 4523 371 4587 respondens
388 4523 500 4580 Petrus,
518 4523 557 4571 ait
579 4520 642 4570 lesu
666 4519 795 4576 :Rabbt
842 4514 980 4586 ἀποκριθεὶς
998 4517 1012 4570 d
1031 4518 1122 4590 Πίερος
1139 4519 1208 4590 λέγει
1227 4525 1263 4591 ·ῷ
1284 4519 1382 4586 Ἰησοῦ,
1407 4519 1483 4574 Ῥιξ-

150 4613 255 4664 houum
270 4616 312 4663 est
327 4624 379 4662 nos
394 4614 439 4661 liic
454 4624 516 4660 csse
530 4625 536 4658 :
551 4614 578 4660 el
594 4609 727 4659 iaciamus
743 4611 796 4659 tria
842 4604 894 4668 et,
914 4605 991 4658 καλόν
1011 4607 1076 4661 ἔστιν
1095 4607 1160 4679 ἡμᾶς
1177 4605 1226 4661 ὧδε
1246 4607 1322 4661 εἶναι·
1342 4610 1384 4662 καὶ
1409 4613 1481 4677 ποιή-

121 4711 126 4719 ·
151 4701 332 4753 tahernacula
346 4698 395 4751 tibi
416 4713 516 4759 unum,
540 4704 568 4750 et
583 4699 671 4762 ltoysi
692 4712 793 4758 unum,
841 4714 924 4766 σωμεν
943 4700 1007 4766 τρεῖς
1026 4697 1131 4764 οκηνᾶς,
1157 4699 1193 4750 ool
1214 4699 1288 4768 μίαν,
1313 4700 1355 4751 καὶ
1377 4705 1486 4753 Μωυσεῖ

149 4793 178 4843 el
193 4790 270 4842 Eliae
284 4792 418 4840 unuln.5.
436 4790 500 4841 Non
515 4789 592 4840 enim
606 4788 712 4839 sciebat
726 4788 793 4852 quid
841 4784 914 4855 pter,
934 4785 978 4838 καὶ
996 4786 1084 4856 Ἠλείᾳ
1104 4788 1173 4858 μίαν.
1199 4792 1225 4842 5.
1251 4787 1280 4839 οὗ
1303 4791 1352 4859 γὰρ
1376 4788 1434 4861 ᾔδει
1459 4793 1483 4843 τί

148 4879 252 4932 diceret
271 4893 277 4927 :
295 4883 375 4929 erant
394 4882 470 4929 enim
490 4880 590 4928 timore
610 4879 746 4928 exterriti.
765 4877 791 4929 6.
839 4872 969 4948 ἀποκριθῇ,
990 4874 1091 4946 {epodon
1110 4876 1157 4947 γὰρ
1176 4875 1300 4947 ἐγένοντο.
1322 4882 1348 4933 6.
1369 4879 1412 4931 καὶ
1429 4879 1481 4950 lpi-

149 4967 322 5022 heraclaeae
336 4969 606 5021 nuboeohumbrans
620 4981 684 5027 eus,
703 4970 732 5019 et
746 4980 791 5020 ve·
839 4983 895 5018 rste
914 4965 1003 5037 νεγῦλη
1023 4965 1196 5028 ἐπισκιάζουσα
1210 4967 1301 5030 otton·
1322 4969 1365 5020 καὶ
1381 4967 1484 5040 ἐγένετο
