3960 5654
757 401 849 446 lanc.
875 387 924 454 ll,
947 384 1054 445 38-41.
1509 386 1565 444 387

236 532 356 621 Iam).
374 535 500 622 Aliqui,
522 536 568 600 uti
584 531 676 598 Beda
690 556 826 624 quoque
842 534 876 599 b.
896 533 917 597 l.
935 533 1034 622 (alios
1050 539 1202 601 recenset
1216 533 1342 621 Sylv.),
1360 534 1568 600 arbitrantur

236 640 320 707 haec
332 642 500 706 Christum
516 641 558 707 de
570 663 605 706 se
618 638 750 724 dicere;
767 641 803 708 id
818 639 910 728 quod
925 641 1130 707 refutatione
1143 662 1212 707 non
1226 638 1375 725 indiget,
1394 663 1472 706 cum
1492 663 1567 707 ora-

237 747 502 814 tione'contexta
521 747 591 813 sola
608 746 684 813 aliis
702 746 894 815 rationibus
914 747 1046 814 omissis
1064 749 1144 813 satis
1167 768 1337 835 superque
1358 745 1567 834 repudietur.

235 857 350 941 Neque
363 873 443 918 cum
460 851 597 919 Vatablo
609 852 651 918 ad
663 856 775 921 llattb.
788 858 889 932 amal
900 852 1141 943 explicandum
1152 860 1200 919 est
1214 875 1221 916 :
1235 857 1383 918 tentator
1398 852 1570 917 animosus

235 966 284 1024 est
300 963 333 1023 et
347 965 483 1045 potens,
501 960 603 1025 bomo
617 968 730 1027 autem
746 959 934 1026 admodum
946 959 1147 1041 imbecilliS,
1165 966 1203 1025 ut
1215 959 1288 1024 sine
1302 964 1368 1024 Deo
1387 980 1455 1025 non
1470 959 1571 1047 possit

236 1074 403 1141 resistere.
426 1074 521 1153 Quod
542 1075 698 1142 ultimum
719 1077 837 1163 utique
858 1097 937 1141 vere
956 1080 989 1142 et
1008 1074 1095 1141 bene
1115 1074 1254 1156 dicitur;
1277 1081 1312 1140 at
1325 1080 1442 1160 πνεῦμα
1454 1073 1572 1162 nequit

236 1178 279 1245 de
300 1188 420 1248 satana
437 1182 559 1270 exponi
575 1203 685 1272 neque
701 1180 823 1248 modus
840 1181 1007 1271 loquendi
1026 1181 1097 1248 ullo
1115 1187 1214 1270 pacto
1236 1180 1267 1247 ei
1289 1180 1478 1270 acceptioni
1493 1201 1571 1245 con·

236 1287 331 1373 gruit
353 1309 360 1354 :
382 1289 521 1378 spiritus
535 1287 676 1375 quidem
691 1290 715 1356 i.
736 1310 768 1354 e.
781 1289 942 1377 ¹quamvis
957 1289 1098 1378 spiritus
1117 1293 1294 1377 promptus
1305 1287 1347 1353 sit
1362 1309 1401 1353 ac
1416 1293 1569 1375 paratus,

236 1415 316 1459 caro
335 1402 450 1460 tamen
470 1394 610 1462 inlirma
625 1403 685 1462 est.

281 1506 370 1567 lesus
384 1502 510 1567 ilerum
527 1500 613 1567 redit
630 1501 673 1568 ad
691 1500 861 1568 orandum
879 1525 911 1567 v.
929 1507 971 1569 39
986 1515 1020 1569 ct
1036 1501 1160 1568 iterum
1174 1498 1290 1568 abiens
1307 1500 1417 1566 oravit
1431 1498 1573 1565 ererrdem

235 1628 423 1673 sermonem
440 1606 574 1688 dicens,
597 1607 688 1674 unde
703 1607 813 1673 elucet
828 1608 978 1674 terribili
1002 1607 1062 1675 illa
1074 1608 1201 1694 agonia
1215 1612 1248 1674 et
1266 1606 1433 1692 angustiis
1447 1612 1480 1672 et
1496 1606 1573 1672 bor-

237 1713 372 1779 roribus
392 1714 544 1779 animam
562 1718 634 1780 lesu
653 1715 833 1781 etiamtum
853 1714 957 1780 fuisse
976 1735 1128 1803 pressam
1149 1713 1275 1803 quibus
1291 1712 1519 1779 inducebatur
1538 1718 1574 1777 ut

239 1823 372 1886 Patrem
402 1827 569 1905 rogaret:
601 1821 747 1887 transfer
772 1821 914 1887 calicem
934 1844 955 1887 a
980 1843 1047 1888 me.
1076 1825 1199 1888 Verum
1222 1821 1271 1887 ita
1295 1826 1396 1906 rogat
1415 1826 1452 1884 ut
1471 1819 1575 1885 Patris

236 1926 490 2015 beneplacitum
507 1949 568 1992 suo
587 1925 757 1993 desiderio
773 1928 913 1993 omnino
927 1928 1092 2016 anteponi
1114 1927 1208 1993 velit.
1230 1931 1331 1993 Docet
1345 1947 1405 1992 nos
1421 1932 1573 1992 constan-

236 2032 319 2098 tiam
335 2039 368 2098 et
382 2033 670 2120 perseverantiam
685 2034 863 2115 orationis;
884 2061 901 2094 α
918 2055 1035 2125 annon
1051 2034 1163 2121 quivis
1176 2031 1310 2126 liquido
1323 2032 1483 2122 perspicit
1497 2053 1573 2097 eum

235 2139 362 2205 idcirco
374 2138 422 2204 sic
432 2161 503 2205 esse
516 2141 679 2220 locutum,
694 2147 732 2206 ut
744 2162 807 2206 nos
819 2140 991 2207 [leisolius
1001 2161 1101 2229 opem
1112 2139 1147 2206 in
1160 2139 1574 2206 tentationibusinvocare

235 2245 457 2333 divinamque
475 2246 685 2313 voluntatem
709 2253 844 2314 nostrae
867 2253 1078 2336 anteponere
1097 2248 1234 2313 doceret
1252 2272 1268 2306 >a
1289 2245 1398 2334 (loon.
1422 2243 1570 2312 dourasc.

234 2351 258 2418 l.
268 2374 297 2418 c.
309 2354 460 2438 3,2t);v.
475 2359 516 2420 l0
526 2365 558 2420 el
568 2376 718 2420 reuersus
728 2353 840 2420 denuo
849 2353 981 2420 invenit
989 2375 1043 2421 eos
1051 2351 1267 2434 dormientes,
1279 2365 1376 2419 erant
1384 2351 1475 2417 enim
1485 2351 1576 2417 oculi

235 2480 353 2525 corum
364 2460 513 2548 pracati,
526 2483 595 2550 qua
607 2461 755 2528 dictione
765 2459 1113 2547 gravissomnolentia
1125 2460 1254 2549 optime
1267 2457 1481 2538 describitur,
1496 2480 1572 2523 cum

235 2573 318 2631 teste
325 2568 533 2655 experientia
543 2567 632 2634 oculi
642 2567 740 2656 quasi
748 2569 847 2653 gravi
856 2567 1007 2657 pondere
1017 2567 1123 2656 pressi
1133 2565 1259 2655 aperiri
1271 2572 1452 2654 nequeant.
1467 2566 1572 2630 Etiam

236 2672 292 2737 hic
305 2672 396 2739 valet
410 2673 497 2739 illud
514 2697 522 2739 ι
540 2696 664 2762 corpus
679 2673 773 2763 quod
787 2675 1023 2763 corrumpitur
1037 2679 1207 2759 aggravat
1221 2672 1374 2738 animam
1389 2678 1422 2738 et
1440 2679 1574 2738 terrena

234 2778 441 2846 inhabitatio
464 2780 629 2869 deprimit
640 2802 776 2847 sensum
795 2780 942 2846 multum
957 2782 1169 2866 cogitantem
1193 2781 1283 2867 (Sap.
1301 2779 1406 2862 9,15)‚
1425 2790 1458 2844 el
1477 2778 1572 2866 ipro-

235 2883 359 2951 rabant
379 2884 467 2974 quid
482 2887 722 2977 responderent
736 2889 785 2968 ei,
811 2916 827 2948 u
846 2888 948 2953 buius
969 2886 1021 2953 rei
1040 2886 1134 2953 testis
1155 2907 1256 2951 nemo
1272 2886 1358 2951 alius
1376 2907 1447 2951 esse
1465 2885 1574 2973 potuit

234 2993 298 3057 nisi
320 3014 408 3058 unus
427 3016 465 3058 ex
485 2994 551 3060 illis
566 2995 675 3061 tribus
694 2993 892 3083 discipulis3
915 2994 950 3058 hi
969 2995 1063 3059 enim
1083 2992 1145 3059 soli
1159 2997 1326 3059 noverant
1344 3014 1379 3058 se
1404 2992 1573 3080 equorasse

234 3098 319 3186 quid
336 3100 592 3188 responderent.
614 3100 648 3166 ld
669 3101 855 3166 Matthaeus
872 3122 1013 3167 narrare
1029 3099 1154 3165 omisit.
1172 3103 1199 3165 Α
1216 3119 1284 3187 quo
1301 3119 1384 3185 ergo
1399 3103 1525 3164 llarcus
1537 3097 1571 3163 id

234 3315 266 3375 et
291 3312 402 3376 oravit
422 3312 524 3379 tertio
544 3312 692 3379 eundem
713 3333 907 3379 sermonem
928 3312 1061 3394 dicens,
1086 3318 1122 3377 ut
1141 3312 1256 3378 llatth.
1282 3317 1385 3392 26,ἢή
1411 3310 1568 3378 refertur.

235 3420 342 3503 Atque
362 3417 399 3482 id
419 3424 546 3484 llarcus
560 3441 696 3509 quoque
715 3419 829 3485 innuit
848 3441 880 3484 v.
900 3425 940 3485 tl
963 3432 996 3484 et
1015 3419 1107 3484 venit
1127 3418 1244 3500 terrim·
1262 3439 1345 3503 ergo
1362 3439 1384 3483 a
1398 3416 1572 3506 discipulis

234 3543 351 3588 somno
366 3527 516 3609 gravatis
531 3546 702 3611 regressus
715 3531 789 3591 erat
803 3524 847 3591 ad
866 3523 1058 3592 orationem
1077 3529 1110 3591 et
1122 3546 1214 3590 nunc
1231 3525 1329 3589 tertio
1344 3523 1387 3590 ad
1401 3546 1457 3589 eos
1471 3523 1568 3604 redit,

235 3627 292 3694 sed
314 3629 403 3695 redit
421 3630 491 3696 iam
505 3653 574 3697 non
594 3631 697 3697 tristis
715 3638 748 3698 et
767 3631 930 3712 alllictuS,
952 3653 1073 3698 verum
1089 3638 1187 3721 parta
1205 3631 1347 3697 victoria
1365 3629 1571 3719 tranquillus

234 3741 268 3801 et
291 3734 397 3802 fortis.
425 3740 523 3804 Novit
548 3759 623 3804 mox
649 3744 830 3804 venturum
854 3760 926 3804 esse
950 3737 1175 3827 proditorem.
1203 3740 1265 3803 Per
1284 3736 1387 3804 breve
1411 3738 1571 3826 temporis

234 3840 381 3929 spatium
391 3843 576 3933 discipulos
584 3847 757 3934 quiescere
767 3844 863 3927 sinit;
876 3856 910 3910 et
919 3844 970 3909 uit
978 3843 1050 3911 illis
1061 3865 1072 3909 :
1084 3843 1225 3910 dormite
1236 3844 1305 3909 ium
1314 3857 1347 3910 et
1356 3844 1571 3932 requiescitc,·

236 3947 321 4012 haec
334 3969 400 4014 non
415 3949 499 4030 dici,
515 3952 564 4017 uti
577 3952 683 4041 aliqui
694 3957 826 4041 putant,
842 3972 882 4016 ex
894 3952 1023 4034 ironia,
1039 3951 1164 4017 iamed
1178 3950 1291 4017 llatth.
1307 3957 1409 4031 26‚t5
1423 3950 1571 4039 disputa-

235 4061 308 4119 tum
322 4062 380 4133 est,
399 4064 433 4122 et
449 4059 513 4125 boc
528 4059 600 4125 loco
617 4067 793 4148 praeterea
808 4057 984 4140 suadetur,
1002 4078 1082 4124 cum
1097 4063 1259 4148 sequatur
1273 4058 1419 4147 sufficit;
1432 4059 1478 4122 ita
1496 4053 1570 4118 ἁπέ-

234 4187 283 4258 χει
304 4167 432 4255 optime
454 4166 540 4230 verti
561 4165 714 4254 plerique
736 4166 940 4231 recentiores
961 4187 1100 4253 quoque
1120 4170 1272 4230 statuunt
1295 4163 1452 4253 (miscel,
1477 4164 1566 4254 Br'sp.

234 4274 387 4352 ‚S'clrau:,
404 4271 467 4338 ml.
483 4270 617 4352 Poelzl,
637 4270 777 4351 Ernold,
795 4269 912 4352 llleelr,
939 4269 1181 4350 Wer'zsaeclter,
1203 4273 1331 4360 Meyer,
1358 4270 1478 4349 Weiss,
1496 4272 1573 4337 Keil

235 4382 362 4469 aliique
378 4401 463 4468 quos
480 4386 681 4445 enumerant
695 4380 839 4459 Schanz,
859 4378 990 4466 Weiss).
1009 4376 1075 4444 Sed
1089 4376 1133 4443 de
1146 4400 1215 4467 qua
1228 4399 1265 4444 re
1285 4377 1420 4443 dicatur
1436 4387 1569 4444 contro-

237 4489 390 4554 vertitur.
409 4487 520 4575 aliqui
536 4484 570 4550 id
588 4488 692 4551 lesum
708 4485 750 4551 de
766 4509 801 4551 se
814 4485 928 4551 dicere
944 4485 1136 4551 existimant
1151 4506 1157 4552 :
1174 4485 1242 4551 iam
1256 4485 1393 4574 potestis
1406 4484 1567 4561 dormire3

235 4597 315 4662 satis
337 4594 531 4660 certaminis
550 4591 637 4657 subii
662 4599 695 4657 et
713 4593 794 4658 satis
813 4593 882 4658 iam
903 4592 1015 4658 solatii
1034 4597 1069 4658 et
1092 4590 1302 4659 fortitudinis
1328 4592 1413 4658 mihi
1437 4600 1570 4681 praesto

236 4709 301 4783 est,
324 4723 430 4790 quare
445 4722 521 4767 cum
543 4700 577 4765 id
596 4701 664 4765 iam
680 4699 824 4766 babeam
847 4700 891 4766 ad
911 4700 1004 4789 quod
1025 4706 1170 4766 vestram
1189 4698 1367 4766 sollicitavi
1383 4699 1570 4766 orationem

234 4816 268 4876 ct
288 4809 521 4895 vigilantiam,
545 4806 694 4873 dormire
714 4808 869 4895 poteritis
890 4806 949 4894 (cf.
983 4806 1134 4888 llcisclrl,
1160 4806 1314 4888 sclam,
1344 4808 1474 4874 Weiss.
1506 4806 1571 4874 Sed
