3960 5654
273 123 277 130 '
440 139 443 147 ,
637 128 644 136 “
676 130 678 134 ’
733 109 744 147 Ἴ,
759 111 799 144 ¹''',¹
810 113 841 136 '³⁹¹
852 125 873 148 ’,’
923 122 926 129 '
990 133 994 142 ι
1032 129 1037 143 ’.
1071 100 1088 132 κ’.
1112 105 1151 144 fir·
1170 107 1245 141 'sl-*Ain
1279 120 1307 139 ν’
1333 114 1366 137 ‘⁸¹1'
1381 105 1408 131 ⁴¹¹
1432 104 1438 116 Ι
1450 100 1482 133 *h*
1503 103 1622 143 'Ustififff
1680 96 1693 109 Μ

229 144 247 185 Ιι
292 144 325 189 Ψ,
353 182 357 189 .
375 142 431 191 (st,
488 174 491 181 ι
512 186 517 194 Ι
560 182 563 191 ,
576 185 579 198 Ι
619 138 974 202 „„„9‡‚‹2n²4sx‘314⁸.2¹.·⁴*'f.„‘7
994 115 1427 199 'afi:tssffifisttbfi’¹qnffi⁴l.ub÷’ffi3⁸.st
1435 136 1453 164 ἢ.
1463 128 1499 168 'r'
1509 127 1564 169 κγ’
1576 146 1585 193 τ’,
1631 146 1722 194 '=''-,⁴'‘‚‘'s'3.'
1735 140 1751 175 'l'
1764 142 1770 163 ⁹
1797 156 1812 196 ’ζ

332 206 370 214 ,.
420 197 422 207 ¹
661 195 705 213 u*
745 194 807 216 η’,
890 194 904 215 “,
982 194 985 199 ·
1089 204 1091 208 »
1208 194 1414 218 ‚=·-*.··,·
1685 189 1763 212 ·.’

918 519 1007 574 nnuc
1031 517 1061 588 l,
1084 515 1191 577 ert-28.
1661 514 1719 576 125

389 677 510 757 genter
533 666 761 750 audiendum,
786 668 870 732 haec
889 665 963 753 ipsa
979 664 1159 752 diligentia
1179 661 1310 749 (utique
1330 683 1350 726 a
1367 665 1481 747 gratia
1495 661 1624 750 adiuta)
1638 684 1719 751 pro·

389 780 525 867 ponitur
540 780 714 863 tamquam
730 792 902 851 mensura,
921 779 959 837 ut
976 772 1048 838 scil.
1067 769 1111 835 ad
1131 767 1282 834 studium
1304 766 1392 833 illud
1412 767 1582 835 desiderio
1597 769 1718 856 cogni·
1807 778 1808 782 ’

388 885 487 950 tionis
506 880 684 949 habendae
705 877 935 945 stimulentur.
961 875 1056 945 Haud
1081 875 1182 965 pauci
1202 875 1287 941 haec
1302 872 1407 940 verba
1425 874 1549 940 Christi
1570 876 1722 942 referunt

387 991 431 1058 ad
446 988 643 1054 exercitium
664 983 814 1051 muneris
832 984 1029 1072 apostolici,
1049 982 1121 1047 lore
1140 981 1212 1048 scil.
1237 987 1275 1046 ut
1290 1002 1358 1068 quo
1374 979 1508 1069 plenius
1527 982 1604 1069 quis
1617 986 1719 1072 atque

317 1110 320 1118 ⁴
387 1092 618 1163 abundantius
635 1090 829 1159 huiusmodi
850 1090 1002 1157 officium
1022 1087 1180 1177 impleat,
1202 1109 1242 1153 eo
1257 1087 1368 1152 maior
1383 1085 1721 1155 coelestisdoctrinae

387 1202 447 1266 fiat
460 1202 620 1282 accessi0,
638 1219 768 1264 merces
781 1219 821 1263 eo
835 1197 991 1277 uberior;
1007 1195 1063 1261 vcl
1077 1196 1104 1260 si
1119 1194 1252 1261 fueritis
1266 1194 1361 1282 parci
1377 1192 1627 1282 dispensatores
1640 1191 1721 1259 doc·

387 1308 512 1386 trinae,
533 1327 672 1397 parcam
691 1304 794 1371 etiam
813 1304 964 1370 sentietis
982 1304 1096 1368 in‘vos
1122 1301 1179 1367 bei
1199 1300 1471 1386 benignitatem
1489 1304 1607 1366 contra
1627 1320 1718 1382 vero,

386 1414 414 1478 si
446 1412 545 1499 larga
567 1432 725 1478 mensura
749 1410 825 1476 aliis
849 1408 1142 1497 dispensaveritis‚
1170 1408 1302 1493 largam
1322 1407 1425 1471 etiam
1449 1404 1670 1495 experiemini
1684 1407 1720 1472 in

388 1541 447 1586 vos
473 1520 529 1585 Dei
553 1517 862 1584 remunerationem
886 1515 944 1605 (cl.
971 1513 1053 1581 Bed.
1075 1512 1149 1580 Alb.
1171 1513 1246 1581 Cui.
1275 1514 1370 1578 lana
1389 1515 1472 1602 Lep.
1497 1510 1607 1580 Calm.
1624 1515 1719 1580 Patr.

389 1626 546 1713 Reisctl).
575 1624 747 1690 Sententia
768 1622 813 1689 dc
833 1644 868 1689 se
892 1622 1011 1711 utique
1030 1626 1080 1687 est
1102 1640 1181 1686 vera
1202 1625 1237 1686 et
1256 1619 1378 1686 modus
1395 1619 1454 1685 illc
1465 1617 1630 1708 loquendi
1645 1640 1723 1710 pro-

387 1730 563 1809 verbialis,
582 1731 641 1819 qui
665 1729 817 1818 plurima
841 1727 1092 1816 complectitur,
1115 1727 1217 1793 etiam
1240 1724 1278 1791 id
1296 1724 1452 1792 includit.
1481 1729 1523 1791 at
1541 1746 1620 1791 cum
1636 1725 1721 1792 baec

387 1860 408 1904 a
427 1837 559 1904 Christo
578 1857 646 1902 non
663 1838 698 1903 in
713 1836 912 1901 universum
927 1834 1100 1913 dicantur,
1116 1832 1174 1898 sed
1191 1837 1283 1899 certa
1299 1833 1475 1899 occasione
1483 1837 1516 1898 et
1525 1831 1720 1899 conditione

388 1948 635 2033 proponantur,
660 1941 905 2031 inquirendum
934 1948 982 2007 est
1007 1940 1089 2030 quid
1110 1939 1265 2026 generali
1288 1939 1349 2006 illa
1369 1940 1537 2005 sententia
1562 1939 1723 2006 hocloco

389 2050 533 2117 voluerit
548 2049 730 2115 illustrare.
744 2047 779 2114 ld
796 2069 866 2114 esse
883 2046 1037 2113 studium
1051 2052 1085 2112 et
1098 2047 1267 2112 fervorem
1284 2044 1450 2112 audiendi
1463 2050 1496 2111 et
1509 2044 1662 2112 discendi
1672 2043 1717 2112 ab

387 2157 460 2246 ipso
480 2156 663 2223 dicendum
685 2159 746 2221 est.
776 2157 860 2220 Nam
878 2154 922 2220 ab
946 2151 1011 2219 hoc
1030 2152 1164 2220 orditur
1181 2173 1293 2219 sermo
1309 2152 1345 2217 in
1365 2175 1398 2217 v.
1416 2158 1478 2235 2t;
1500 2151 1580 2218 dein
1593 2156 1630 2217 ut
1648 2150 1726 2218 dili·

387 2270 509 2349 genter
527 2262 686 2342 audiant,
706 2261 845 2350 saepius
864 2265 980 2326 monet
999 2282 1033 2324 v.
1056 2266 1089 2325 9.
1112 2265 1167 2326 23.
1194 2258 1244 2324 lld
1262 2257 1466 2324 discendum
1486 2278 1623 2348 quoquc
1640 2279 1723 2348 pro-

387 2376 563 2458 ponuntur
575 2371 609 2434 in
626 2366 916 2456 subsequentibus
930 2364 1125 2454 parabolae.
1140 2368 1222 2431 Toto
1231 2366 1346 2453 itaque
1357 2369 1513 2431 contextu
1529 2385 1597 2430 non
1610 2364 1724 2452 ipsum

388 2476 585 2542 exercitium
604 2473 756 2540 muneris
779 2473 953 2561 apostolici
971 2476 1158 2560 spectatur,
1180 2469 1240 2537 sed
1259 2470 1475 2560 praeparatio
1497 2469 1541 2536 ad
1555 2469 1641 2536 illud
1655 2475 1725 2537 stu-

388 2582 444 2648 dio
457 2581 619 2648 discendi.
633 2581 693 2647 Cui
712 2579 903 2668 acceptioni
914 2600 1053 2668 quoque
1068 2578 1297 2644 testimonium
1315 2577 1422 2643 lertur
1437 2577 1549 2663 glossa
1562 2577 1621 2644 illa
1635 2575 1728 2667 quae'

387 2688 514 2754 alicubi
531 2688 656 2775 legitur
669 2689 704 2754 in
725 2709 757 2753 v.
778 2691 820 2752 bt
837 2685 1015 2752 adiicietur
1034 2684 1144 2764 vobiS,
1166 2685 1238 2772 ὑμῖν
1256 2686 1325 2756 τοῖς
1343 2680 1512 2745 ἀκούουσιν.
1533 2686 1646 2773 Neque
1659 2706 1723 2774 op·

389 2797 468 2884 poni
490 2801 612 2885 potest,
635 2793 755 2861 eadem
774 2792 880 2859 verba
905 2790 989 2857 alibi
1012 2792 1171 2879 usurpari
1191 2789 1259 2857 alia
1278 2791 1418 2857 notione
1437 2789 1494 2879 (cl.
1517 2788 1636 2857 batth.-
1652 2797 1723 2872 w.

394 2906 471 2969 linc.
499 2901 605 2991 6,38).
629 2904 712 2967 Cum
734 2901 826 2966 enim
846 2899 977 2965 variam
1001 2897 1184 2964 admittant
1201 2896 1483 2986 applicationem,
1510 2895 1612 2962 etiam
1631 2897 1726 2964 vario

391 3008 505 3074 allerri
522 3029 620 3074 sensu
634 3029 697 3096 pro
713 3006 877 3073 varietate
892 3004 1070 3071 doctrinae
1088 3003 1222 3069 admitti
1238 3004 1351 3069 debet.

436 3120 482 3182 Ea
509 3115 719 3180 institutione
748 3111 925 3200 discipulis
950 3110 1076 3177 tradita
1095 3133 1128 3174 v.
1161 3115 1263 3176 10-25
1292 3111 1439 3176 refertur
1466 3109 1536 3176 alia
1561 3110 1727 3200 parabola

392 3243 496 3310 quam
520 3221 670 3287 Christus
693 3220 820 3310 populo
847 3217 1045 3306 proposuit,
1074 3238 1182 3306 quare
1208 3217 1339 3282 omissis
1365 3215 1433 3282 illis
1449 3215 1496 3305 (v.
1521 3224 1574 3282 11.
1596 3224 1650 3284 21.
1669 3218 1726 3307 tt)

393 3328 517 3395 dicitur
536 3350 567 3394 v.
590 3332 632 3393 26
652 3338 684 3392 ct
699 3325 833 3393 dicebat
852 3325 967 3391 turbis
980 3324 1053 3390 scil.
1071 3345 1156 3411 quas
1175 3323 1210 3388 iu
1224 3322 1400 3413 parabolis
1414 3322 1559 3389 docebat
1575 3347 1606 3391 v.
1627 3331 1660 3406 2,
1681 3324 1728 3391 sic

393 3446 442 3500 est
458 3456 599 3523 reqnum
619 3433 697 3514 Dei,
720 3442 867 3519 regnum
894 3431 1118 3512 messianum,
1143 3428 1307 3509 Ecclesia,
1324 3430 1465 3519 eiusque
1483 3431 1596 3516 origo,
1615 3429 1728 3498 incre-

393 3547 545 3608 mentum
570 3546 633 3606 etc.
657 3541 745 3605 sicut
773 3537 942 3628 parabola
971 3537 1126 3626 sequenti
1152 3535 1368 3618 describitur,
1395 3535 1683 3625 quemadmodum
1700 3536 1730 3604 si

392 3648 492 3714 tomo
507 3647 614 3714 iaciat
626 3657 808 3714 sementem
824 3645 860 3710 in
871 3655 998 3710 terram
1012 3665 1046 3708 v.
1069 3649 1112 3708 m
1133 3653 1165 3708 et
1179 3642 1328 3708 dormiet
1343 3655 1376 3709 et
1392 3655 1553 3733 exsurgat
1570 3657 1667 3711 nocte
1685 3665 1727 3711 ae

393 3754 449 3822 die
472 3757 494 3822 i.
522 3777 552 3821 e.
575 3753 704 3819 semine
725 3753 762 3819 in
791 3757 920 3818 terram
946 3752 1033 3816 iacto
1056 3750 1161 3816 homo
1186 3750 1254 3815 iarn
1274 3749 1361 3815 nihil
1386 3749 1459 3836 agit
1479 3752 1569 3817 circa
1591 3772 1725 3834 semen,
1767 3773 1769 3776 ·

393 3862 521 3929 dormit
540 3883 600 3950 per
628 3866 761 3926 noctem
779 3851 924 3944 (νύκτα),
946 3857 1015 3923 suis
1039 3862 1140 3923 vacat
1162 3857 1309 3942 negotiis
1337 3878 1399 3945 per
1420 3855 1530 3939 dicm;
1549 3863 1583 3923 at
1600 3856 1728 3924 nibilo-

393 3969 506 4034 minus
529 3991 569 4034 eo
590 3967 678 4033 nihil
707 3968 776 4032 iam
798 3964 997 4031 conferente
1017 3976 1051 4029 et
1070 3984 1184 4029 semen
1202 3962 1372 4051 qerminet
1395 3975 1428 4030 et
1447 3962 1629 4045 increscat,
1646 3962 1729 4031 dum

394 4075 500 4141 nescit
519 4074 594 4155 ille,
609 4075 649 4146 ὡς
669 4073 789 4139 crescit
809 4070 882 4137 scil.
909 4091 949 4136 eo
975 4068 1079 4135 modo
1105 4091 1174 4158 quo
1193 4069 1266 4157 ipse
1294 4070 1418 4152 nescit;
1441 4091 1509 4136 non
1528 4072 1640 4159 ipsum
1659 4092 1732 4137 crc-

394 4203 499 4263 scerc,
517 4180 576 4247 sed
592 4179 732 4247 modum
746 4200 814 4268 quo
826 4183 955 4243 crescat
970 4177 1101 4242 nescire
1119 4175 1256 4242 dicitur.
1275 4181 1359 4241 bum
1374 4176 1466 4242 enirn
1481 4175 1538 4242 ille
1553 4175 1646 4243 aliud
1658 4178 1731 4265 agit

395 4311 457 4356 nec
482 4287 624 4354 modum
648 4309 716 4375 quo
736 4306 853 4352 semen
876 4284 920 4349 ad
942 4282 1230 4370 germinationem
1246 4283 1423 4371 perveniat
1442 4283 1622 4372 perspicit,
1637 4289 1731 4352 terra

395 4418 456 4462 sua
470 4401 588 4484 sponte
596 4415 635 4459 ex
649 4392 861 4459 inditasibia
875 4395 941 4457 Deo
954 4389 1129 4456 fertilitate
1144 4410 1259 4455 semen
1275 4388 1360 4455 illud
1372 4388 1409 4454 iu
1422 4389 1573 4478 plantam
1589 4390 1734 4480 explicat

396 4511 498 4591 atque
509 4501 622 4567 educit
635 4522 668 4564 v.
685 4506 728 4567 28
745 4498 835 4565 ultro
846 4498 936 4563 enim
951 4509 1040 4562 terra
1052 4495 1245 4584 fructificat
1265 4496 1427 4583 αὐτομάτη
1445 4497 1465 4564 ἡ
1485 4501 1526 4584 γῆ
1546 4504 1731 4587 motupro·

398 4612 473 4699 prio
484 4614 573 4688 acta,
590 4628 651 4673 sua
664 4613 801 4694 sponte,
820 4603 978 4694 producit
984 4603 1138 4692 primum
1152 4600 1310 4681 tertam,
1323 4600 1595 4693 deindespicum,
1611 4603 1732 4672 deinde

393 4717 538 4807 plenum
563 4716 776 4804 frumentum
803 4712 842 4778 in
865 4711 979 4802 spica,
998 4709 1116 4798 πλήρης
1131 4713 1214 4782 σῖτος
1230 4717 1360 4777 mutata
1391 4713 1637 4778 constructione
1670 4734 1732 4802 per

400 4825 578 4914 emphasin
593 4822 731 4889 effertur
751 4818 849 4909 quasi
869 4819 1001 4885 diceres
1022 4839 1030 4886 :
1053 4839 1111 4897 en,
1134 4817 1261 4883 exsistit
1279 4818 1455 4907 copiosum
1471 4818 1679 4886 frumentum
1696 4820 1733 4886 in

400 4933 516 5021 spicis!
539 4929 632 5008 Quod
647 4947 725 4997 cum
736 4924 940 5017 productum
961 4931 1028 5007 est,
1044 4925 1114 4991 iam
1136 4925 1195 5015 qui
1215 4924 1396 4992 seminavit
1416 4924 1507 4992 venit
1528 4925 1573 4993 ad
1588 4947 1731 4997 messem
