3960 5654
852 409 1125 484 meme-³1.
1515 378 1517 383 ’
1615 413 1659 490 ss,

326 575 489 632 venerunt
505 567 542 631 in
557 562 696 629 domum
713 562 861 630 Simonis
873 572 906 626 et
918 558 1075 629 Andreae
1091 582 1168 628 cam
1182 558 1304 627 Iacobo
1318 573 1350 627 et
1368 563 1515 640 Ioanne,
1528 565 1658 631 -llarcus

328 670 383 736 hic
396 693 531 762 quoque
550 668 739 737 accuratius
759 674 875 737 narrat
896 666 1074 735 nominans
1090 667 1229 734 comites
1250 670 1335 744 lesu.
1360 672 1405 748 Eo
1425 666 1517 759 quod
1533 666 1578 733 ad
1597 669 1657 734 do-

328 798 421 844 mum
437 775 581 846 Simonis
599 774 755 855 divertit,
772 778 840 841 iam
862 772 941 840 huic
960 774 1127 864 discipulo
1146 772 1355 861 peculiarem
1381 775 1532 864 impertit
1550 773 1657 840 hono-

328 905 411 951 rem.
433 889 516 951 Cum
537 881 626 947 enirn
649 890 742 950 tanta
760 879 935 947 exstitisset
953 879 1075 972 populi
1091 877 1276 944 admiratio
1295 879 1331 943 iu
1352 900 1544 967 synagoga,
1566 886 1656 947 certe

326 991 415 1066 cives
430 989 523 1056 urbis
537 1010 709 1057 summum
730 993 940 1074 reputassent
956 989 1134 1066 honorem,
1151 985 1179 1050 si
1198 985 1242 1051 ad
1262 984 1450 1074 quemlibet
1468 985 1658 1057 divertisset

327 1105 359 1165 et
375 1118 455 1162 sane
474 1116 590 1163 omnes
605 1095 714 1186 parati
735 1100 768 1158 et
785 1096 935 1183 prompti
950 1097 1047 1159 crant
1064 1093 1212 1157 maximo
1224 1091 1352 1176 gaudio
1366 1090 1410 1158 ad
1427 1093 1529 1158 talem
1546 1093 1658 1158 docto

326 1225 395 1272 rem
409 1202 629 1289 suspicndum
642 1200 799 1287 hospitio.
813 1204 896 1267 Cum
905 1205 1021 1265 Petrus
1032 1205 1065 1264 et
1077 1196 1228 1265 Andreas
1241 1205 1352 1264 assent
1360 1197 1497 1264 oriundi
1507 1198 1656 1265 cheth-

325 1308 418 1375 saida
438 1306 547 1396 (loan.
568 1316 598 1389 1,
624 1305 693 1394 tt),
713 1306 820 1396 aliqui
840 1309 1011 1395 quaerunt
1032 1304 1074 1370 de
1090 1325 1209 1370 eorum
1222 1304 1381 1386 ,domoin
1402 1305 1654 1393 capharnaum.

326 1418 472 1481 Fortasse
486 1437 553 1481 uon
564 1412 690 1479 suflicit
703 1412 817 1479 dicere
827 1434 902 1477 eam
915 1411 1055 1490 domurn
1066 1411 1168 1476 fuisse
1181 1412 1294 1476 uxoris
1305 1412 1392 1477 Petri
1403 1417 1436 1476 et
1445 1433 1507 1500 per
1518 1433 1655 1477 uxorem

325 1521 448 1588 factam
462 1543 532 1588 esse
548 1519 636 1585 Petri
650 1519 701 1607 (id
717 1519 810 1610 quod
825 1510 965 1606 propter
976 1508 1111 1584 socrum
1126 1515 1174 1582 ibi
1190 1517 1400 1583 habitantem
1407 1517 1592 1607 probabile
1608 1519 1657 1583 vi·

324 1626 397 1694 deri
418 1626 548 1718 possit),
570 1627 649 1715 quia
671 1625 804 1693 dicatur
825 1624 947 1690 domus
963 1624 1110 1691 Simonis
1127 1628 1161 1689 et
1181 1623 1351 1705 Andreae,
1371 1646 1482 1713 neque
1498 1618 1658 1713 congruit

325 1734 417 1823 quod
431 1732 506 1799 aliis
521 1732 651 1822 placuit
669 1731 808 1797 domum
828 1730 929 1797 fuisse
949 1730 1058 1797 solum
1076 1728 1282 1796 conductam
1303 1752 1370 1820 quo
1384 1731 1491 1820 pisces
1505 1753 1655 1798 commo·

324 1840 401 1906 dius
415 1840 450 1905 in
466 1840 551 1906 urbe
566 1831 714 1906 vendere
727 1842 877 1928 possent3
890 1859 974 1924 ergo
986 1858 1102 1902 sensus
1116 1836 1302 1903 verborum
1315 1837 1433 1904 obvius
1444 1843 1494 1904 est
1507 1827 1656 1905 retinen·

322 1945 398 2013 dus.
416 1949 532 2013 Petrus
547 1948 654 2033 igitur
672 1951 706 2012 et
723 1943 890 2023 Andreas,
905 1944 959 2031 uti
981 1943 1169 2010 coniunctis
1189 1943 1365 2010 laboribus
1383 1943 1560 2034 piscationi
1577 1967 1656 2034 ope-

322 2074 397 2120 ram
417 2052 560 2133 dabant,
577 2053 625 2118 ita
642 2051 817 2117 communi
837 2049 935 2117 titulo
956 2049 1096 2116 domum
1114 2071 1251 2139 quoque
1270 2049 1487 2139 possidebant
1501 2051 1538 2117 in
1555 2051 1652 2118 urbe.

367 2163 645 2248 Frustraquoque
655 2159 842 2246 quaeritur,
855 2162 971 2223 utrum
984 2162 1084 2223 nocte
1097 2157 1324 2245 praecedente
1335 2179 1378 2222 an
1389 2157 1463 2247 ipso
1474 2156 1529 2223 dic
1540 2179 1656 2224 socrus

323 2267 411 2333 Petri
429 2267 515 2332 lebri
534 2265 753 2331 laboraverit
778 2264 828 2331 Ad
844 2262 1001 2329 miraculi
1016 2264 1197 2329 veritatem
1212 2263 1337 2329 clarius
1354 2263 1655 2331 demonstrandam

322 2380 357 2440 ct
369 2373 420 2439 ad.
431 2372 550 2462 populi
563 2393 766 2438 concursum
786 2372 898 2460 potius
913 2391 1105 2457 congruere
1125 2369 1272 2448 videtur,
1295 2377 1333 2436 ut
1349 2370 1489 2436 morbus
1508 2370 1567 2437 ille
1587 2393 1654 2437 uon

322 2480 484 2545 minimae
498 2478 688 2544 durationis
704 2478 804 2543 luisse
820 2482 1009 2559 censeatur,
1023 2497 1143 2542 verum
1163 2477 1233 2541 iam
1247 2475 1403 2562 longiore
1416 2486 1567 2566 tempore
1582 2499 1655 2543 mu·

322 2585 438 2651 lierem
448 2586 619 2664 afflixisse,
636 2585 685 2651 ita
695 2591 733 2650 ut
746 2583 789 2650 de
801 2585 897 2670 gravi
909 2582 1031 2649 morbo
1045 2582 1367 2649 omnibusconstare
1380 2584 1543 2672 potuerit3
1560 2606 1592 2650 v.
1611 2589 1654 2650 30

321 2691 662 2758 decumbobotoutem
670 2712 784 2756 socrus
796 2690 889 2757 Petri
893 2687 1094 2777 febricitans
1108 2691 1297 2778 τωρέσσουσα
1311 2692 1409 2780 quasi
1421 2691 1555 2758 ardenti
1565 2690 1653 2758 lebri

322 2799 479 2866 laborans
493 2807 527 2866 ct
546 2820 688 2886 gravem
713 2798 869 2865 morbum
890 2802 995 2863 Lucas
1014 2819 1150 2887 quoque
1172 2796 1332 2885 designat
1346 2793 1383 2866 ἦν
1403 2801 1580 2887 συνεχομένη
1599 2823 1655 2860 πυ-

321 2913 395 2993 ρετῷ
415 2909 560 2994 μεγάλῳ,
583 2904 762 2972 tenebatur
782 2905 915 2989 magnis
931 2902 1101 2984 febribus,
1120 2902 1158 2968 id
1171 2904 1264 2992 quod
1284 2903 1386 2970 etiarn
1404 2904 1561 2971 morbum
1576 2905 1653 2971 diu-

322 3004 459 3079 turnum
477 3011 670 3098 significare
692 3009 839 3090 videtur,
862 3023 894 3076 et
912 3009 1027 3075 statim
1048 3009 1169 3075 dicunt
1186 3010 1219 3075 ei
1238 3009 1279 3084 cte
1299 3008 1382 3093 illo,·
1397 3013 1457 3101 qui
1476 3003 1655 3079 dixerunt?

320 3119 363 3186 de
385 3118 575 3185 domesticis
597 3119 757 3207 (Sobeqq,
778 3118 866 3204 Keil)
891 3138 958 3183 non
980 3123 1055 3182 crat
1073 3117 1203 3183 mentio
1226 3117 1330 3197 lacta,
1356 3118 1512 3208 quamvis
1533 3118 1652 3184 modus

319 3225 481 3316 loquendi
493 3225 864 3316 planciudeterminate
875 3224 983 3311 accipi
997 3224 1117 3312 possit;
1130 3221 1335 3313 plerumque
1344 3229 1458 3291 tamen
1471 3224 1654 3317 discipulos

319 3331 441 3399 dixisse
454 3333 637 3420 explicant,
652 3332 729 3419 qui,
747 3339 784 3397 ut
803 3331 886 3397 Viot.
906 3331 1003 3410 dicit,
1022 3331 1090 3397 iam
1107 3331 1286 3419 potestatis
1305 3332 1428 3399 Christi
1443 3333 1652 3421 experimen·

321 3445 392 3505 tum
416 3438 588 3505 habebant
609 3438 698 3526 (sim.
723 3439 848 3526 Syia).
875 3437 988 3503 Voluit
1010 3436 1161 3503 Christus
1184 3439 1315 3524 rogari,
1339 3438 1399 3526 qui
1423 3461 1489 3506 non
1511 3447 1652 3527 rogatus

320 3546 448 3634 expulit
462 3545 680 3625 daemoucm;
704 3572 720 3605 «
735 3544 795 3610 sed
811 3545 895 3610 hacc
910 3551 960 3610 est
975 3545 1033 3609 [tei
1044 3544 1230 3632 sapientia,
1250 3551 1287 3610 ut
1300 3545 1433 3612 etiamsi
1446 3548 1555 3634 magis
1566 3549 1652 3615 salu·

321 3661 388 3718 tem
406 3658 555 3718 nostram
575 3653 683 3732 sitiat,
706 3673 772 3717 non
792 3650 949 3717 excludat
970 3657 1086 3717 tamen
1109 3650 1287 3717 adiutores
1308 3659 1339 3718 et
1362 3653 1592 3736 administros,
1616 3664 1653 3723 ut

322 3759 386 3825 hac
405 3759 507 3824 etiam
527 3760 658 3825 ratione
680 3758 804 3824 caritas
825 3764 857 3824 et
876 3757 1053 3824 humilitas
1072 3759 1161 3824 inter
1179 3780 1241 3825 uos
1259 3766 1293 3825 et
1312 3782 1368 3825 eos
1393 3760 1452 3849 qui
1472 3783 1535 3848 pro
1556 3761 1653 3829 nobis

320 3865 535 3938 intercedunt
557 3865 669 3950 magis
691 3865 855 3931 coalescat
881 3893 896 3924 »ι
924 3864 1119 3954 (Solmeron
1143 3871 1167 3930 t.
1193 3872 1213 3930 6
1236 3871 1334 3933 tract.
1366 3866 1433 3955 11).
1461 3872 1589 3934 llarcus
1612 3891 1653 3935 ex

322 3972 516 4038 narratione
534 3971 623 4037 Petri
639 3980 795 4037 accurate
810 3970 949 4037 modum
970 3970 1092 4037 didicit
1106 3994 1174 4060 quo
1194 3972 1347 4039 Christus
1366 3974 1496 4039 sanavit
1510 3995 1543 4039 v.
1559 3980 1597 4042 31
1620 3988 1654 4042 ct

321 4077 482 4144 accedam
500 4078 646 4145 elevavit
664 4090 739 4143 eam
760 4077 971 4167 apprehenso
993 4100 1100 4143 manu
1116 4079 1188 4144 eius
1202 4092 1235 4144 et
1250 4081 1410 4146 continuo
1430 4079 1556 4147 dimisit
1576 4104 1652 4149 eam

321 4181 440 4272 (ebrie,
456 4184 547 4273 quod
559 4191 716 4252 contactu
731 4206 850 4250 manus
861 4205 937 4250 eam
950 4185 1136 4264 curaverit,
1150 4186 1345 4272 significare
1362 4188 1483 4268 voluit,
1498 4190 1546 4253 uti
1559 4191 1650 4256 lons.

323 4291 422 4372 dicit,
439 4292 552 4358 carnis
570 4314 651 4358 suae
665 4291 945 4358 sanctificativam
964 4298 996 4356 et
1012 4291 1203 4357 curativam
1219 4293 1382 4359 virtutem
1399 4300 1538 4383 propter
1551 4294 1652 4362 inha-

322 4397 487 4464 bitantem
503 4398 717 4464 divinitatem
739 4405 771 4464 et
787 4398 879 4487 quod
898 4396 942 4462 ad
961 4395 1136 4464 hominem
1152 4399 1377 4488 spiritualiter
1397 4400 1651 4469 reformandum

323 4512 357 4570 ct
375 4504 575 4571 salvandum
597 4527 683 4594 opus
701 4512 786 4571 esset
804 4505 913 4570 carnis
940 4505 1012 4569 cius
1028 4527 1091 4593 pro
1113 4506 1213 4572 nobis
1233 4506 1369 4573 oblatae
1389 4513 1545 4575 contactu
1563 4510 1651 4597 (sim.

328 4611 411 4678 Vict.
426 4612 561 4700 Sam).
580 4612 654 4678 Fuit
665 4613 755 4679 enim
772 4611 967 4678 humanitas
984 4611 1108 4677 Christi
1129 4634 1299 4698 organum
1319 4636 1377 4678 seu
1391 4616 1652 4682 instrumentum

323 4720 423 4785 Verbi
437 4719 480 4785 ad
495 4718 675 4785 efficienda
694 4719 872 4799 miracula,
888 4720 937 4784 ita
952 4723 1068 4784 tamen
1089 4724 1128 4783 ut
1142 4720 1294 4786 Christus
1309 4719 1411 4786 homo
1431 4743 1492 4810 per
1508 4723 1655 4791 actiones

323 4849 403 4894 suae
420 4826 641 4894 humanitatis
659 4848 729 4891 non
744 4826 853 4892 solum
874 4826 995 4892 morali
1016 4824 1135 4905 modo,
1159 4826 1335 4893 sedetiam
1358 4828 1441 4893 reali
1463 4835 1496 4894 et
1515 4829 1657 4918 physico
