3960 5654
205 499 264 559 ³72
727 513 815 559 nnnc.
840 497 888 562 11,
914 493 1015 556 16-20.

204 648 367 716 bilissime
398 666 418 708 a
448 642 628 726 Bethania,
652 668 729 711 cum
752 650 841 713 lesus
863 642 912 708 ibi
939 650 1038 711 noctu
1061 643 1186 727 degere
1211 647 1329 712 soleret
1355 642 1448 710 adie
1475 645 1528 709 in-

201 773 335 842 gressus
348 751 385 815 in
405 748 541 830 urbem,
560 764 593 816 et
612 764 776 819 uenerunt
793 749 1011 818 inuisitatem
1031 763 1063 816 et
1077 750 1274 815 inuenerunt
1293 754 1378 818 sicut
1395 750 1528 816 dixerat

202 860 271 927 illis
293 868 326 922 et
337 870 556 947 paraverunt
577 859 726 948 pascha,
758 858 800 923 de
825 877 893 944 qua
929 879 965 924 re
986 863 1117 938 Petrus,
1149 879 1234 922 unus
1264 879 1302 922 ex
1334 857 1524 948 discipulis,

201 964 329 1053 optime
344 964 576 1031 testimonium
594 965 741 1032 reddere
758 970 790 1030 et
805 984 944 1030 narrare
963 968 1107 1054 poterat.

245 1073 354 1135 Coena
372 1070 456 1137 haec
471 1071 682 1138 instituenda
700 1075 772 1137 erat
790 1068 846 1134 die
866 1076 905 1137 lt
926 1073 1023 1136 nisan
1041 1069 1084 1135 ad
1104 1091 1275 1159 vesperam
1296 1071 1350 1158 (cf.
1369 1077 1425 1138 h'x.
1445 1076 1522 1151 126

197 1199 267 1265 seq.
304 1180 402 1245 Num.
430 1185 499 1260 9,3.
531 1185 562 1244 5.
588 1179 659 1265 11);
683 1177 774 1242 unde
802 1199 832 1240 v.
858 1184 898 1242 17
917 1198 1051 1266 vespere
1071 1191 1184 1243 autem
1208 1178 1301 1266 [acto
1330 1180 1420 1245 uenit
1445 1201 1522 1244 cum

197 1282 398 1367 duodecim;
413 1307 454 1350 ex
473 1283 575 1351 modu
596 1281 765 1349 narrandi
787 1282 921 1350 videtur
946 1282 1042 1373 sequi
1060 1281 1143 1350 duos
1167 1284 1241 1349 illos
1259 1287 1523 1373 praeparatione

196 1391 285 1458 facta
302 1392 346 1458 ad
368 1396 475 1458 lesum
499 1389 653 1471 rediisse;
682 1393 717 1454 at
736 1390 961 1457 necessarium
980 1410 1048 1455 non
1074 1396 1122 1456 est
1145 1390 1179 1456 id
1205 1413 1411 1480 supponere3
1444 1413 1522 1457 nam

195 1496 335 1565 dictioni
349 1498 469 1564 satisfit
483 1518 522 1562 eo
537 1493 631 1585 quod
651 1499 740 1560 lesus
764 1518 843 1562 eum
864 1495 1044 1562 duodecim
1067 1496 1110 1562 ad
1131 1497 1349 1564 coenaculum
1371 1499 1520 1564 accessit.

195 1606 311 1693 Specie
339 1610 477 1670 externa
506 1606 684 1690 tamquam
713 1624 780 1668 una
807 1601 937 1667 familia
963 1601 1071 1668 amice
1097 1624 1232 1670 mensae
1255 1604 1513 1670 accumbebant.

194 1714 317 1778 Verum
338 1711 438 1776 ludas
463 1707 570 1774 scelus
597 1709 715 1774 animo
739 1708 892 1795 gerebat.
923 1708 1074 1775 Ostendit
1101 1713 1190 1775 lesus
1217 1710 1281 1776 sibi
1308 1718 1426 1777 notum
1446 1732 1517 1776 esse

191 1817 418 1906 proditorem3
436 1819 551 1881 monet
565 1835 669 1902 quam
690 1813 835 1900 indigna
852 1835 906 1880 res
924 1815 966 1881 sit
985 1815 1157 1881 hominem
1178 1817 1379 1884 familiarem
1395 1826 1428 1883 et
1441 1839 1521 1883 con-

191 1924 304 1989 vivam
329 1921 474 1989 evadere
502 1919 712 2010 proditorem
742 1941 858 2001 suum;
881 1920 1033 1988 minatur
1053 1921 1222 2010 proditori
1242 1922 1447 2012 supplicium
1470 1924 1522 1989 fu-

96 2010 102 2020 ·
190 2037 324 2111 turum,
352 2027 612 2117 sempiternum.
642 2032 732 2105 Quae
754 2028 820 2092 tria
845 2027 998 2115 profecto
1027 2028 1106 2094 satis
1134 2029 1273 2095 fuissent
1300 2029 1451 2096 efficacia
1474 2030 1518 2096 ad

191 2135 309 2203 ludam
331 2158 352 2200 a
370 2135 497 2201 scelere
520 2132 801 2216 absterrendum,
821 2134 885 2200 nisi
912 2155 946 2200 se
974 2134 1076 2225 plane
1097 2141 1233 2201 satanae
1255 2138 1480 2226 mancipasset
1499 2160 1519 2203 a

188 2266 257 2333 quo
277 2242 308 2308 ei
335 2243 404 2308 iam
424 2241 584 2307 tenebrae
606 2246 776 2307 tartareae
800 2239 1047 2307 obcaecationis
1065 2240 1329 2309 offundebantur
1354 2243 1408 2331 (cf.
1437 2248 1515 2310 Luc.

188 2349 299 2439 22‚3);
322 2373 355 2415 v.
376 2353 417 2414 18
436 2364 470 2414 et
487 2344 774 2414 discumbentibus
798 2348 844 2413 eis
863 2358 895 2412 et
916 2346 1199 2415 manducantibus
1213 2349 1263 2414 ait
1276 2351 1367 2415 lesus
1387 2372 1398 2415 :
1418 2372 1518 2416 umen

187 2457 262 2524 dico
291 2454 401 2535 uobis,
418 2453 500 2544 quin
516 2475 604 2519 arnus
623 2475 666 2519 en
687 2452 778 2520 vobis
797 2452 908 2520 trudet
926 2476 997 2535 mc,
1019 2454 1082 2543 qui
1097 2455 1282 2522 manducat
1301 2477 1455 2538 tricenna·
1473 2458 1517 2523 ab

186 2566 297 2631 amico
317 2571 351 2630 et
373 2561 535 2629 familiari
558 2559 649 2627 tradi
678 2582 759 2627 sane
782 2561 907 2628 durum
927 2566 976 2628 est
999 2569 1031 2627 et
1050 2560 1093 2629 ad
1111 2561 1261 2628 dolorem
1283 2564 1516 2630 vehementem

186 2669 404 2738 excitandum
428 2668 568 2735 omnino
590 2667 736 2746 factum;
769 2667 933 2733 addenso‘
955 2661 1058 2730 ἐσθίων
1084 2661 1150 2756 μετ’
1179 2667 1249 2757 ἐμοῦ
1282 2671 1383 2736 simul
1404 2678 1519 2737 monet

185 2782 274 2844 lesus
300 2797 403 2865 quam
427 2797 523 2842 sacra
543 2773 611 2840 sint
639 2779 672 2839 et
697 2773 741 2840 ab
769 2772 928 2840 omnibus
951 2774 1144 2857 habeantur
1164 2776 1239 2842 iura
1259 2777 1510 2865 hospitalitatis,

186 2891 219 2952 et
238 2883 368 2973 pariter
382 2880 536 2948 alludere
555 2880 692 2946 videtur
709 2880 753 2946 ad
771 2880 847 2946 illas
865 2880 1059 2970 psalmistae
1079 2883 1234 2972 querelas
1252 2890 1285 2950 et
1301 2883 1437 2950 dolores
1457 2906 1465 2951 ε
1487 2886 1514 2950 si

184 2991 347 3058 inimicus
367 3009 461 3054 meus
480 2985 707 3053 maledixisset
726 2987 827 3066 mihi,
848 2987 1080 3055 sustinuissem
1099 2990 1231 3078 utique3
1255 2995 1290 3055 tu
1314 3012 1392 3055 vero
1413 2991 1514 3056 homo

184 3099 293 3166 socius
307 3118 419 3169 meus,
435 3092 627 3175 familiaris,
645 3099 747 3159 notus
767 3114 862 3159 meus
879 3101 943 3160 etc.
965 3094 1031 3183 (rs.
1054 3101 1215 3175 sats-15
1232 3095 1341 3181 hebr.)
1361 3102 1394 3161 et
1407 3096 1510 3163 homo

184 3206 242 3295 qui
268 3203 393 3271 edebat
422 3222 526 3290 panes
556 3220 650 3265 meos
674 3199 819 3266 elevavit
843 3206 963 3266 contra
986 3222 1040 3267 me
1064 3202 1261 3268 calcaneum
1291 3204 1355 3288 (Ps.
1393 3207 1510 3283 t1‚10;

184 3314 227 3381 cf.
249 3318 342 3378 loan.
363 3307 491 3395 tata).

228 3426 299 3498 Quo
315 3422 387 3483 lesu
400 3436 556 3481 sermone
576 3412 723 3479 multum
742 3413 933 3502 perturbati
949 3420 982 3480 et
1000 3416 1148 3480 exterriti
1164 3423 1240 3481 sunt
1256 3418 1398 3505 apostoli
1415 3443 1446 3485 v.
1471 3426 1511 3485 19

183 3543 219 3594 nt
248 3526 303 3592 illi
322 3535 505 3611 coeperunt
532 3520 727 3587 contristari
746 3532 778 3585 et
797 3518 905 3586 dicere
933 3520 967 3586 ei
987 3519 1185 3610 sinqulatim
1206 3513 1246 3594 εἷς
1265 3517 1344 3585 nne&
1364 3516 1404 3599 εἷς
1425 3548 1513 3592 unus

182 3642 258 3724 post
275 3633 438 3709 alterum,
458 3626 611 3713 singuli:
633 3625 806 3714 nermqm'd
822 3630 906 3715 eqo?
926 3625 1000 3713 μήτι
1021 3625 1099 3714 ἐγώ;
1120 3630 1510 3722 quaparticulaexspec-

184 3746 275 3807 tatur
294 3759 368 3805 rem
387 3737 423 3801 in
450 3734 666 3822 responsione
695 3739 857 3818 negatum
882 3733 940 3813 iri,
963 3733 1008 3799 ita
1034 3741 1070 3800 ut
1095 3757 1210 3801 seusus
1233 3738 1297 3805 sit:
1321 3760 1383 3824 ego
1399 3746 1510 3805 tamen

182 3849 209 3913 is
229 3869 299 3912 non
321 3866 415 3923 sum,
437 3841 571 3907 nonne?
589 3840 698 3905 Etiam
721 3840 830 3925 magis
850 3839 946 3906 effert
968 3844 1055 3907 lesus
1075 3843 1122 3907 rei
1142 3842 1381 3929 indignitatem
1406 3869 1437 3912 v.
1469 3854 1510 3912 20

182 3955 243 4044 qui
260 3954 309 4019 uit
322 3950 388 4016 illis
404 3971 416 4015 :
437 3969 523 4013 arnus
542 3968 584 4012 en
602 3945 781 4012 duodecim
800 3969 839 4011 ex
855 3947 895 4011 iis
913 3968 998 4035 quos
1018 3970 1101 4036 prae
1120 3948 1193 4014 aliis
1208 3971 1269 4015 sua
1283 3950 1510 4019 familiaritate

181 4062 343 4148 dignatus
366 4062 430 4137 est,
462 4076 545 4143 quos
568 4052 675 4138 clegit
703 4057 735 4118 et
758 4053 893 4118 vocavit
918 4054 1098 4143 apostolos,
1120 4055 1244 4143 quibus
1264 4058 1507 4147 amplissimam

181 4173 382 4258 potestatem
407 4158 566 4252 patrandi
593 4159 761 4224 miracula
785 4161 1076 4249 concessit(3,1t.
1101 4167 1152 4228 15.
1173 4164 1285 4229 tlatth.
1316 4167 1424 4253 10,1),
1448 4169 1510 4255 qui

180 4273 318 4362 intinpit
332 4291 465 4337 meeum
480 4288 622 4333 manum
638 4265 674 4331 in
686 4266 798 4330 catino
809 4266 936 4332 maiore
952 4266 1104 4355 emphasi
1118 4290 1220 4356 quam
1239 4271 1275 4335 in
1287 4294 1317 4337 v.
1335 4278 1374 4337 18
1388 4273 1508 4339 intima

182 4402 317 4446 mensae
336 4378 478 4444 societas
496 4373 710 4464 exprimitur.
734 4375 820 4438 Sunt
841 4373 901 4462 qui
922 4380 1080 4439 censeant
1099 4375 1188 4441 hisce
1207 4378 1317 4443 verbis
1337 4380 1403 4443 iam
1425 4402 1507 4468 pro-

181 4488 258 4576 pius
277 4484 451 4571 designari
471 4478 682 4570 proditorem
702 4485 877 4567 tamquam
897 4501 1002 4545 unum
1023 4479 1144 4547 axillis
1163 4484 1221 4571 qui
1238 4486 1390 4572 proxime
1409 4488 1507 4552 Chri-

179 4600 229 4659 sto
247 4591 435 4668 assideant,
453 4589 499 4654 ita
519 4593 557 4653 ut
580 4589 616 4652 in
641 4585 760 4651 eadem
781 4586 913 4673 patina,
931 4587 965 4650 in
985 4586 1075 4653 idem
1095 4589 1146 4654 ius
1165 4611 1241 4654 cum
1263 4595 1333 4655 lesu
1358 4592 1506 4679 intingat

180 4720 319 4766 manum
336 4698 393 4785 (cf.
406 4699 586 4774 Erasmus,
606 4693 678 4759 Cui.
695 4693 810 4779 lans).
827 4697 866 4756 ht
885 4691 920 4757 id
934 4693 1126 4760 nullatenus
1143 4699 1329 4763 necessario
1344 4721 1382 4764 ex
1395 4700 1507 4767 verbis

178 4807 352 4895 sequitur;
376 4824 483 4892 quare
499 4801 621 4866 merito
641 4800 698 4865 alii
719 4799 836 4864 dicunt
854 4797 1038 4884 significari
1058 4801 1148 4867 idem
1163 4802 1253 4890 quod
1271 4827 1302 4870 v.
1332 4812 1371 4871 18
1395 4809 1501 4891 (Patr.

179 4913 333 4988 Scbanz,
362 4909 458 4994 Fil.);
480 4906 538 4973 sed
562 4907 691 4973 maiore
708 4906 742 4972 vi
760 4905 960 4992 designatur
978 4906 1020 4973 ad
1040 4915 1200 4998 quantam
1222 4932 1298 4977 cum
1319 4917 1389 4979 lesu
1406 4915 1504 4979 fanu-
