3960 5654
335 504 373 563 10
717 517 755 561 nn
776 518 947 569 nvauenuo
967 517 1120 566 secuxnux
1141 518 1275 568 xxacou.

333 655 478 722 llarcum
494 678 560 722 non
575 651 809 739 reperiuntur,
826 660 873 724 ita
888 681 952 723 non
967 656 1129 741 leguntur
1142 656 1364 744 particulares
1379 652 1657 743 reprehensiones

332 781 448 828 eorum
466 763 500 828 in
516 757 733 828 concionibus
748 765 880 830 loannis
898 763 1082 853 baptistae,
1101 760 1134 825 in
1150 781 1306 827 sermone
1322 765 1393 825 lesu
1408 759 1451 827 ad
1468 760 1653 849 apostoloS,

330 890 441 959 neque
461 867 538 933 illae
557 866 742 953 parabolae
761 890 848 958 quae
869 867 1069 957 praesertim
1086 865 1224 934 ludaeos
1245 873 1390 950 tangunt
1405 867 1451 956 (v.
1471 889 1506 954 g.
1529 865 1569 931 de
1587 865 1656 931 filio

329 972 560 1051 inobediente,
584 971 626 1039 de
642 975 781 1063 nuptiis)
806 974 857 1039 vel
878 997 965 1063 qnae
981 995 1020 1040 ex
1040 992 1103 1036 usu
1125 973 1259 1039 iudaico
1277 976 1396 1036 enatae
1411 981 1490 1040 sunt
1508 996 1539 1040 v.
1557 994 1591 1058 g.
1611 971 1653 1038 de

328 1078 444 1147 decem
464 1078 667 1164 virginibus.
686 1079 736 1146 hd
753 1080 842 1145 idem
858 1086 987 1169 spectat
1006 1099 1084 1144 usus
1099 1086 1150 1145 sat
1165 1101 1263 1145 rarus
1279 1077 1516 1145 vaticiniorum
1533 1078 1655 1146 veteris
1712 1132 1713 1135 ,

328 1185 529 1251 testamenti.
553 1189 681 1252 Pariter
700 1185 859 1250 concludi
882 1194 989 1276 potest
1008 1185 1049 1249 iis
1068 1206 1138 1250 esse
1160 1187 1288 1251 librum
1304 1182 1511 1249 destinatum
1531 1186 1655 1274 quibus

328 1291 483 1376 regiones
497 1293 759 1381 palaestinenses
772 1291 864 1357 haud
879 1300 978 1359 notae
994 1297 1107 1370 erant;
1126 1300 1179 1373 1,5
1197 1289 1333 1358 lordani
1348 1289 1487 1356 additur
1502 1290 1656 1379 designa-

304 1416 307 1421 ’
327 1396 374 1463 tio
385 1396 545 1478 fluminis,
559 1405 613 1476 l,9
625 1398 788 1463 Nazareth
798 1398 977 1477 Galilaeae,
992 1404 1065 1473 11‚l
1081 1399 1244 1464 Bethania
1254 1394 1297 1462 ad
1310 1401 1460 1462 montem
1472 1398 1652 1466 olivarum.

372 1506 423 1571 Uti
444 1504 618 1589 colligitur
638 1525 676 1568 ex
691 1507 763 1568 hcl.
781 1509 882 1585 2832
902 1512 935 1570 el
947 1504 1075 1592 pariter
1088 1528 1127 1570 cx
1142 1504 1282 1593 epistola
1297 1502 1340 1569 ad
1354 1507 1533 1585 Romanos,
1550 1504 1653 1590 longe

328 1611 436 1677 maior
453 1632 531 1699 pars
545 1608 824 1676 christifidelium
843 1616 965 1678 llomae
978 1632 1018 1675 cx
1032 1609 1212 1701 proselytis
1227 1616 1259 1676 et
1276 1610 1420 1676 ethnicis
1434 1617 1507 1677 crat
1532 1610 1656 1677 consti-

325 1722 399 1783 tuta
413 1717 471 1807 (cl.
493 1716 655 1803 Comely,
675 1716 800 1782 lntrod.
821 1722 860 1782 lll
877 1740 910 1806 p.
928 1719 1018 1802 050).
1039 1723 1148 1805 Atque
1164 1722 1310 1782 blancum
1326 1738 1383 1782 eos
1401 1716 1445 1782 ob
1460 1718 1574 1784 oculos
1593 1718 1655 1784 ha-

326 1821 407 1890 bene
427 1824 487 1912 qui
505 1844 572 1888 non
588 1822 895 1889 excircumcisione
914 1823 1071 1890 venerint
1089 1823 1131 1890 ad
1148 1822 1253 1888 fidem
1267 1823 1409 1904 Christi,
1428 1823 1574 1890 maxime
1592 1846 1655 1913 ap·

325 1935 439 2018 paret,
455 1929 483 1995 si
499 1929 571 1994 eius
584 1929 800 2014 evangelium
819 1951 896 1995 cum
912 1928 999 1994 libro
1014 1929 1171 1995 llatthaci
1189 1934 1417 2017 comparatur.
1435 1934 1548 2017 Neque
1563 1930 1664 2012 enim·

326 2035 416 2126 apud
439 2039 585 2101 llarcum
606 2035 689 2101 illud
705 2037 857 2101 cernitur
871 2033 1020 2101 studium
1036 2037 1222 2124 praecipua
1237 2057 1394 2124 quaeque
1410 2036 1653 2125 comprobandi

224 2177 229 2188 ·
325 2141 493 2208 vaticiniis
505 2140 677 2222 adductis,
697 2140 889 2231 explicandi
907 2141 1073 2207 rationem
1089 2164 1178 2231 quae
1193 2143 1282 2206 inter
1298 2141 1410 2228 legem
1425 2144 1608 2210 mosaicam
1622 2149 1655 2209 et

325 2248 542 2333 evangelium
556 2248 760 2328 intercedat,
776 2247 954 2313 revocandi
968 2247 1102 2337 plebem
1115 2248 1159 2314 ah
1170 2247 1370 2314 anctoritate
1383 2249 1651 2337 pharisaeorum,

325 2354 514 2444 exponendi
538 2355 696 2444 plurimis
718 2354 846 2421 scelera
873 2355 1066 2443 principum
1092 2354 1314 2435 ludaeorum,
1341 2377 1428 2443 quae
1450 2354 1536 2422 adeo
1562 2355 1654 2445 apud

324 2463 528 2527 llalthaeum
555 2463 760 2550 prominent.
783 2466 910 2527 llarcus
930 2469 1042 2528 aulem
1066 2468 1156 2528 totus
1176 2463 1210 2527 iu
1232 2484 1271 2527 eo
1293 2467 1357 2544 est,
1379 2469 1415 2527 ut
1431 2462 1518 2528 sieut
1539 2467 1655 2529 Petrus

324 2568 516 2634 centurioni
539 2568 691 2634 Cornelio
715 2571 897 2633 Caesareae
923 2573 1031 2634 lesum
1050 2569 1267 2634 aununtiavit
1292 2569 1471 2634 Dominum
1499 2570 1653 2635 omnium

323 2678 393 2740 llct.
410 2680 580 2756 mpetu,
596 2675 642 2740 ita
654 2674 726 2762 ipsc
737 2696 873 2763 quoque
887 2678 992 2740 lesum
1007 2675 1201 2740 ostenderet
1212 2674 1331 2740 Filium
1349 2674 1406 2739 nei
1417 2681 1450 2740 et
1461 2677 1652 2741 Dominum.

325 2782 420 2847 Brevi
440 2780 644 2869 compendio
659 2803 697 2846 ex
718 2782 775 2846 illa
792 2781 879 2845 Petri
895 2781 1057 2846 concione
1078 2779 1240 2846 discimus
1260 2779 1433 2869 quomodo
1451 2786 1564 2847 Petrus
1579 2803 1655 2870 pro·

323 2886 594 2974 selytocornelio
605 2887 792 2975 (eratenim
809 2877 930 2960 εὐσεὸὴς
941 2889 992 2947 καὶ
1003 2878 1185 2974 φοίίούμενος
1196 2886 1247 2948 τὸν
1258 2887 1331 2948 Θεόν
1341 2936 1349 2967 ,
1367 2888 1457 2975 103)
1472 2889 1563 2954 viam
1574 2910 1653 2977 ape-

324 2993 484 3058 rueritad
497 2992 601 3059 sidem
612 2994 751 3071 Christi;
769 2993 852 3082 quid
865 2993 1076 3082 probabilius
1089 2996 1154 3059 erit
1169 3016 1271 3084 quam
1286 3000 1419 3060 Petrum
1433 2993 1524 3060 idem
1536 2994 1653 3060 fecisse

323 3103 448 3165 Romae
480 3108 513 3164 et
539 3098 657 3165 cadem
683 3100 813 3165 ratione
835 3101 979 3166 narratis
1000 3105 1071 3166 lesu
1099 3100 1272 3166 miraculis
1303 3121 1380 3166 eum
1405 3099 1652 3167 demonstrasse

323 3203 441 3271 lilium
454 3206 511 3272 [lei
522 3213 555 3270 ct
566 3207 637 3270 eius
647 3204 839 3270 doctrinam
849 3206 1102 3272 commendasse
1112 3215 1145 3272 ct
1157 3206 1292 3293 singula
1303 3212 1460 3272 accurate
1471 3206 1652 3296 explicasse

322 3333 409 3401 quac
423 3312 619 3378 summatim
633 3313 667 3376 in
686 3311 849 3377 concione
865 3312 908 3376 ad
922 3313 1114 3378 Cornelium
1129 3312 1249 3379 habita
1265 3313 1565 3402 perstringuntur?
1583 3317 1651 3379 lam

323 3439 402 3484 vero
412 3441 515 3508 supra
529 3419 598 3483 iam
612 3418 728 3483 monui
744 3418 960 3504 evangelium
974 3420 1072 3485 llarci
1086 3418 1205 3485 eadem
1221 3417 1482 3485 adumbratione
1496 3426 1529 3484 et
1543 3419 1652 3485 lorma

322 3526 479 3590 constitui
500 3531 534 3591 et
548 3546 618 3590 esse
634 3525 730 3612 quasi
748 3517 1008 3613 explicationem
1028 3532 1062 3591 et
1078 3525 1342 3591 declarationem
1361 3547 1583 3614 eorumquae
1601 3524 1652 3590 ibi

322 3635 438 3698 Petrus
461 3631 656 3696 delineavit.
683 3631 777 3696 llisce
803 3630 918 3719 itaque
942 3632 1042 3697 simul
1066 3632 1258 3697 continetur
1282 3631 1384 3719 quale
1406 3632 1442 3696 iu
1470 3631 1651 3698 scribendo

322 3737 497 3804 consilium
519 3742 645 3803 llarcus
659 3743 790 3802 secutus
805 3738 860 3804 sit.
888 3741 953 3802 lloc
971 3737 1120 3803 innuisse
1137 3737 1299 3813 sullieiat,
1323 3758 1399 3802 cum
1421 3736 1541 3803 cadem
1556 3737 1598 3804 dc
1614 3761 1650 3804 re

321 3843 476 3932 pluribus
490 3845 601 3930 egerit
618 3841 779 3930 corneus,
801 3843 927 3909 lntrod.
947 3848 985 3910 lll
1002 3866 1036 3933 p.
1059 3850 1121 3910 103
1139 3865 1210 3932 seq.
1229 3844 1400 3909 recensitis
1414 3866 1551 3934 quoque
1566 3845 1651 3911 alio-

322 3972 397 4016 rum
418 3949 602 4016 sententiis.

365 4061 409 4122 lix
424 4079 464 4123 eo
479 4059 570 4147 quod
589 4061 717 4122 blancus
730 4056 1020 4145 praedicationem
1037 4057 1125 4122 Petri
1146 4056 1266 4123 litteris
1282 4055 1534 4143 consignaverit
1547 4057 1649 4124 etiam

321 4162 518 4252 explicatur,
538 4185 597 4229 cur
614 4164 650 4227 in
666 4164 737 4229 eius
754 4164 841 4228 libro
859 4186 899 4229 ea
916 4163 956 4228 de
974 4169 1069 4228 Petro
1084 4163 1321 4229 desiderentur
1333 4184 1423 4252 quae
1438 4165 1469 4228 ei
1486 4163 1650 4230 maximo-

320 4289 400 4358 pere
420 4269 513 4335 laudi
533 4278 566 4336 et
585 4269 871 4335 commendationi
893 4277 1080 4336 vertuntur.
1105 4274 1151 4335 lta
1171 4292 1258 4357 quae
1278 4270 1391 4336 llatth.
1417 4275 1576 4349 lent-19
1597 4293 1650 4337 re-

318 4376 474 4441 feruntur
490 4376 533 4441 de
550 4375 650 4442 laude
668 4400 688 4441 a
707 4381 775 4442 lesu
792 4378 822 4442 ei
841 4378 966 4442 tributa
982 4384 1014 4442 et
1034 4376 1076 4441 de
1092 4375 1239 4464 primatu
1257 4382 1287 4441 el
1306 4381 1469 4464 potestate
1487 4377 1647 4461 clavium,

318 4480 410 4572 apud
431 4483 846 4562 lla1·cumdesiderantnr;
873 4484 1000 4572 pariter
1021 4483 1135 4547 llatth.
1156 4488 1319 4560 luas-26
1341 4482 1384 4548 de
1399 4489 1523 4549 statere
1539 4483 1575 4548 in
1591 4506 1649 4550 ore

319 4588 417 4677 piscis
438 4588 595 4667 invento,
620 4590 661 4654 dc
688 4589 920 4655 ambulatione
951 4611 1054 4678 super
1084 4611 1202 4677 aquas.
1232 4592 1300 4654 lam
1327 4596 1457 4655 veteres
1487 4596 1650 4656 notarunt

319 4695 402 4762 talia
420 4695 511 4784 apud
531 4700 678 4760 llarcum
699 4697 813 4763 deesse
833 4718 1037 4784 causamque
1058 4697 1277 4781 assignarunt
1299 4695 1391 4784 quod
1412 4699 1528 4762 Petrus
1547 4697 1587 4762 iis
1607 4696 1649 4763 de

320 4802 421 4868 rebus
439 4800 589 4867 modeste
607 4806 750 4868 tacuerit
769 4803 960 4890 (Eusebius,
979 4801 1071 4868 dem.
1090 4823 1142 4867 ev.
1160 4804 1231 4889 3,5)
1248 4802 1300 4869 vel
1315 4804 1419 4868 etiam
1434 4803 1648 4891 prohibuerit

320 4932 362 4976 ne
376 4913 502 4975 llarcus
517 4931 557 4975 ea
576 4909 738 4975 scriberet
759 4911 806 4997 (S.
825 4911 943 4997 Chrys.
963 4911 1053 4974 hom.
1080 4908 1115 4975 in
1131 4911 1245 4978 llatth.
1269 4909 1362 4997 583)
1379 4909 1433 4975 vel
1447 4914 1593 4977 Marcum
1609 4933 1649 4977 ea
