<?xml version="1.0" encoding="UTF-8"?>
<!DOCTYPE html PUBLIC "-//W3C//DTD XHTML 1.0 Transitional//EN"
    "http://www.w3.org/TR/xhtml1/DTD/xhtml1-transitional.dtd">
<html xmlns="http://www.w3.org/1999/xhtml" xml:lang="en" lang="en">
 <head>
  <title>
</title>
<meta http-equiv="Content-Type" content="text/html;charset=utf-8" />
  <meta name='ocr-system' content='tesseract 3.04.00' />
  <meta name='ocr-capabilities' content='ocr_page ocr_carea ocr_par ocr_line ocrx_word'/>
</head>
<body>
  <div class='ocr_page' id='page_1' title='image "./commentariusinq01knabgoog_0272.png"; bbox 0 0 3960 5654; ppageno 0'>
   <div class='ocr_carea' id='block_1_1' title="bbox 1646 561 1703 620">
    <p class='ocr_par' dir='ltr' id='par_1_1' title="bbox 1646 561 1703 620">
     <span class='ocr_line' id='line_1_1' title="bbox 1646 561 1703 620; baseline 0 0"><span class='ocrx_word' id='word_1_1' title='bbox 1646 561 1703 620; x_wconf 73' lang='lat'>25⁸1</span> 
     </span>
    </p>
   </div>
   <div class='ocr_carea' id='block_1_2' title="bbox 328 697 1706 2354">
    <p class='ocr_par' dir='ltr' id='par_1_2' title="bbox 328 697 1705 1767">
     <span class='ocr_line' id='line_1_2' title="bbox 380 697 1704 789; baseline 0.002 -21"><span class='ocrx_word' id='word_1_2' title='bbox 380 727 456 772; x_wconf 90' lang='lat' dir='ltr'>nace</span> <span class='ocrx_word' id='word_1_3' title='bbox 468 709 673 788; x_wconf 78' lang='lat' dir='ltr'>intelligatur.</span> <span class='ocrx_word' id='word_1_4' title='bbox 689 711 774 773; x_wconf 89' lang='lat' dir='ltr'>Bene</span> <span class='ocrx_word' id='word_1_5' title='bbox 790 697 862 770; x_wconf 51' lang='lat' dir='ltr'>rem¹</span> <span class='ocrx_word' id='word_1_6' title='bbox 873 709 1032 772; x_wconf 91' lang='lat' dir='ltr'>declarare</span> <span class='ocrx_word' id='word_1_7' title='bbox 1048 711 1126 770; x_wconf 89' lang='lat' dir='ltr'>mihi</span> <span class='ocrx_word' id='word_1_8' title='bbox 1143 712 1268 772; x_wconf 89' lang='lat' dir='ltr'>videtur</span> <span class='ocrx_word' id='word_1_9' title='bbox 1287 709 1353 771; x_wconf 82' lang='lat' dir='ltr'>Coi.</span> <span class='ocrx_word' id='word_1_10' title='bbox 1376 729 1386 768; x_wconf 93' lang='lat'><em>:</em></span> <span class='ocrx_word' id='word_1_11' title='bbox 1401 732 1416 764; x_wconf 90' lang='lat'>«</span> <span class='ocrx_word' id='word_1_12' title='bbox 1429 711 1506 786; x_wconf 88' lang='lat' dir='ltr'>quia</span> <span class='ocrx_word' id='word_1_13' title='bbox 1521 728 1578 789; x_wconf 92' lang='lat' dir='ltr'>per</span> <span class='ocrx_word' id='word_1_14' title='bbox 1591 709 1704 770; x_wconf 90' lang='lat' dir='ltr'>abscis-</span> 
     </span>
     <span class='ocr_line' id='line_1_3' title="bbox 377 805 1705 888; baseline 0.001 -22"><span class='ocrx_word' id='word_1_15' title='bbox 377 807 501 872; x_wconf 86' lang='lat' dir='ltr'><strong>sionem</strong></span> <span class='ocrx_word' id='word_1_16' title='bbox 516 807 701 870; x_wconf 90' lang='lat' dir='ltr'>buiusmodi</span> <span class='ocrx_word' id='word_1_17' title='bbox 718 827 782 870; x_wconf 95' lang='lat' dir='ltr'>non</span> <span class='ocrx_word' id='word_1_18' title='bbox 800 807 1057 885; x_wconf 75' lang='lat' dir='ltr'>significabantur</span> <span class='ocrx_word' id='word_1_19' title='bbox 1077 808 1163 888; x_wconf 85' lang='lat' dir='ltr'>ipsae</span> <span class='ocrx_word' id='word_1_20' title='bbox 1179 809 1389 870; x_wconf 79' lang='lat' dir='ltr'>abscissiones</span> <span class='ocrx_word' id='word_1_21' title='bbox 1402 807 1632 881; x_wconf 91' lang='lat' dir='ltr'>membrorum,</span> <span class='ocrx_word' id='word_1_22' title='bbox 1649 805 1705 869; x_wconf 88' lang='lat' dir='ltr'>sed</span> 
     </span>
     <span class='ocr_line' id='line_1_4' title="bbox 377 905 1705 983; baseline -0.002 -17"><span class='ocrx_word' id='word_1_23' title='bbox 377 905 537 968; x_wconf 74' lang='lat' dir='ltr'>abdicatio</span> <span class='ocrx_word' id='word_1_24' title='bbox 554 906 796 968; x_wconf 91' lang='lat' dir='ltr'>commodorum</span> <span class='ocrx_word' id='word_1_25' title='bbox 814 905 945 966; x_wconf 88' lang='lat' dir='ltr'>utilium</span> <span class='ocrx_word' id='word_1_26' title='bbox 959 924 995 967; x_wconf 94' lang='lat' dir='ltr'>ac</span> <span class='ocrx_word' id='word_1_27' title='bbox 1014 905 1254 967; x_wconf 80' lang='lat' dir='ltr'>delectabilium</span> <span class='ocrx_word' id='word_1_28' title='bbox 1271 923 1352 983; x_wconf 88' lang='lat' dir='ltr'>quae</span> <span class='ocrx_word' id='word_1_29' title='bbox 1372 905 1502 965; x_wconf 89' lang='lat' dir='ltr'>altlictio</span> <span class='ocrx_word' id='word_1_30' title='bbox 1525 909 1574 964; x_wconf 89' lang='lat' dir='ltr'>cst</span> <span class='ocrx_word' id='word_1_31' title='bbox 1592 921 1629 964; x_wconf 91' lang='lat' dir='ltr'>ac</span> <span class='ocrx_word' id='word_1_32' title='bbox 1648 922 1705 983; x_wconf 89' lang='lat' dir='ltr'>per</span> 
     </span>
     <span class='ocr_line' id='line_1_5' title="bbox 376 1000 1705 1083; baseline -0.002 -19"><span class='ocrx_word' id='word_1_33' title='bbox 376 1003 437 1064; x_wconf 90' lang='lat' dir='ltr'>hoc</span> <span class='ocrx_word' id='word_1_34' title='bbox 455 1000 627 1065; x_wconf 90' lang='lat' dir='ltr'>nonnullus</span> <span class='ocrx_word' id='word_1_35' title='bbox 646 1003 727 1083; x_wconf 77' lang='lat' dir='ltr'>ignis</span> <span class='ocrx_word' id='word_1_36' title='bbox 742 1006 805 1073; x_wconf 91' lang='lat' dir='ltr'>est,</span> <span class='ocrx_word' id='word_1_37' title='bbox 819 1002 890 1064; x_wconf 90' lang='lat' dir='ltr'>ideo</span> <span class='ocrx_word' id='word_1_38' title='bbox 907 1005 964 1065; x_wconf 89' lang='lat' dir='ltr'>sub</span> <span class='ocrx_word' id='word_1_39' title='bbox 984 1004 1091 1081; x_wconf 88' lang='lat' dir='ltr'>specie</span> <span class='ocrx_word' id='word_1_40' title='bbox 1107 1004 1190 1082; x_wconf 79' lang='lat' dir='ltr'>ignis</span> <span class='ocrx_word' id='word_1_41' title='bbox 1208 1021 1310 1082; x_wconf 86' lang='lat' dir='ltr'>genus</span> <span class='ocrx_word' id='word_1_42' title='bbox 1325 1008 1428 1063; x_wconf 91' lang='lat' dir='ltr'>totum</span> <span class='ocrx_word' id='word_1_43' title='bbox 1441 1001 1649 1062; x_wconf 82' lang='lat' dir='ltr'>afflictionum</span> <span class='ocrx_word' id='word_1_44' title='bbox 1668 1020 1705 1062; x_wconf 91' lang='lat' dir='ltr'>ac</span> 
     </span>
     <span class='ocr_line' id='line_1_6' title="bbox 376 1098 1705 1179; baseline -0.003 -17"><span class='ocrx_word' id='word_1_45' title='bbox 376 1098 617 1162; x_wconf 83' lang='lat' dir='ltr'>tribulationum</span> <span class='ocrx_word' id='word_1_46' title='bbox 634 1100 883 1163; x_wconf 85' lang='lat' dir='ltr'>voluntariarum</span> <span class='ocrx_word' id='word_1_47' title='bbox 903 1100 1159 1179; x_wconf 88' lang='lat' dir='ltr'>comprehendit;</span> <span class='ocrx_word' id='word_1_48' title='bbox 1180 1105 1212 1162; x_wconf 90' lang='lat' dir='ltr'>et</span> <span class='ocrx_word' id='word_1_49' title='bbox 1232 1101 1325 1161; x_wconf 92' lang='lat' dir='ltr'>docet</span> <span class='ocrx_word' id='word_1_50' title='bbox 1348 1101 1432 1179; x_wconf 92' lang='lat' dir='ltr'>quod</span> <span class='ocrx_word' id='word_1_51' title='bbox 1453 1100 1562 1160; x_wconf 92' lang='lat' dir='ltr'>omnis</span> <span class='ocrx_word' id='word_1_52' title='bbox 1585 1098 1705 1159; x_wconf 91' lang='lat' dir='ltr'>electus</span> 
     </span>
     <span class='ocr_line' id='line_1_7' title="bbox 376 1197 1704 1278; baseline -0.002 -20"><span class='ocrx_word' id='word_1_53' title='bbox 376 1199 448 1277; x_wconf 76' lang='lat' dir='ltr'>igne</span> <span class='ocrx_word' id='word_1_54' title='bbox 463 1197 680 1260; x_wconf 86' lang='lat' dir='ltr'>tribulationis</span> <span class='ocrx_word' id='word_1_55' title='bbox 695 1197 855 1259; x_wconf 83' lang='lat' dir='ltr'>saliendas</span> <span class='ocrx_word' id='word_1_56' title='bbox 869 1204 932 1271; x_wconf 89' lang='lat' dir='ltr'>est,</span> <span class='ocrx_word' id='word_1_57' title='bbox 948 1199 1009 1259; x_wconf 90' lang='lat' dir='ltr'>hoc</span> <span class='ocrx_word' id='word_1_58' title='bbox 1027 1204 1089 1270; x_wconf 91' lang='lat' dir='ltr'>est,</span> <span class='ocrx_word' id='word_1_59' title='bbox 1108 1200 1179 1278; x_wconf 76' lang='lat' dir='ltr'>igne</span> <span class='ocrx_word' id='word_1_60' title='bbox 1196 1198 1381 1260; x_wconf 90' lang='lat' dir='ltr'>huiusmodi</span> <span class='ocrx_word' id='word_1_61' title='bbox 1399 1202 1509 1258; x_wconf 90' lang='lat' dir='ltr'>utetur</span> <span class='ocrx_word' id='word_1_62' title='bbox 1523 1198 1563 1257; x_wconf 88' lang='lat' dir='ltr'>ad</span> <span class='ocrx_word' id='word_1_63' title='bbox 1579 1214 1704 1258; x_wconf 80' lang='lat' dir='ltr'>seruan-</span> 
     </span>
     <span class='ocr_line' id='line_1_8' title="bbox 376 1294 1705 1375; baseline -0.002 -19"><span class='ocrx_word' id='word_1_64' title='bbox 376 1294 453 1356; x_wconf 90' lang='lat' dir='ltr'>dum</span> <span class='ocrx_word' id='word_1_65' title='bbox 467 1294 609 1374; x_wconf 91' lang='lat' dir='ltr'>seipsum</span> <span class='ocrx_word' id='word_1_66' title='bbox 626 1294 758 1368; x_wconf 92' lang='lat' dir='ltr'>amalo,</span> <span class='ocrx_word' id='word_1_67' title='bbox 775 1295 847 1373; x_wconf 78' lang='lat' dir='ltr'>igne</span> <span class='ocrx_word' id='word_1_68' title='bbox 862 1296 948 1357; x_wconf 89' lang='lat' dir='ltr'>enim</span> <span class='ocrx_word' id='word_1_69' title='bbox 965 1296 1050 1357; x_wconf 89' lang='lat' dir='ltr'>saliri</span> <span class='ocrx_word' id='word_1_70' title='bbox 1066 1301 1116 1358; x_wconf 90' lang='lat' dir='ltr'>est</span> <span class='ocrx_word' id='word_1_71' title='bbox 1131 1297 1202 1375; x_wconf 81' lang='lat' dir='ltr'>igne</span> <span class='ocrx_word' id='word_1_72' title='bbox 1218 1297 1265 1356; x_wconf 91' lang='lat' dir='ltr'>uti</span> <span class='ocrx_word' id='word_1_73' title='bbox 1278 1298 1318 1356; x_wconf 93' lang='lat' dir='ltr'>ad</span> <span class='ocrx_word' id='word_1_74' title='bbox 1335 1295 1527 1357; x_wconf 89' lang='lat' dir='ltr'>servandum</span> <span class='ocrx_word' id='word_1_75' title='bbox 1539 1312 1579 1355; x_wconf 92' lang='lat' dir='ltr'>ne</span> <span class='ocrx_word' id='word_1_76' title='bbox 1596 1299 1705 1371; x_wconf 90' lang='lat' dir='ltr'>putre·</span> 
     </span>
     <span class='ocr_line' id='line_1_9' title="bbox 377 1392 1703 1473; baseline -0.002 -21"><span class='ocrx_word' id='word_1_77' title='bbox 377 1397 443 1452; x_wconf 90' lang='lat' dir='ltr'>scat</span> <span class='ocrx_word' id='word_1_78' title='bbox 459 1417 486 1452; x_wconf 85' lang='grc'>».</span> <span class='ocrx_word' id='word_1_79' title='bbox 500 1394 568 1454; x_wconf 88' lang='lat' dir='ltr'>Nou</span> <span class='ocrx_word' id='word_1_80' title='bbox 583 1392 753 1454; x_wconf 75' lang='lat' dir='ltr'>defuerunt</span> <span class='ocrx_word' id='word_1_81' title='bbox 766 1394 822 1471; x_wconf 90' lang='lat' dir='ltr'>qui</span> <span class='ocrx_word' id='word_1_82' title='bbox 836 1393 900 1472; x_wconf 76' lang='grc' dir='ltr'><strong>πυρί</strong></span> <span class='ocrx_word' id='word_1_83' title='bbox 914 1392 1095 1473; x_wconf 85' lang='lat' dir='ltr'>acciperent</span> <span class='ocrx_word' id='word_1_84' title='bbox 1105 1412 1112 1453; x_wconf 78' lang='grc' dir='ltr'>ε</span> <span class='ocrx_word' id='word_1_85' title='bbox 1122 1411 1181 1471; x_wconf 94' lang='lat' dir='ltr'>pro</span> <span class='ocrx_word' id='word_1_86' title='bbox 1196 1394 1284 1472; x_wconf 73' lang='lat' dir='ltr'>igne,</span> <span class='ocrx_word' id='word_1_87' title='bbox 1297 1394 1400 1454; x_wconf 90' lang='lat' dir='ltr'>omnis</span> <span class='ocrx_word' id='word_1_88' title='bbox 1415 1393 1545 1453; x_wconf 90' lang='lat' dir='ltr'>salietur</span> <span class='ocrx_word' id='word_1_89' title='bbox 1558 1410 1614 1470; x_wconf 90' lang='lat' dir='ltr'>pro</span> <span class='ocrx_word' id='word_1_90' title='bbox 1631 1392 1703 1470; x_wconf 79' lang='lat' dir='ltr'>igne</span> 
     </span>
     <span class='ocr_line' id='line_1_10' title="bbox 376 1488 1704 1568; baseline -0.002 -18"><span class='ocrx_word' id='word_1_91' title='bbox 376 1490 397 1550; x_wconf 93' lang='lat' dir='ltr'>i.</span> <span class='ocrx_word' id='word_1_92' title='bbox 415 1507 443 1551; x_wconf 89' lang='lat' dir='ltr'>e.</span> <span class='ocrx_word' id='word_1_93' title='bbox 463 1491 569 1552; x_wconf 88' lang='lat' dir='ltr'>omnis</span> <span class='ocrx_word' id='word_1_94' title='bbox 584 1488 649 1551; x_wconf 88' lang='lat' dir='ltr'>sale</span> <span class='ocrx_word' id='word_1_95' title='bbox 663 1490 838 1568; x_wconf 84' lang='lat' dir='ltr'>sapientiae</span> <span class='ocrx_word' id='word_1_96' title='bbox 855 1491 907 1552; x_wconf 82' lang='lat' dir='ltr'>vel</span> <span class='ocrx_word' id='word_1_97' title='bbox 926 1491 1087 1552; x_wconf 91' lang='lat' dir='ltr'>doctrinae</span> <span class='ocrx_word' id='word_1_98' title='bbox 1107 1492 1222 1553; x_wconf 84' lang='lat' dir='ltr'>Christi</span> <span class='ocrx_word' id='word_1_99' title='bbox 1243 1493 1329 1552; x_wconf 87' lang='lat' dir='ltr'>saliri</span> <span class='ocrx_word' id='word_1_100' title='bbox 1347 1492 1442 1552; x_wconf 91' lang='lat' dir='ltr'>debet</span> <span class='ocrx_word' id='word_1_101' title='bbox 1462 1497 1496 1552; x_wconf 92' lang='lat' dir='ltr'>ut</span> <span class='ocrx_word' id='word_1_102' title='bbox 1516 1489 1704 1551; x_wconf 71' lang='grc'><strong>1111111111-</strong></span> 
     </span>
     <span class='ocr_line' id='line_1_11' title="bbox 377 1586 1704 1670; baseline -0.001 -24"><span class='ocrx_word' id='word_1_103' title='bbox 377 1587 463 1649; x_wconf 90' lang='lat' dir='ltr'>cium</span> <span class='ocrx_word' id='word_1_104' title='bbox 474 1591 538 1650; x_wconf 87' lang='lat' dir='ltr'>Deo</span> <span class='ocrx_word' id='word_1_105' title='bbox 549 1591 686 1667; x_wconf 82' lang='lat' dir='ltr'>gratum,</span> <span class='ocrx_word' id='word_1_106' title='bbox 700 1586 789 1649; x_wconf 90' lang='lat' dir='ltr'>itaut</span> <span class='ocrx_word' id='word_1_107' title='bbox 799 1607 859 1670; x_wconf 85' lang='lat' dir='ltr'>pro</span> <span class='ocrx_word' id='word_1_108' title='bbox 874 1588 944 1670; x_wconf 79' lang='lat' dir='ltr'>ique</span> <span class='ocrx_word' id='word_1_109' title='bbox 954 1588 994 1649; x_wconf 92' lang='lat' dir='ltr'>de</span> <span class='ocrx_word' id='word_1_110' title='bbox 1005 1590 1076 1668; x_wconf 82' lang='lat' dir='ltr'>igne</span> <span class='ocrx_word' id='word_1_111' title='bbox 1090 1589 1248 1662; x_wconf 83' lang='lat' dir='ltr'>sacrificii,</span> <span class='ocrx_word' id='word_1_112' title='bbox 1263 1589 1302 1650; x_wconf 92' lang='lat' dir='ltr'>de</span> <span class='ocrx_word' id='word_1_113' title='bbox 1314 1588 1475 1649; x_wconf 86' lang='lat' dir='ltr'>oblatione</span> <span class='ocrx_word' id='word_1_114' title='bbox 1491 1589 1555 1649; x_wconf 86' lang='lat' dir='ltr'>Deo</span> <span class='ocrx_word' id='word_1_115' title='bbox 1573 1590 1704 1665; x_wconf 90' lang='lat' dir='ltr'>accepta</span> 
     </span>
     <span class='ocr_line' id='line_1_12' title="bbox 328 1682 1597 1767; baseline -0.001 -22"><span class='ocrx_word' id='word_1_116' title='bbox 328 1708 331 1714; x_wconf 60' lang='lat'><strong><em>¹</em></strong></span> <span class='ocrx_word' id='word_1_117' title='bbox 376 1690 554 1765; x_wconf 85' lang='lat' dir='ltr'>exponatur</span> <span class='ocrx_word' id='word_1_118' title='bbox 568 1682 620 1765; x_wconf 83' lang='lat' dir='ltr'>(cl.</span> <span class='ocrx_word' id='word_1_119' title='bbox 635 1683 769 1746; x_wconf 87' lang='lat' dir='ltr'>Studien</span> <span class='ocrx_word' id='word_1_120' title='bbox 784 1685 847 1747; x_wconf 91' lang='lat' dir='ltr'>und</span> <span class='ocrx_word' id='word_1_121' title='bbox 862 1685 1007 1748; x_wconf 86' lang='lat' dir='ltr'>Kritiken</span> <span class='ocrx_word' id='word_1_122' title='bbox 1024 1687 1100 1748; x_wconf 76' lang='lat'>{859</span> <span class='ocrx_word' id='word_1_123' title='bbox 1116 1705 1147 1767; x_wconf 95' lang='lat' dir='ltr'>p.</span> <span class='ocrx_word' id='word_1_124' title='bbox 1164 1689 1241 1755; x_wconf 82' lang='grc'><strong>515;</strong></span> <span class='ocrx_word' id='word_1_125' title='bbox 1260 1687 1330 1746; x_wconf 91' lang='lat' dir='ltr'>sim.</span> <span class='ocrx_word' id='word_1_126' title='bbox 1348 1685 1411 1747; x_wconf 80' lang='lat' dir='ltr'>Ed.</span> <span class='ocrx_word' id='word_1_127' title='bbox 1427 1687 1451 1746; x_wconf 96' lang='lat' dir='ltr'>ll</span> <span class='ocrx_word' id='word_1_128' title='bbox 1468 1704 1498 1765; x_wconf 92' lang='lat' dir='ltr'>p.</span> <span class='ocrx_word' id='word_1_129' title='bbox 1517 1685 1597 1764; x_wconf 64' lang='grc'><strong>111).</strong></span> 
     </span>
    </p>

    <p class='ocr_par' dir='ltr' id='par_1_3' title="bbox 375 1781 1706 2354">
     <span class='ocr_line' id='line_1_13' title="bbox 415 1781 1704 1863; baseline -0.002 -20"><span class='ocrx_word' id='word_1_130' title='bbox 415 1781 477 1843; x_wconf 77' lang='lat' dir='ltr'>Alii</span> <span class='ocrx_word' id='word_1_131' title='bbox 492 1782 679 1862; x_wconf 79' lang='lat' dir='ltr'>ignemque</span> <span class='ocrx_word' id='word_1_132' title='bbox 696 1781 832 1861; x_wconf 92' lang='lat' dir='ltr'>quisque</span> <span class='ocrx_word' id='word_1_133' title='bbox 852 1786 901 1843; x_wconf 89' lang='lat' dir='ltr'>est</span> <span class='ocrx_word' id='word_1_134' title='bbox 919 1783 1079 1844; x_wconf 91' lang='lat' dir='ltr'>saliendus</span> <span class='ocrx_word' id='word_1_135' title='bbox 1096 1785 1258 1863; x_wconf 90' lang='lat' dir='ltr'>accipiunt</span> <span class='ocrx_word' id='word_1_136' title='bbox 1272 1785 1310 1844; x_wconf 89' lang='lat' dir='ltr'>de</span> <span class='ocrx_word' id='word_1_137' title='bbox 1329 1785 1400 1862; x_wconf 88' lang='lat' dir='ltr'>igne</span> <span class='ocrx_word' id='word_1_138' title='bbox 1421 1783 1552 1858; x_wconf 76' lang='lat' dir='ltr'>interni,</span> <span class='ocrx_word' id='word_1_139' title='bbox 1571 1782 1632 1842; x_wconf 91' lang='lat' dir='ltr'>dici</span> <span class='ocrx_word' id='word_1_140' title='bbox 1647 1799 1704 1842; x_wconf 92' lang='lat' dir='ltr'>au-</span> 
     </span>
     <span class='ocr_line' id='line_1_14' title="bbox 376 1879 1704 1961; baseline -0.002 -20"><span class='ocrx_word' id='word_1_141' title='bbox 376 1885 442 1941; x_wconf 89' lang='lat' dir='ltr'>tem</span> <span class='ocrx_word' id='word_1_142' title='bbox 458 1879 555 1954; x_wconf 89' lang='lat' dir='ltr'>saliri,</span> <span class='ocrx_word' id='word_1_143' title='bbox 571 1880 646 1958; x_wconf 88' lang='lat' dir='ltr'>quia</span> <span class='ocrx_word' id='word_1_144' title='bbox 660 1879 741 1941; x_wconf 88' lang='lat' dir='ltr'>sicut</span> <span class='ocrx_word' id='word_1_145' title='bbox 756 1880 801 1941; x_wconf 93' lang='lat' dir='ltr'>sal</span> <span class='ocrx_word' id='word_1_146' title='bbox 814 1880 1085 1960; x_wconf 87' lang='lat' dir='ltr'>incorruptionem</span> <span class='ocrx_word' id='word_1_147' title='bbox 1100 1882 1261 1961; x_wconf 90' lang='lat' dir='ltr'>impertiat</span> <span class='ocrx_word' id='word_1_148' title='bbox 1273 1883 1457 1960; x_wconf 90' lang='lat' dir='ltr'>corporibus</span> <span class='ocrx_word' id='word_1_149' title='bbox 1472 1881 1585 1959; x_wconf 85' lang='lat' dir='ltr'>quibus</span> <span class='ocrx_word' id='word_1_150' title='bbox 1600 1896 1704 1958; x_wconf 88' lang='lat' dir='ltr'>asper-</span> 
     </span>
     <span class='ocr_line' id='line_1_15' title="bbox 376 1977 1704 2060; baseline -0.001 -22"><span class='ocrx_word' id='word_1_151' title='bbox 376 1996 429 2039; x_wconf 90' lang='lat' dir='ltr'>sus</span> <span class='ocrx_word' id='word_1_152' title='bbox 448 1978 501 2049; x_wconf 91' lang='lat' dir='ltr'>sit,</span> <span class='ocrx_word' id='word_1_153' title='bbox 518 1978 562 2038; x_wconf 89' lang='lat' dir='ltr'>ita</span> <span class='ocrx_word' id='word_1_154' title='bbox 576 1977 659 2057; x_wconf 77' lang='lat' dir='ltr'>ignis</span> <span class='ocrx_word' id='word_1_155' title='bbox 673 1978 835 2056; x_wconf 79' lang='lat' dir='ltr'>gehennae</span> <span class='ocrx_word' id='word_1_156' title='bbox 853 1984 955 2039; x_wconf 89' lang='lat' dir='ltr'>servet</span> <span class='ocrx_word' id='word_1_157' title='bbox 974 1980 1097 2058; x_wconf 84' lang='lat' dir='ltr'>integra</span> <span class='ocrx_word' id='word_1_158' title='bbox 1116 1998 1248 2060; x_wconf 89' lang='lat' dir='ltr'>corpora</span> <span class='ocrx_word' id='word_1_159' title='bbox 1263 1982 1485 2040; x_wconf 87' lang='lat' dir='ltr'>damnatorum</span> <span class='ocrx_word' id='word_1_160' title='bbox 1505 1996 1541 2039; x_wconf 87' lang='lat' dir='ltr'>uc</span> <span class='ocrx_word' id='word_1_161' title='bbox 1558 1981 1582 2038; x_wconf 87' lang='lat' dir='ltr'>si</span> <span class='ocrx_word' id='word_1_162' title='bbox 1601 1979 1649 2038; x_wconf 86' lang='lat' dir='ltr'>his</span> <span class='ocrx_word' id='word_1_163' title='bbox 1666 1996 1704 2037; x_wconf 88' lang='lat' dir='ltr'>nc</span> 
     </span>
     <span class='ocr_line' id='line_1_16' title="bbox 376 2075 1706 2157; baseline -0.001 -21"><span class='ocrx_word' id='word_1_164' title='bbox 376 2079 596 2154; x_wconf 82' lang='lat' dir='ltr'>putrescerent</span> <span class='ocrx_word' id='word_1_165' title='bbox 610 2092 648 2136; x_wconf 92' lang='lat' dir='ltr'>ac</span> <span class='ocrx_word' id='word_1_166' title='bbox 659 2075 907 2138; x_wconf 82' lang='lat' dir='ltr'>dissolverentur</span> <span class='ocrx_word' id='word_1_167' title='bbox 920 2094 979 2157; x_wconf 93' lang='lat' dir='ltr'>pro</span> <span class='ocrx_word' id='word_1_168' title='bbox 994 2077 1058 2138; x_wconf 89' lang='lat' dir='ltr'>sale</span> <span class='ocrx_word' id='word_1_169' title='bbox 1075 2084 1159 2139; x_wconf 89' lang='lat' dir='ltr'>esset</span> <span class='ocrx_word' id='word_1_170' title='bbox 1174 2078 1351 2148; x_wconf 92' lang='lat' dir='ltr'>adhibitus,</span> <span class='ocrx_word' id='word_1_171' title='bbox 1368 2078 1418 2138; x_wconf 87' lang='lat' dir='ltr'>vel</span> <span class='ocrx_word' id='word_1_172' title='bbox 1435 2077 1511 2154; x_wconf 90' lang='lat' dir='ltr'>quia</span> <span class='ocrx_word' id='word_1_173' title='bbox 1526 2081 1706 2137; x_wconf 88' lang='lat' dir='ltr'>torreantur</span> 
     </span>
     <span class='ocr_line' id='line_1_17' title="bbox 375 2171 1704 2256; baseline -0.002 -23"><span class='ocrx_word' id='word_1_174' title='bbox 375 2190 412 2234; x_wconf 92' lang='lat' dir='ltr'>ac</span> <span class='ocrx_word' id='word_1_175' title='bbox 425 2171 616 2239; x_wconf 90' lang='lat' dir='ltr'>condiantur</span> <span class='ocrx_word' id='word_1_176' title='bbox 629 2173 715 2254; x_wconf 78' lang='lat' dir='ltr'>igne,</span> <span class='ocrx_word' id='word_1_177' title='bbox 732 2174 830 2235; x_wconf 88' lang='lat' dir='ltr'>veluti</span> <span class='ocrx_word' id='word_1_178' title='bbox 845 2191 955 2235; x_wconf 90' lang='lat' dir='ltr'>carnes</span> <span class='ocrx_word' id='word_1_179' title='bbox 970 2175 1022 2252; x_wconf 86' lang='lat' dir='ltr'>(cl.</span> <span class='ocrx_word' id='word_1_180' title='bbox 1039 2173 1137 2236; x_wconf 87' lang='lat' dir='ltr'>Mald.</span> <span class='ocrx_word' id='word_1_181' title='bbox 1155 2174 1264 2256; x_wconf 73' lang='grc'><strong>111111,</strong></span> <span class='ocrx_word' id='word_1_182' title='bbox 1279 2174 1376 2237; x_wconf 84' lang='lat' dir='ltr'>Culm.</span> <span class='ocrx_word' id='word_1_183' title='bbox 1394 2175 1482 2235; x_wconf 81' lang='lat' dir='ltr'>Patr.</span> <span class='ocrx_word' id='word_1_184' title='bbox 1500 2172 1626 2255; x_wconf 73' lang='lat' dir='ltr'>Scleqq,</span> <span class='ocrx_word' id='word_1_185' title='bbox 1643 2171 1704 2234; x_wconf 82' lang='lat' dir='ltr'>Fit.</span> 
     </span>
     <span class='ocr_line' id='line_1_18' title="bbox 378 2268 1706 2354; baseline 0 -22"><span class='ocrx_word' id='word_1_186' title='bbox 378 2268 483 2350; x_wconf 72' lang='lat' dir='ltr'>Coele).</span> <span class='ocrx_word' id='word_1_187' title='bbox 499 2271 526 2333; x_wconf 90' lang='lat' dir='ltr'>li</span> <span class='ocrx_word' id='word_1_188' title='bbox 542 2271 734 2332; x_wconf 90' lang='lat' dir='ltr'>sententiam</span> <span class='ocrx_word' id='word_1_189' title='bbox 749 2271 882 2332; x_wconf 88' lang='lat' dir='ltr'>alteram</span> <span class='ocrx_word' id='word_1_190' title='bbox 897 2272 936 2333; x_wconf 91' lang='lat' dir='ltr'>de</span> <span class='ocrx_word' id='word_1_191' title='bbox 951 2274 1083 2334; x_wconf 82' lang='lat' dir='ltr'>victima</span> <span class='ocrx_word' id='word_1_192' title='bbox 1094 2275 1143 2335; x_wconf 84' lang='lat' dir='ltr'>vel</span> <span class='ocrx_word' id='word_1_193' title='bbox 1157 2275 1315 2354; x_wconf 87' lang='lat' dir='ltr'>explicant</span> <span class='ocrx_word' id='word_1_194' title='bbox 1335 2292 1429 2334; x_wconf 86' lang='lat' dir='ltr'>sensu</span> <span class='ocrx_word' id='word_1_195' title='bbox 1445 2274 1574 2351; x_wconf 86' lang='lat' dir='ltr'>eodem,</span> <span class='ocrx_word' id='word_1_196' title='bbox 1592 2273 1630 2333; x_wconf 90' lang='lat' dir='ltr'>de</span> <span class='ocrx_word' id='word_1_197' title='bbox 1645 2272 1706 2332; x_wconf 88' lang='lat' dir='ltr'>vic·</span> 
     </span>
    </p>
   </div>
   <div class='ocr_carea' id='block_1_3' title="bbox 375 2368 1814 2844">
    <p class='ocr_par' dir='ltr' id='par_1_4' title="bbox 375 2368 1814 2844">
     <span class='ocr_line' id='line_1_19' title="bbox 378 2368 1704 2451; baseline 0 -22"><span class='ocrx_word' id='word_1_198' title='bbox 378 2369 464 2429; x_wconf 90' lang='lat' dir='ltr'>timis</span> <span class='ocrx_word' id='word_1_199' title='bbox 478 2368 546 2429; x_wconf 90' lang='lat' dir='ltr'>scil.</span> <span class='ocrx_word' id='word_1_200' title='bbox 564 2369 628 2430; x_wconf 89' lang='lat' dir='ltr'>irae</span> <span class='ocrx_word' id='word_1_201' title='bbox 643 2369 717 2442; x_wconf 86' lang='lat' dir='ltr'>Dei,</span> <span class='ocrx_word' id='word_1_202' title='bbox 734 2386 815 2447; x_wconf 92' lang='lat' dir='ltr'>quae</span> <span class='ocrx_word' id='word_1_203' title='bbox 830 2371 950 2449; x_wconf 89' lang='lat' dir='ltr'>pariter</span> <span class='ocrx_word' id='word_1_204' title='bbox 963 2372 1028 2431; x_wconf 88' lang='lat' dir='ltr'>sint</span> <span class='ocrx_word' id='word_1_205' title='bbox 1042 2388 1175 2451; x_wconf 90' lang='lat' dir='ltr'>corpora</span> <span class='ocrx_word' id='word_1_206' title='bbox 1191 2373 1414 2433; x_wconf 83' lang='lat' dir='ltr'>damnatorum</span> <span class='ocrx_word' id='word_1_207' title='bbox 1430 2388 1509 2449; x_wconf 92' lang='lat' dir='ltr'>quae</span> <span class='ocrx_word' id='word_1_208' title='bbox 1527 2375 1591 2431; x_wconf 85' lang='lat' dir='ltr'>Deo</span> <span class='ocrx_word' id='word_1_209' title='bbox 1606 2370 1704 2430; x_wconf 88' lang='lat' dir='ltr'>scele-</span> 
     </span>
     <span class='ocr_line' id='line_1_20' title="bbox 375 2465 1706 2548; baseline 0.001 -22"><span class='ocrx_word' id='word_1_210' title='bbox 375 2483 449 2528; x_wconf 90' lang='lat' dir='ltr'>rum</span> <span class='ocrx_word' id='word_1_211' title='bbox 468 2465 587 2527; x_wconf 87' lang='lat' dir='ltr'>vindici</span> <span class='ocrx_word' id='word_1_212' title='bbox 607 2472 802 2539; x_wconf 74' lang='lat' dir='ltr'>mactentur,</span> <span class='ocrx_word' id='word_1_213' title='bbox 823 2469 867 2529; x_wconf 84' lang='lat' dir='ltr'>ita</span> <span class='ocrx_word' id='word_1_214' title='bbox 884 2466 983 2529; x_wconf 80' lang='lat' dir='ltr'>Malu.</span> <span class='ocrx_word' id='word_1_215' title='bbox 1011 2467 1110 2531; x_wconf 86' lang='lat' dir='ltr'>Colm.</span> <span class='ocrx_word' id='word_1_216' title='bbox 1134 2469 1246 2546; x_wconf 84' lang='lat' dir='ltr'>Potr.,·</span> <span class='ocrx_word' id='word_1_217' title='bbox 1266 2471 1315 2531; x_wconf 86' lang='lat' dir='ltr'>vel</span> <span class='ocrx_word' id='word_1_218' title='bbox 1335 2470 1439 2530; x_wconf 90' lang='lat' dir='ltr'>solum</span> <span class='ocrx_word' id='word_1_219' title='bbox 1460 2468 1706 2548; x_wconf 89' lang='lat' dir='ltr'>comparationis</span> 
     </span>
     <span class='ocr_line' id='line_1_21' title="bbox 376 2563 1706 2646; baseline 0.001 -22"><span class='ocrx_word' id='word_1_220' title='bbox 376 2581 472 2625; x_wconf 88' lang='lat' dir='ltr'>causa</span> <span class='ocrx_word' id='word_1_221' title='bbox 489 2563 565 2626; x_wconf 92' lang='lat' dir='ltr'>addi</span> <span class='ocrx_word' id='word_1_222' title='bbox 583 2570 716 2626; x_wconf 88' lang='lat' dir='ltr'>censent</span> <span class='ocrx_word' id='word_1_223' title='bbox 735 2566 841 2628; x_wconf 91' lang='lat' dir='ltr'>:sicut</span> <span class='ocrx_word' id='word_1_224' title='bbox 860 2566 905 2626; x_wconf 92' lang='lat' dir='ltr'>sal</span> <span class='ocrx_word' id='word_1_225' title='bbox 923 2567 1076 2628; x_wconf 84' lang='lat' dir='ltr'>sacrificia</span> <span class='ocrx_word' id='word_1_226' title='bbox 1093 2572 1125 2628; x_wconf 91' lang='lat' dir='ltr'>et</span> <span class='ocrx_word' id='word_1_227' title='bbox 1145 2585 1255 2628; x_wconf 91' lang='lat' dir='ltr'>carnes</span> <span class='ocrx_word' id='word_1_228' title='bbox 1275 2573 1382 2628; x_wconf 85' lang='lat' dir='ltr'>tuetur</span> <span class='ocrx_word' id='word_1_229' title='bbox 1396 2585 1414 2626; x_wconf 91' lang='lat' dir='ltr'>a</span> <span class='ocrx_word' id='word_1_230' title='bbox 1429 2566 1643 2646; x_wconf 88' lang='lat' dir='ltr'>corruptione,</span> <span class='ocrx_word' id='word_1_231' title='bbox 1662 2566 1706 2625; x_wconf 88' lang='lat' dir='ltr'>ita</span> 
     </span>
     <span class='ocr_line' id='line_1_22' title="bbox 377 2654 1814 2742; baseline -0.001 -20"><span class='ocrx_word' id='word_1_232' title='bbox 377 2662 471 2722; x_wconf 90' lang='lat' dir='ltr'>etiam</span> <span class='ocrx_word' id='word_1_233' title='bbox 495 2661 585 2740; x_wconf 90' lang='lat' dir='ltr'>impii</span> <span class='ocrx_word' id='word_1_234' title='bbox 604 2662 677 2742; x_wconf 79' lang='lat' dir='ltr'>igne</span> <span class='ocrx_word' id='word_1_235' title='bbox 697 2663 853 2724; x_wconf 88' lang='lat' dir='ltr'>salientur</span> <span class='ocrx_word' id='word_1_236' title='bbox 871 2668 906 2724; x_wconf 93' lang='lat' dir='ltr'>ut</span> <span class='ocrx_word' id='word_1_237' title='bbox 925 2665 957 2741; x_wconf 86' lang='lat' dir='ltr'>in</span> <span class='ocrx_word' id='word_1_238' title='bbox 976 2669 1143 2726; x_wconf 89' lang='lat' dir='ltr'>aeternum</span> <span class='ocrx_word' id='word_1_239' title='bbox 1164 2665 1280 2726; x_wconf 90' lang='lat' dir='ltr'>durent</span> <span class='ocrx_word' id='word_1_240' title='bbox 1301 2664 1486 2742; x_wconf 86' lang='lat' dir='ltr'>torquendi;</span> <span class='ocrx_word' id='word_1_241' title='bbox 1503 2664 1584 2724; x_wconf 91' lang='lat' dir='ltr'>sicut</span> <span class='ocrx_word' id='word_1_242' title='bbox 1602 2663 1711 2723; x_wconf 88' lang='lat' dir='ltr'>omnis-</span> <span class='ocrx_word' id='word_1_243' title='bbox 1809 2654 1814 2659; x_wconf 74' lang='grc'><strong>’</strong></span> 
     </span>
     <span class='ocr_line' id='line_1_23' title="bbox 376 2750 1704 2844; baseline 0.001 -25"><span class='ocrx_word' id='word_1_244' title='bbox 376 2759 507 2820; x_wconf 87' lang='lat' dir='ltr'>victima</span> <span class='ocrx_word' id='word_1_245' title='bbox 525 2758 592 2821; x_wconf 92' lang='lat' dir='ltr'>sale</span> <span class='ocrx_word' id='word_1_246' title='bbox 611 2759 733 2831; x_wconf 90' lang='lat' dir='ltr'>salitur,</span> <span class='ocrx_word' id='word_1_247' title='bbox 750 2762 794 2821; x_wconf 90' lang='lat' dir='ltr'>ita</span> <span class='ocrx_word' id='word_1_248' title='bbox 809 2762 915 2822; x_wconf 89' lang='lat' dir='ltr'>omnis</span> <span class='ocrx_word' id='word_1_249' title='bbox 933 2750 1032 2844; x_wconf 84' lang='lat' dir='ltr'>homo</span> <span class='ocrx_word' id='word_1_250' title='bbox 1052 2763 1181 2824; x_wconf 86' lang='lat' dir='ltr'>victima</span> <span class='ocrx_word' id='word_1_251' title='bbox 1201 2764 1264 2824; x_wconf 92' lang='lat' dir='ltr'>irae</span> <span class='ocrx_word' id='word_1_252' title='bbox 1282 2764 1337 2823; x_wconf 86' lang='lat' dir='ltr'>Dei</span> <span class='ocrx_word' id='word_1_253' title='bbox 1359 2764 1399 2823; x_wconf 93' lang='lat' dir='ltr'>ob</span> <span class='ocrx_word' id='word_1_254' title='bbox 1421 2763 1617 2840; x_wconf 87' lang='lat' dir='ltr'>impietatem</span> <span class='ocrx_word' id='word_1_255' title='bbox 1633 2762 1704 2840; x_wconf 84' lang='lat' dir='ltr'>igno</span> 
     </span>
    </p>
   </div>
   <div class='ocr_carea' id='block_1_4' title="bbox 374 2854 1707 4994">
    <p class='ocr_par' dir='ltr' id='par_1_5' title="bbox 376 2854 1705 3525">
     <span class='ocr_line' id='line_1_24' title="bbox 376 2854 1701 2938; baseline -0.001 -20"><span class='ocrx_word' id='word_1_256' title='bbox 376 2857 506 2918; x_wconf 88' lang='lat' dir='ltr'>salietur</span> <span class='ocrx_word' id='word_1_257' title='bbox 519 2854 658 2938; x_wconf 72' lang='lat' dir='ltr'>(Lamp),</span> <span class='ocrx_word' id='word_1_258' title='bbox 679 2858 729 2919; x_wconf 87' lang='lat' dir='ltr'>vel</span> <span class='ocrx_word' id='word_1_259' title='bbox 744 2857 874 2919; x_wconf 88' lang='lat' dir='ltr'>demum</span> <span class='ocrx_word' id='word_1_260' title='bbox 894 2877 931 2920; x_wconf 91' lang='lat' dir='ltr'>ea</span> <span class='ocrx_word' id='word_1_261' title='bbox 950 2861 1107 2921; x_wconf 90' lang='lat' dir='ltr'>sententia</span> <span class='ocrx_word' id='word_1_262' title='bbox 1126 2866 1246 2922; x_wconf 92' lang='lat' dir='ltr'>sortem</span> <span class='ocrx_word' id='word_1_263' title='bbox 1268 2862 1425 2921; x_wconf 90' lang='lat' dir='ltr'>bonorum</span> <span class='ocrx_word' id='word_1_264' title='bbox 1445 2860 1580 2921; x_wconf 87' lang='lat' dir='ltr'>describi</span> <span class='ocrx_word' id='word_1_265' title='bbox 1596 2859 1701 2919; x_wconf 80' lang='lat' dir='ltr'>existi-</span> 
     </span>
     <span class='ocr_line' id='line_1_25' title="bbox 376 2955 1704 3035; baseline -0.001 -21"><span class='ocrx_word' id='word_1_266' title='bbox 376 2960 478 3027; x_wconf 91' lang='lat' dir='ltr'>mant,</span> <span class='ocrx_word' id='word_1_267' title='bbox 495 2955 538 3014; x_wconf 92' lang='lat' dir='ltr'>ita</span> <span class='ocrx_word' id='word_1_268' title='bbox 553 2959 590 3015; x_wconf 93' lang='lat' dir='ltr'>ut</span> <span class='ocrx_word' id='word_1_269' title='bbox 603 2955 757 3016; x_wconf 91' lang='lat' dir='ltr'>habeatur</span> <span class='ocrx_word' id='word_1_270' title='bbox 770 2955 931 3035; x_wconf 91' lang='lat' dir='ltr'>oppositio</span> <span class='ocrx_word' id='word_1_271' title='bbox 947 2957 985 3017; x_wconf 92' lang='lat' dir='ltr'>ad</span> <span class='ocrx_word' id='word_1_272' title='bbox 1003 2960 1187 3019; x_wconf 91' lang='lat' dir='ltr'>membrum</span> <span class='ocrx_word' id='word_1_273' title='bbox 1207 2959 1415 3031; x_wconf 90' lang='lat' dir='ltr'>antecedens;</span> <span class='ocrx_word' id='word_1_274' title='bbox 1433 2958 1511 3018; x_wconf 91' lang='lat' dir='ltr'>dum</span> <span class='ocrx_word' id='word_1_275' title='bbox 1531 2956 1597 3017; x_wconf 90' lang='lat' dir='ltr'>scil.</span> <span class='ocrx_word' id='word_1_276' title='bbox 1615 2955 1704 3034; x_wconf 91' lang='lat' dir='ltr'>impii</span> 
     </span>
     <span class='ocr_line' id='line_1_26' title="bbox 376 3052 1705 3136; baseline 0.001 -25"><span class='ocrx_word' id='word_1_277' title='bbox 376 3052 448 3132; x_wconf 81' lang='lat' dir='ltr'>igne</span> <span class='ocrx_word' id='word_1_278' title='bbox 464 3052 626 3126; x_wconf 88' lang='lat' dir='ltr'>salientur,</span> <span class='ocrx_word' id='word_1_279' title='bbox 638 3053 828 3114; x_wconf 80' lang='lat' dir='ltr'>sacrificium</span> <span class='ocrx_word' id='word_1_280' title='bbox 844 3054 920 3115; x_wconf 90' lang='lat' dir='ltr'>illud</span> <span class='ocrx_word' id='word_1_281' title='bbox 937 3056 1021 3134; x_wconf 91' lang='lat' dir='ltr'>quod</span> <span class='ocrx_word' id='word_1_282' title='bbox 1035 3056 1109 3116; x_wconf 92' lang='lat' dir='ltr'>boni</span> <span class='ocrx_word' id='word_1_283' title='bbox 1124 3057 1173 3118; x_wconf 94' lang='lat' dir='ltr'>sui</span> <span class='ocrx_word' id='word_1_284' title='bbox 1186 3057 1393 3136; x_wconf 86' lang='lat' dir='ltr'>abnegatione</span> <span class='ocrx_word' id='word_1_285' title='bbox 1408 3057 1552 3116; x_wconf 87' lang='lat' dir='ltr'>lecerunt</span> <span class='ocrx_word' id='word_1_286' title='bbox 1566 3053 1705 3114; x_wconf 89' lang='lat' dir='ltr'>manebit</span> 
     </span>
     <span class='ocr_line' id='line_1_27' title="bbox 376 3147 1704 3235; baseline -0.001 -26"><span class='ocrx_word' id='word_1_287' title='bbox 376 3166 484 3210; x_wconf 90' lang='lat' dir='ltr'>coram</span> <span class='ocrx_word' id='word_1_288' title='bbox 503 3151 569 3212; x_wconf 88' lang='lat' dir='ltr'>Deo</span> <span class='ocrx_word' id='word_1_289' title='bbox 586 3154 619 3211; x_wconf 94' lang='lat' dir='ltr'>et</span> <span class='ocrx_word' id='word_1_290' title='bbox 638 3147 767 3211; x_wconf 90' lang='lat' dir='ltr'>habebit</span> <span class='ocrx_word' id='word_1_291' title='bbox 786 3153 967 3213; x_wconf 90' lang='lat' dir='ltr'>mercedem</span> <span class='ocrx_word' id='word_1_292' title='bbox 985 3149 1124 3235; x_wconf 69' lang='grc'><strong>(8111111,</strong></span> <span class='ocrx_word' id='word_1_293' title='bbox 1147 3155 1210 3215; x_wconf 86' lang='lat' dir='ltr'>sale</span> <span class='ocrx_word' id='word_1_294' title='bbox 1229 3156 1312 3214; x_wconf 86' lang='lat' dir='ltr'>enim</span> <span class='ocrx_word' id='word_1_295' title='bbox 1333 3153 1410 3213; x_wconf 88' lang='lat' dir='ltr'>nibil</span> <span class='ocrx_word' id='word_1_296' title='bbox 1432 3153 1515 3213; x_wconf 83' lang='lat' dir='ltr'>aliud</span> <span class='ocrx_word' id='word_1_297' title='bbox 1537 3151 1704 3230; x_wconf 81' lang='lat' dir='ltr'>significari</span> 
     </span>
     <span class='ocr_line' id='line_1_28' title="bbox 377 3246 1703 3328; baseline 0.004 -21"><span class='ocrx_word' id='word_1_298' title='bbox 377 3247 437 3307; x_wconf 88' lang='lat' dir='ltr'>nisi</span> <span class='ocrx_word' id='word_1_299' title='bbox 453 3246 733 3326; x_wconf 89' lang='lat' dir='ltr'>incorruptionem,</span> <span class='ocrx_word' id='word_1_300' title='bbox 748 3251 1011 3328; x_wconf 86' lang='lat' dir='ltr'>permanentiam,</span> <span class='ocrx_word' id='word_1_301' title='bbox 1030 3256 1061 3311; x_wconf 90' lang='lat' dir='ltr'>et</span> <span class='ocrx_word' id='word_1_302' title='bbox 1076 3252 1265 3312; x_wconf 80' lang='lat' dir='ltr'>sacrificium</span> <span class='ocrx_word' id='word_1_303' title='bbox 1282 3270 1342 3311; x_wconf 93' lang='lat' dir='ltr'>non</span> <span class='ocrx_word' id='word_1_304' title='bbox 1355 3252 1487 3322; x_wconf 88' lang='lat' dir='ltr'>destrui,</span> <span class='ocrx_word' id='word_1_305' title='bbox 1506 3250 1560 3310; x_wconf 91' lang='lat' dir='ltr'>sed</span> <span class='ocrx_word' id='word_1_306' title='bbox 1576 3249 1703 3313; x_wconf 81' lang='lat' dir='ltr'>serrari.</span> 
     </span>
     <span class='ocr_line' id='line_1_29' title="bbox 377 3345 1705 3427; baseline 0 -22"><span class='ocrx_word' id='word_1_307' title='bbox 377 3362 505 3406; x_wconf 90' lang='lat' dir='ltr'>manere</span> <span class='ocrx_word' id='word_1_308' title='bbox 521 3349 555 3405; x_wconf 93' lang='lat' dir='ltr'>et</span> <span class='ocrx_word' id='word_1_309' title='bbox 566 3345 605 3405; x_wconf 94' lang='lat' dir='ltr'>ad</span> <span class='ocrx_word' id='word_1_310' title='bbox 620 3347 720 3407; x_wconf 85' lang='lat' dir='ltr'>Deum</span> <span class='ocrx_word' id='word_1_311' title='bbox 736 3346 931 3426; x_wconf 90' lang='lat' dir='ltr'>ascendere).</span> <span class='ocrx_word' id='word_1_312' title='bbox 949 3351 1011 3409; x_wconf 82' lang='lat' dir='ltr'>Aut</span> <span class='ocrx_word' id='word_1_313' title='bbox 1025 3349 1126 3420; x_wconf 88' lang='lat' dir='ltr'>aliter,</span> <span class='ocrx_word' id='word_1_314' title='bbox 1144 3350 1245 3410; x_wconf 89' lang='lat' dir='ltr'>bonos</span> <span class='ocrx_word' id='word_1_315' title='bbox 1268 3351 1330 3409; x_wconf 88' lang='lat' dir='ltr'>sale</span> <span class='ocrx_word' id='word_1_316' title='bbox 1350 3350 1466 3427; x_wconf 84' lang='lat' dir='ltr'>gratiae</span> <span class='ocrx_word' id='word_1_317' title='bbox 1485 3349 1522 3407; x_wconf 85' lang='lat' dir='ltr'>iri</span> <span class='ocrx_word' id='word_1_318' title='bbox 1544 3347 1705 3408; x_wconf 86' lang='lat' dir='ltr'>conditum</span> 
     </span>
     <span class='ocr_line' id='line_1_30' title="bbox 377 3440 1605 3525; baseline 0.001 -23"><span class='ocrx_word' id='word_1_319' title='bbox 377 3440 417 3502; x_wconf 92' lang='lat' dir='ltr'>ad</span> <span class='ocrx_word' id='word_1_320' title='bbox 432 3442 703 3521; x_wconf 89' lang='lat' dir='ltr'>incorruptionem</span> <span class='ocrx_word' id='word_1_321' title='bbox 715 3443 836 3522; x_wconf 79' lang='lat' dir='ltr'>gloriae</span> <span class='ocrx_word' id='word_1_322' title='bbox 852 3443 1035 3525; x_wconf 79' lang='lat' dir='ltr'>(Liqttsoot,</span> <span class='ocrx_word' id='word_1_323' title='bbox 1054 3449 1153 3508; x_wconf 87' lang='lat' dir='ltr'>llorae</span> <span class='ocrx_word' id='word_1_324' title='bbox 1171 3448 1259 3508; x_wconf 91' lang='lat' dir='ltr'>hebr.</span> <span class='ocrx_word' id='word_1_325' title='bbox 1277 3449 1314 3507; x_wconf 91' lang='lat' dir='ltr'>ad</span> <span class='ocrx_word' id='word_1_326' title='bbox 1331 3449 1361 3506; x_wconf 92' lang='grc'>11.</span> <span class='ocrx_word' id='word_1_327' title='bbox 1381 3447 1401 3505; x_wconf 95' lang='grc'>1.</span> <span class='ocrx_word' id='word_1_328' title='bbox 1421 3444 1480 3504; x_wconf 79' lang='lat' dir='ltr'>Fit.</span> <span class='ocrx_word' id='word_1_329' title='bbox 1501 3444 1605 3521; x_wconf 60' lang='lat' dir='ltr'>Coeli.</span> 
     </span>
    </p>

    <p class='ocr_par' dir='ltr' id='par_1_6' title="bbox 374 3539 1707 4994">
     <span class='ocr_line' id='line_1_31' title="bbox 416 3539 1706 3623; baseline 0.002 -23"><span class='ocrx_word' id='word_1_330' title='bbox 416 3539 478 3600; x_wconf 80' lang='lat' dir='ltr'>xlii</span> <span class='ocrx_word' id='word_1_331' title='bbox 492 3557 619 3619; x_wconf 92' lang='lat' dir='ltr'>quoque</span> <span class='ocrx_word' id='word_1_332' title='bbox 633 3543 822 3602; x_wconf 89' lang='lat' dir='ltr'>sententiam</span> <span class='ocrx_word' id='word_1_333' title='bbox 837 3541 877 3602; x_wconf 92' lang='lat' dir='ltr'>de</span> <span class='ocrx_word' id='word_1_334' title='bbox 892 3544 1021 3604; x_wconf 83' lang='lat' dir='ltr'>victima</span> <span class='ocrx_word' id='word_1_335' title='bbox 1034 3562 1127 3606; x_wconf 89' lang='lat' dir='ltr'>sensu</span> <span class='ocrx_word' id='word_1_336' title='bbox 1141 3546 1291 3606; x_wconf 90' lang='lat' dir='ltr'>translato</span> <span class='ocrx_word' id='word_1_337' title='bbox 1303 3548 1564 3623; x_wconf 86' lang='lat' dir='ltr'>interpretantur;</span> <span class='ocrx_word' id='word_1_338' title='bbox 1577 3560 1706 3603; x_wconf 90' lang='lat' dir='ltr'>omnem</span> 
     </span>
     <span class='ocr_line' id='line_1_32' title="bbox 376 3638 1705 3720; baseline 0.002 -22"><span class='ocrx_word' id='word_1_339' title='bbox 376 3641 481 3700; x_wconf 90' lang='lat' dir='ltr'>actum</span> <span class='ocrx_word' id='word_1_340' title='bbox 497 3638 617 3699; x_wconf 90' lang='lat' dir='ltr'>bonum</span> <span class='ocrx_word' id='word_1_341' title='bbox 636 3655 705 3700; x_wconf 90' lang='lat' dir='ltr'>esse</span> <span class='ocrx_word' id='word_1_342' title='bbox 725 3639 791 3699; x_wconf 90' lang='lat' dir='ltr'>sale</span> <span class='ocrx_word' id='word_1_343' title='bbox 811 3640 884 3701; x_wconf 90' lang='lat' dir='ltr'>tidei</span> <span class='ocrx_word' id='word_1_344' title='bbox 903 3645 935 3701; x_wconf 93' lang='lat' dir='ltr'>et</span> <span class='ocrx_word' id='word_1_345' title='bbox 953 3641 1135 3704; x_wconf 91' lang='lat' dir='ltr'>dilectionis</span> <span class='ocrx_word' id='word_1_346' title='bbox 1153 3644 1368 3704; x_wconf 88' lang='lat' dir='ltr'>condiendum</span> <span class='ocrx_word' id='word_1_347' title='bbox 1390 3641 1500 3720; x_wconf 80' lang='lat' dir='ltr'>(Eutlr.</span> <span class='ocrx_word' id='word_1_348' title='bbox 1531 3640 1631 3717; x_wconf 67' lang='lat' dir='ltr'>liet),</span> <span class='ocrx_word' id='word_1_349' title='bbox 1649 3658 1705 3701; x_wconf 90' lang='lat' dir='ltr'>nos</span> 
     </span>
     <span class='ocr_line' id='line_1_33' title="bbox 376 3734 1704 3822; baseline 0.002 -27"><span class='ocrx_word' id='word_1_350' title='bbox 376 3734 493 3796; x_wconf 88' lang='lat' dir='ltr'>debere</span> <span class='ocrx_word' id='word_1_351' title='bbox 511 3737 577 3797; x_wconf 86' lang='lat' dir='ltr'>Deo</span> <span class='ocrx_word' id='word_1_352' title='bbox 601 3736 716 3798; x_wconf 77' lang='lat' dir='ltr'>offerre</span> <span class='ocrx_word' id='word_1_353' title='bbox 738 3737 884 3798; x_wconf 83' lang='lat' dir='ltr'>victimas</span> <span class='ocrx_word' id='word_1_354' title='bbox 908 3745 1035 3817; x_wconf 78' lang='lat' dir='ltr'>vegetas</span> <span class='ocrx_word' id='word_1_355' title='bbox 1057 3745 1089 3800; x_wconf 92' lang='lat' dir='ltr'>et</span> <span class='ocrx_word' id='word_1_356' title='bbox 1107 3746 1211 3819; x_wconf 78' lang='lat' dir='ltr'>gratas</span> <span class='ocrx_word' id='word_1_357' title='bbox 1231 3739 1410 3822; x_wconf 65' lang='lat' dir='ltr'>(Turoqua),</span> <span class='ocrx_word' id='word_1_358' title='bbox 1435 3757 1630 3818; x_wconf 88' lang='lat' dir='ltr'>quemquam</span> <span class='ocrx_word' id='word_1_359' title='bbox 1650 3740 1704 3816; x_wconf 90' lang='lat' dir='ltr'>qui</span> 
     </span>
     <span class='ocr_line' id='line_1_34' title="bbox 376 3832 1706 3918; baseline 0.004 -26"><span class='ocrx_word' id='word_1_360' title='bbox 376 3833 454 3894; x_wconf 86' lang='lat' dir='ltr'>velit</span> <span class='ocrx_word' id='word_1_361' title='bbox 468 3850 536 3894; x_wconf 91' lang='lat' dir='ltr'>esse</span> <span class='ocrx_word' id='word_1_362' title='bbox 554 3832 682 3894; x_wconf 90' lang='lat' dir='ltr'>victima</span> <span class='ocrx_word' id='word_1_363' title='bbox 697 3835 824 3895; x_wconf 85' lang='lat' dir='ltr'>Domini</span> <span class='ocrx_word' id='word_1_364' title='bbox 845 3836 1017 3914; x_wconf 91' lang='lat' dir='ltr'>spiritualis</span> <span class='ocrx_word' id='word_1_365' title='bbox 1033 3839 1096 3899; x_wconf 87' lang='lat' dir='ltr'>Deo</span> <span class='ocrx_word' id='word_1_366' title='bbox 1113 3845 1217 3918; x_wconf 79' lang='lat' dir='ltr'>grata,</span> <span class='ocrx_word' id='word_1_367' title='bbox 1233 3841 1298 3900; x_wconf 90' lang='lat' dir='ltr'>sale</span> <span class='ocrx_word' id='word_1_368' title='bbox 1319 3840 1492 3917; x_wconf 87' lang='lat' dir='ltr'>sapientiae</span> <span class='ocrx_word' id='word_1_369' title='bbox 1508 3838 1706 3916; x_wconf 79' lang='lat' dir='ltr'>evangelicae</span> 
     </span>
     <span class='ocr_line' id='line_1_35' title="bbox 377 3930 1703 4015; baseline 0.003 -26"><span class='ocrx_word' id='word_1_370' title='bbox 377 3947 446 3992; x_wconf 90' lang='lat' dir='ltr'>esse</span> <span class='ocrx_word' id='word_1_371' title='bbox 467 3930 697 4004; x_wconf 91' lang='lat' dir='ltr'>condiendum,</span> <span class='ocrx_word' id='word_1_372' title='bbox 720 3937 755 3993; x_wconf 92' lang='lat' dir='ltr'>ut</span> <span class='ocrx_word' id='word_1_373' title='bbox 770 3933 809 3993; x_wconf 90' lang='lat' dir='ltr'>ab</span> <span class='ocrx_word' id='word_1_374' title='bbox 829 3934 917 3994; x_wconf 88' lang='lat' dir='ltr'>omui</span> <span class='ocrx_word' id='word_1_375' title='bbox 932 3936 1135 4013; x_wconf 89' lang='lat' dir='ltr'>corruptione</span> <span class='ocrx_word' id='word_1_376' title='bbox 1155 3938 1305 3997; x_wconf 89' lang='lat' dir='ltr'>vitiorum</span> <span class='ocrx_word' id='word_1_377' title='bbox 1321 3943 1516 4015; x_wconf 84' lang='lat' dir='ltr'>expurgetur</span> <span class='ocrx_word' id='word_1_378' title='bbox 1529 3933 1617 4014; x_wconf 76' lang='grc'><strong>111111.</strong></span> <span class='ocrx_word' id='word_1_379' title='bbox 1635 3933 1703 3993; x_wconf 80' lang='lat' dir='ltr'>All.</span> 
     </span>
     <span class='ocr_line' id='line_1_36' title="bbox 378 4025 1707 4110; baseline 0.002 -21"><span class='ocrx_word' id='word_1_380' title='bbox 378 4025 574 4101; x_wconf 69' lang='grc'><strong>01111111.</strong></span> <span class='ocrx_word' id='word_1_381' title='bbox 590 4029 676 4102; x_wconf 88' lang='lat' dir='ltr'>Quae</span> <span class='ocrx_word' id='word_1_382' title='bbox 696 4030 829 4108; x_wconf 91' lang='lat' dir='ltr'>quidem</span> <span class='ocrx_word' id='word_1_383' title='bbox 847 4032 1069 4110; x_wconf 90' lang='lat' dir='ltr'>applicationis</span> <span class='ocrx_word' id='word_1_384' title='bbox 1087 4052 1184 4095; x_wconf 87' lang='lat' dir='ltr'>causa</span> <span class='ocrx_word' id='word_1_385' title='bbox 1197 4052 1291 4095; x_wconf 88' lang='lat' dir='ltr'>sensu</span> <span class='ocrx_word' id='word_1_386' title='bbox 1305 4033 1543 4096; x_wconf 87' lang='lat' dir='ltr'>accommodato</span> <span class='ocrx_word' id='word_1_387' title='bbox 1558 4033 1617 4093; x_wconf 89' lang='lat' dir='ltr'>dici</span> <span class='ocrx_word' id='word_1_388' title='bbox 1635 4049 1707 4110; x_wconf 94' lang='lat' dir='ltr'>pos-</span> 
     </span>
     <span class='ocr_line' id='line_1_37' title="bbox 375 4127 1707 4209; baseline 0.004 -23"><span class='ocrx_word' id='word_1_389' title='bbox 375 4128 460 4186; x_wconf 91' lang='lat' dir='ltr'>suut.</span> <span class='ocrx_word' id='word_1_390' title='bbox 475 4128 516 4188; x_wconf 79' lang='lat' dir='ltr'>At</span> <span class='ocrx_word' id='word_1_391' title='bbox 534 4127 630 4189; x_wconf 88' lang='lat' dir='ltr'>verba</span> <span class='ocrx_word' id='word_1_392' title='bbox 648 4144 687 4188; x_wconf 92' lang='lat' dir='ltr'>ea</span> <span class='ocrx_word' id='word_1_393' title='bbox 705 4145 802 4189; x_wconf 88' lang='lat' dir='ltr'>sensu</span> <span class='ocrx_word' id='word_1_394' title='bbox 821 4129 950 4209; x_wconf 89' lang='lat' dir='ltr'>proprio</span> <span class='ocrx_word' id='word_1_395' title='bbox 973 4131 1139 4192; x_wconf 91' lang='lat' dir='ltr'>retinenda</span> <span class='ocrx_word' id='word_1_396' title='bbox 1159 4137 1244 4192; x_wconf 88' lang='lat' dir='ltr'>sunt.</span> <span class='ocrx_word' id='word_1_397' title='bbox 1268 4134 1404 4193; x_wconf 84' lang='lat' dir='ltr'>Allertur</span> <span class='ocrx_word' id='word_1_398' title='bbox 1420 4132 1504 4192; x_wconf 91' lang='lat' dir='ltr'>enim</span> <span class='ocrx_word' id='word_1_399' title='bbox 1524 4132 1601 4209; x_wconf 82' lang='lat' dir='ltr'>legis</span> <span class='ocrx_word' id='word_1_400' title='bbox 1621 4148 1707 4209; x_wconf 91' lang='lat' dir='ltr'>prae-</span> 
     </span>
     <span class='ocr_line' id='line_1_38' title="bbox 374 4227 1703 4305; baseline 0.003 -21"><span class='ocrx_word' id='word_1_401' title='bbox 374 4227 519 4303; x_wconf 92' lang='lat' dir='ltr'>ceptum,</span> <span class='ocrx_word' id='word_1_402' title='bbox 544 4229 583 4285; x_wconf 91' lang='lat' dir='ltr'>ut</span> <span class='ocrx_word' id='word_1_403' title='bbox 603 4243 641 4287; x_wconf 92' lang='lat' dir='ltr'>eo</span> <span class='ocrx_word' id='word_1_404' title='bbox 665 4231 834 4305; x_wconf 88' lang='lat' dir='ltr'>praecepto</span> <span class='ocrx_word' id='word_1_405' title='bbox 854 4229 1013 4289; x_wconf 89' lang='lat' dir='ltr'>sententia</span> <span class='ocrx_word' id='word_1_406' title='bbox 1034 4230 1225 4290; x_wconf 89' lang='lat' dir='ltr'>antecedens</span> <span class='ocrx_word' id='word_1_407' title='bbox 1251 4229 1425 4291; x_wconf 81' lang='lat' dir='ltr'>illustretur</span> <span class='ocrx_word' id='word_1_408' title='bbox 1449 4247 1485 4289; x_wconf 86' lang='lat' dir='ltr'>ac</span> <span class='ocrx_word' id='word_1_409' title='bbox 1507 4228 1703 4299; x_wconf 73' lang='lat' dir='ltr'>declaretur,</span> 
     </span>
     <span class='ocr_line' id='line_1_39' title="bbox 376 4323 1706 4406; baseline 0.003 -23"><span class='ocrx_word' id='word_1_410' title='bbox 376 4339 450 4402; x_wconf 84' lang='lat' dir='ltr'>ergo</span> <span class='ocrx_word' id='word_1_411' title='bbox 466 4327 671 4401; x_wconf 89' lang='lat' dir='ltr'>praeceptum</span> <span class='ocrx_word' id='word_1_412' title='bbox 691 4324 771 4402; x_wconf 79' lang='lat' dir='ltr'>legis</span> <span class='ocrx_word' id='word_1_413' title='bbox 791 4323 939 4387; x_wconf 93' lang='lat' dir='ltr'>hocloco</span> <span class='ocrx_word' id='word_1_414' title='bbox 960 4331 995 4386; x_wconf 95' lang='lat' dir='ltr'>ut</span> <span class='ocrx_word' id='word_1_415' title='bbox 1013 4327 1074 4387; x_wconf 93' lang='lat' dir='ltr'>tale</span> <span class='ocrx_word' id='word_1_416' title='bbox 1097 4328 1271 4389; x_wconf 87' lang='lat' dir='ltr'>retineatur</span> <span class='ocrx_word' id='word_1_417' title='bbox 1290 4335 1425 4406; x_wconf 80' lang='lat' dir='ltr'>oportet.</span> <span class='ocrx_word' id='word_1_418' title='bbox 1447 4327 1550 4398; x_wconf 88' lang='lat' dir='ltr'>Ouare</span> <span class='ocrx_word' id='word_1_419' title='bbox 1572 4326 1706 4387; x_wconf 91' lang='lat' dir='ltr'>multum</span> 
     </span>
     <span class='ocr_line' id='line_1_40' title="bbox 375 4420 1704 4504; baseline 0.002 -23"><span class='ocrx_word' id='word_1_420' title='bbox 375 4420 523 4481; x_wconf 90' lang='lat' dir='ltr'>aberrant</span> <span class='ocrx_word' id='word_1_421' title='bbox 537 4420 592 4499; x_wconf 89' lang='lat' dir='ltr'>qui</span> <span class='ocrx_word' id='word_1_422' title='bbox 609 4420 768 4500; x_wconf 75' lang='lat' dir='ltr'>explicent</span> <span class='ocrx_word' id='word_1_423' title='bbox 783 4421 821 4482; x_wconf 92' lang='lat' dir='ltr'>de</span> <span class='ocrx_word' id='word_1_424' title='bbox 840 4423 980 4483; x_wconf 88' lang='lat' dir='ltr'>victimis</span> <span class='ocrx_word' id='word_1_425' title='bbox 992 4425 1061 4484; x_wconf 85' lang='lat' dir='ltr'>&#39;irae</span> <span class='ocrx_word' id='word_1_426' title='bbox 1081 4427 1217 4486; x_wconf 89' lang='lat' dir='ltr'>Domini.</span> <span class='ocrx_word' id='word_1_427' title='bbox 1238 4429 1344 4504; x_wconf 81' lang='lat' dir='ltr'>Neque</span> <span class='ocrx_word' id='word_1_428' title='bbox 1361 4426 1474 4487; x_wconf 85' lang='lat' dir='ltr'>sufficit</span> <span class='ocrx_word' id='word_1_429' title='bbox 1489 4442 1618 4485; x_wconf 88' lang='lat' dir='ltr'>monere</span> <span class='ocrx_word' id='word_1_430' title='bbox 1633 4441 1704 4485; x_wconf 92' lang='lat' dir='ltr'>cum</span> 
     </span>
     <span class='ocr_line' id='line_1_41' title="bbox 377 4515 1704 4601; baseline 0.004 -23"><span class='ocrx_word' id='word_1_431' title='bbox 377 4515 475 4578; x_wconf 86' lang='lat' dir='ltr'>Mald.</span> <span class='ocrx_word' id='word_1_432' title='bbox 495 4519 623 4596; x_wconf 90' lang='lat' dir='ltr'>eosqui</span> <span class='ocrx_word' id='word_1_433' title='bbox 642 4519 739 4579; x_wconf 80' lang='lat' dir='ltr'>alteo</span> <span class='ocrx_word' id='word_1_434' title='bbox 756 4521 928 4599; x_wconf 90' lang='lat' dir='ltr'>punientur</span> <span class='ocrx_word' id='word_1_435' title='bbox 943 4523 1069 4601; x_wconf 90' lang='lat' dir='ltr'>saepius</span> <span class='ocrx_word' id='word_1_436' title='bbox 1088 4525 1193 4584; x_wconf 84' lang='lat' dir='ltr'>vocari</span> <span class='ocrx_word' id='word_1_437' title='bbox 1210 4525 1357 4584; x_wconf 81' lang='lat' dir='ltr'>victimas</span> <span class='ocrx_word' id='word_1_438' title='bbox 1374 4525 1424 4600; x_wconf 74' lang='lat' dir='ltr'>tls.</span> <span class='ocrx_word' id='word_1_439' title='bbox 1446 4525 1528 4594; x_wconf 68' lang='lat' dir='ltr'>did.</span> <span class='ocrx_word' id='word_1_440' title='bbox 1547 4523 1602 4583; x_wconf 87' lang='lat' dir='ltr'>ler.</span> <span class='ocrx_word' id='word_1_441' title='bbox 1621 4523 1704 4592; x_wconf 58' lang='lat'>123:</span> 
     </span>
     <span class='ocr_line' id='line_1_42' title="bbox 377 4617 1707 4700; baseline 0.002 -23"><span class='ocrx_word' id='word_1_442' title='bbox 377 4617 484 4689; x_wconf 79' lang='lat'>46,10;</span> <span class='ocrx_word' id='word_1_443' title='bbox 506 4618 609 4690; x_wconf 75' lang='lat' dir='ltr'>5l,t⁰.</span> <span class='ocrx_word' id='word_1_444' title='bbox 628 4618 676 4676; x_wconf 88' lang='lat' dir='ltr'>Ez.</span> <span class='ocrx_word' id='word_1_445' title='bbox 693 4618 775 4689; x_wconf 62' lang='lat' dir='ltr'>aaa.</span> <span class='ocrx_word' id='word_1_446' title='bbox 798 4621 851 4692; x_wconf 78' lang='lat'>10;</span> <span class='ocrx_word' id='word_1_447' title='bbox 871 4621 995 4700; x_wconf 81' lang='grc'><strong>39,17);</strong></span> <span class='ocrx_word' id='word_1_448' title='bbox 1013 4627 1122 4682; x_wconf 91' lang='lat' dir='ltr'>nostro</span> <span class='ocrx_word' id='word_1_449' title='bbox 1140 4623 1259 4700; x_wconf 89' lang='lat' dir='ltr'>quippe</span> <span class='ocrx_word' id='word_1_450' title='bbox 1279 4624 1348 4682; x_wconf 86' lang='lat' dir='ltr'>loco</span> <span class='ocrx_word' id='word_1_451' title='bbox 1368 4622 1447 4682; x_wconf 90' lang='lat' dir='ltr'>nibil</span> <span class='ocrx_word' id='word_1_452' title='bbox 1472 4620 1558 4680; x_wconf 88' lang='lat' dir='ltr'>aliud</span> <span class='ocrx_word' id='word_1_453' title='bbox 1579 4620 1707 4680; x_wconf 89' lang='lat' dir='ltr'>allertur·</span> 
     </span>
     <span class='ocr_line' id='line_1_43' title="bbox 378 4713 1707 4799; baseline 0.003 -25"><span class='ocrx_word' id='word_1_454' title='bbox 378 4714 440 4774; x_wconf 85' lang='lat' dir='ltr'>nisi</span> <span class='ocrx_word' id='word_1_455' title='bbox 456 4713 534 4776; x_wconf 91' lang='lat' dir='ltr'>illud</span> <span class='ocrx_word' id='word_1_456' title='bbox 549 4715 629 4795; x_wconf 82' lang='lat' dir='ltr'>legis</span> <span class='ocrx_word' id='word_1_457' title='bbox 646 4721 851 4794; x_wconf 89' lang='lat' dir='ltr'>praeceptum</span> <span class='ocrx_word' id='word_1_458' title='bbox 867 4719 940 4778; x_wconf 88' lang='lat' dir='ltr'>Lev.</span> <span class='ocrx_word' id='word_1_459' title='bbox 957 4721 1043 4791; x_wconf 74' lang='lat'>2‚13;</span> <span class='ocrx_word' id='word_1_460' title='bbox 1059 4737 1133 4799; x_wconf 86' lang='lat' dir='ltr'>ergo</span> <span class='ocrx_word' id='word_1_461' title='bbox 1150 4721 1278 4781; x_wconf 83' lang='lat' dir='ltr'>victima</span> <span class='ocrx_word' id='word_1_462' title='bbox 1299 4740 1336 4781; x_wconf 83' lang='lat' dir='ltr'>co</span> <span class='ocrx_word' id='word_1_463' title='bbox 1356 4739 1449 4781; x_wconf 88' lang='lat' dir='ltr'>sensu</span> <span class='ocrx_word' id='word_1_464' title='bbox 1470 4719 1598 4780; x_wconf 87' lang='lat' dir='ltr'>retineri</span> <span class='ocrx_word' id='word_1_465' title='bbox 1616 4718 1707 4778; x_wconf 85' lang='lat' dir='ltr'>debet</span> 
     </span>
     <span class='ocr_line' id='line_1_44' title="bbox 379 4812 1706 4898; baseline 0.001 -24"><span class='ocrx_word' id='word_1_466' title='bbox 379 4829 443 4891; x_wconf 94' lang='lat' dir='ltr'>quo</span> <span class='ocrx_word' id='word_1_467' title='bbox 467 4812 512 4874; x_wconf 93' lang='lat' dir='ltr'>ibi</span> <span class='ocrx_word' id='word_1_468' title='bbox 532 4813 674 4891; x_wconf 88' lang='lat' dir='ltr'>ponitur.</span> <span class='ocrx_word' id='word_1_469' title='bbox 698 4813 787 4876; x_wconf 90' lang='lat' dir='ltr'>Unde</span> <span class='ocrx_word' id='word_1_470' title='bbox 807 4816 907 4877; x_wconf 91' lang='lat' dir='ltr'>multo</span> <span class='ocrx_word' id='word_1_471' title='bbox 936 4816 1044 4877; x_wconf 93' lang='lat' dir='ltr'>minus</span> <span class='ocrx_word' id='word_1_472' title='bbox 1066 4819 1213 4898; x_wconf 86' lang='lat' dir='ltr'>explicari</span> <span class='ocrx_word' id='word_1_473' title='bbox 1237 4826 1340 4898; x_wconf 83' lang='lat' dir='ltr'>potest</span> <span class='ocrx_word' id='word_1_474' title='bbox 1362 4836 1457 4880; x_wconf 86' lang='lat' dir='ltr'>sensu</span> <span class='ocrx_word' id='word_1_475' title='bbox 1478 4817 1629 4877; x_wconf 86' lang='lat' dir='ltr'>translato</span> <span class='ocrx_word' id='word_1_476' title='bbox 1653 4816 1706 4893; x_wconf 88' lang='lat' dir='ltr'>qui</span> 
     </span>
     <span class='ocr_line' id='line_1_45' title="bbox 380 4910 1023 4994; baseline 0.006 -22"><span class='ocrx_word' id='word_1_477' title='bbox 380 4910 477 4972; x_wconf 91' lang='lat' dir='ltr'>simul</span> <span class='ocrx_word' id='word_1_478' title='bbox 488 4911 530 4971; x_wconf 89' lang='lat' dir='ltr'>sit</span> <span class='ocrx_word' id='word_1_479' title='bbox 544 4913 709 4991; x_wconf 89' lang='lat' dir='ltr'>oppositus</span> <span class='ocrx_word' id='word_1_480' title='bbox 722 4914 902 4975; x_wconf 90' lang='lat' dir='ltr'>sententiae</span> <span class='ocrx_word' id='word_1_481' title='bbox 915 4915 1023 4994; x_wconf 91' lang='lat' dir='ltr'>priori.</span> 
     </span>
    </p>
   </div>
   <div class='ocr_carea' id='block_1_5' title="bbox 419 5007 1709 5165">
    <p class='ocr_par' dir='ltr' id='par_1_7' title="bbox 419 5007 1709 5165">
     <span class='ocr_line' id='line_1_46' title="bbox 419 5007 1709 5093; baseline 0.003 -24"><span class='ocrx_word' id='word_1_482' title='bbox 419 5007 481 5070; x_wconf 80' lang='lat' dir='ltr'>Alii</span> <span class='ocrx_word' id='word_1_483' title='bbox 496 5007 635 5090; x_wconf 91' lang='lat' dir='ltr'>denique</span> <span class='ocrx_word' id='word_1_484' title='bbox 647 5028 678 5072; x_wconf 78' lang='lat' dir='ltr'>r.</span> <span class='ocrx_word' id='word_1_485' title='bbox 694 5011 903 5090; x_wconf 77' lang='lat' dir='ltr'>ldaccipiunt</span> <span class='ocrx_word' id='word_1_486' title='bbox 913 5012 954 5074; x_wconf 94' lang='lat' dir='ltr'>de</span> <span class='ocrx_word' id='word_1_487' title='bbox 967 5014 1108 5093; x_wconf 88' lang='lat' dir='ltr'>utrisque</span> <span class='ocrx_word' id='word_1_488' title='bbox 1121 5017 1229 5091; x_wconf 87' lang='lat' dir='ltr'>simul,</span> <span class='ocrx_word' id='word_1_489' title='bbox 1243 5017 1282 5079; x_wconf 92' lang='lat' dir='ltr'>de</span> <span class='ocrx_word' id='word_1_490' title='bbox 1296 5017 1387 5079; x_wconf 88' lang='lat' dir='ltr'>bonis</span> <span class='ocrx_word' id='word_1_491' title='bbox 1400 5021 1432 5078; x_wconf 89' lang='lat' dir='ltr'>ct</span> <span class='ocrx_word' id='word_1_492' title='bbox 1446 5018 1547 5087; x_wconf 87' lang='lat' dir='ltr'>malis,</span> <span class='ocrx_word' id='word_1_493' title='bbox 1563 5017 1605 5078; x_wconf 91' lang='lat' dir='ltr'>ita</span> <span class='ocrx_word' id='word_1_494' title='bbox 1615 5020 1649 5076; x_wconf 94' lang='lat' dir='ltr'>ut</span> <span class='ocrx_word' id='word_1_495' title='bbox 1663 5013 1709 5074; x_wconf 88' lang='lat' dir='ltr'>di-</span> 
     </span>
     <span class='ocr_line' id='line_1_47' title="bbox 827 5109 1255 5165; baseline 0.007 -7"><span class='ocrx_word' id='word_1_496' title='bbox 827 5109 1012 5161; x_wconf 76' lang='lat' dir='ltr'>Krrnrrtuuxn</span> <span class='ocrx_word' id='word_1_497' title='bbox 1026 5123 1053 5162; x_wconf 83' lang='grc'>111</span> <span class='ocrx_word' id='word_1_498' title='bbox 1068 5113 1152 5164; x_wconf 70' lang='lat' dir='ltr'>Hauc.</span> <span class='ocrx_word' id='word_1_499' title='bbox 1170 5141 1200 5151; x_wconf 96' lang='lat'>-</span> <span class='ocrx_word' id='word_1_500' title='bbox 1220 5119 1255 5165; x_wconf 83' lang='grc'>17.</span> 
     </span>
    </p>
   </div>
   <div class='ocr_carea' id='block_1_6' title="bbox 0 0 1985 5652">
    <p class='ocr_par' dir='ltr' id='par_1_8' title="bbox 0 0 1985 5652">
     <span class='ocr_line' id='line_1_48' title="bbox 0 0 1985 5652; baseline 0 0"><span class='ocrx_word' id='word_1_501' title='bbox 0 0 1985 5652; x_wconf 95' lang='lat' dir='ltr'> </span> 
     </span>
    </p>
   </div>
  </div>
 </body>
</html>
