3960 5654
170 523 229 582 tta
697 535 799 587 isaac:
813 528 843 598 5,
868 525 972 582 tt-tt.

213 679 292 744 Eius
316 676 365 743 rei
387 693 504 739 rumor
524 673 636 740 statim
656 677 883 766 spargebatur
904 695 965 761 per
986 677 1160 762 regionem
1182 696 1213 740 v.
1243 682 1282 743 tt
1302 673 1365 766 qui
1380 685 1495 739 aretem

164 783 350 873 pascebant
369 800 423 844 ros
439 779 602 869 fregerunt
623 796 656 848 et
679 785 921 849 atentz'ucertmt
944 780 980 846 in
1002 783 1172 849 ciuitatem
1193 793 1226 846 et
1245 782 1281 847 in
1298 803 1413 871 aqros,
1434 802 1496 868 per

168 891 288 958 urbem
302 895 335 953 et
347 907 408 974 per
423 908 528 974 pagos
540 895 574 954 et
589 891 681 955 vicos
694 911 765 954 rem
779 887 997 970 nuntiarunt;
1019 887 1108 978 ἀγροί
1125 889 1223 979 pagi,
1241 891 1321 973 vici,
1336 890 1379 956 cf.
1394 893 1492 956 llarc.

170 1003 261 1078 6,36.
286 999 363 1060 Luc.
388 999 485 1075 9,12;
510 995 544 1060 in
568 996 642 1060 loco
668 995 831 1082 parallelo
855 999 934 1060 Luc.
961 1000 1040 1077 8,3t
1061 998 1228 1084 interpres
1242 990 1282 1069 εἰς
1301 993 1371 1069 τοὺς
1388 992 1496 1084 ἀγρούς

163 1101 312 1170 reddidit
326 1101 362 1164 in
373 1101 488 1177 villas·
503 1116 536 1168 et
551 1100 676 1189 eqressi
687 1114 766 1166 sunt
780 1124 818 1167 ex
836 1100 921 1165 urbe
937 1107 969 1167 et
989 1126 1027 1168 ex
1045 1103 1143 1193 pagis
1155 1101 1274 1166 vicinis
1291 1101 1497 1192 viderequid

165 1220 249 1276 esset
257 1208 403 1294 suctum.
416 1213 589 1274 Pastorum
604 1212 695 1273 certe
711 1207 1024 1274 maximcintererat
1034 1209 1126 1275 heris
1137 1229 1319 1296 porcorum
1328 1211 1495 1275 rationem

167 1313 311 1381 reddere
328 1315 371 1381 de
383 1336 501 1380 eorum
517 1313 656 1378 interitu
675 1314 724 1380 ita
739 1322 776 1380 ut
794 1335 816 1378 a
833 1335 867 1379 se
887 1335 1024 1381 omnem
1043 1320 1234 1380 averterent
1249 1314 1398 1402 culpam.
1412 1319 1495 1382 eum

166 1421 273 1508 igitur
288 1421 323 1487 in
339 1421 460 1487 urbem
477 1425 510 1486 et
524 1419 559 1483 iu
573 1439 681 1507 pagos
691 1425 866 1486 currerent
885 1443 958 1487 rem
972 1422 1159 1501 narraturi,
1174 1444 1214 1489 eo
1226 1423 1300 1510 ipso
1315 1420 1497 1487 ostendunt

163 1550 285 1617 porcos
294 1528 484 1595 incolarum
498 1524 592 1591 urbis
603 1531 638 1591 et
649 1547 818 1614 pagorum
833 1549 914 1594 suae
928 1549 1030 1594 curae
1039 1526 1140 1594 fuisse
1149 1527 1355 1594 commissos.
1373 1529 1497 1593 Putant

168 1634 276 1724 aliqui
301 1632 428 1722 (Bleelr)
454 1653 636 1697 numerum
660 1633 807 1700 duorum
833 1634 978 1700 millium
1011 1654 1082 1700 esse
1104 1633 1286 1701 traditione
1311 1633 1497 1723 posteriore

166 1741 356 1831 plurimum
374 1743 634 1826 exaggeratum
652 1761 770 1805 verum
787 1739 823 1805 hi
840 1762 908 1806 non
928 1740 1048 1827 legisse
1064 1739 1223 1807 videntur
1239 1746 1299 1806 aut
1312 1763 1381 1808 non
1394 1741 1496 1807 intel·

163 1847 280 1915 lesisse
297 1869 329 1911 v.
353 1850 406 1914 tt.
427 1851 574 1913 Pastores
592 1845 683 1911 heris
704 1853 945 1935 persuaserunt
963 1854 1001 1912 ut
1014 1847 1078 1936 ipsi
1091 1847 1248 1914 venirent
1261 1851 1296 1913 et
1311 1869 1383 1913 rem
1403 1848 1497 1913 inve-

166 1956 350 2041 stigarent;
361 1953 418 2019 alii
431 1952 546 2032 multi,
559 1957 596 2017 ut
606 1952 681 2018 lieri
696 1952 790 2032 solet,
805 1954 853 2018 rei
866 1955 1015 2020 novitate
1028 1958 1062 2019 et
1073 1953 1268 2020 curiositate
1278 1952 1493 2034 alliciuntur;

165 2083 198 2127 v.
222 2069 260 2128 15
279 2073 312 2126 et
328 2060 470 2126 veniunt
492 2057 540 2125 ad
556 2060 668 2125 lesum
687 2071 720 2125 et
738 2059 852 2125 vident
872 2059 971 2126 illum
990 2059 1053 2149 qui
1072 2083 1094 2126 α
1113 2059 1290 2127 doemonio
1309 2059 1496 2126 vexabatur

162 2166 349 2250 sedentem,
361 2167 516 2233 vestitum
523 2185 536 2247 ;
549 2171 649 2232 antea
661 2167 769 2253 igitur
782 2188 860 2232 eum
874 2189 916 2233 ne
932 2167 1132 2234 vestimenta
1143 2167 1284 2256 quidem
1301 2166 1495 2233 sustinuisse

165 2275 347 2355 indicatur,
360 2273 496 2362 idquod
505 2279 579 2362 post
592 2295 730 2361 eaquae
747 2296 779 2338 v.
793 2281 824 2340 t.
836 2281 854 2340 5
864 2273 956 2339 dicta
967 2278 1047 2340 sunt
1057 2273 1196 2340 minime
1209 2276 1335 2340 mirum
1346 2272 1491 2353 videtur;

163 2388 239 2450 Luc.
262 2387 342 2463 8,Ξῖ
360 2379 395 2446 id
410 2379 566 2468 explicite
578 2380 773 2460 statuitur¹;
792 2390 823 2444 et
838 2402 942 2446 sartae
957 2379 1097 2461 mentis,
1110 2379 1342 2470 ademphasin
1356 2378 1495 2446 additur

164 2509 287 2576 graece
307 2509 315 2555 ε
337 2509 414 2553 eum
432 2487 491 2576 qui
510 2485 681 2570 legionem
704 2486 886 2568 habuerat,
909 2493 946 2553 ut
963 2487 1034 2554 scil.
1059 2494 1224 2576 quantum
1244 2493 1394 2554 mutatus
1410 2493 1494 2555 esset

165 2616 233 2663 uuo
247 2600 319 2662 lesu
335 2594 456 2675 verbo,
478 2592 694 2660 manifestum
707 2582 880 2674 evaderet,
899 2606 932 2659 et
946 2594 1133 2660 timuerunt
1150 2600 1326 2661 cernentes
1339 2593 1419 2660 scil(
1428 2594 1494 2660 hoc

164 2702 407 2769 documentum
427 2701 558 2768 altioris
579 2699 757 2766 cuiusdam
773 2701 963 2788 potestatis,
982 2722 1088 2790 quare
1105 2706 1234 2767 terrore
1248 2700 1398 2790 quodam
1417 2722 1493 2790 per-

160 2808 409 2876 fundebantur.
434 2806 706 2874 Adventautibus
727 2807 845 2872 incolis
872 2807 965 2874 arei
988 2807 1129 2874 testibus
1153 2808 1289 2895 singula
1311 2813 1494 2874 narrantur

160 2939 193 2983 v.
208 2922 248 2982 16
265 2928 296 2981 et
309 2927 535 2981 navaverunt
547 2913 614 2981 iltis
629 2914 693 3004 qui
703 2913 876 2993 viderent,
894 2913 1043 3003 qualiter
1054 2917 1185 3003 suctum
1199 2928 1283 2981 esset
1297 2917 1331 2981 ei
1342 2916 1403 3004 qtu'
1415 2913 1493 2981 dae·

162 3023 314 3088 monium
332 3020 499 3087 babuerat
512 3033 545 3086 et
561 3019 602 3087 de
618 3020 753 3110 porcia·
770 3020 918 3109 qualiter
936 3027 999 3089 etc.
1022 3021 1167 3089 refertur
1185 3022 1229 3088 ad
1248 3027 1498 3100 narraverunt;'

166 3151 243 3197 cum
263 3128 384 3194 ultimo
403 3128 476 3194 loco
495 3126 656 3193 dicantur
674 3148 830 3193 narrasse
850 3127 1024 3216 quomodo
1048 3128 1241 3195 interissent
1259 3128 1370 3217 porci,
1386 3128 1492 3216 aliqui

160 3243 283 3325 putant
298 3241 469 3301 auctorem
481 3255 614 3300 sacrum
624 3235 674 3299 uti
685 3233 828 3299 voluisse
843 3234 1045 3320 gradatione
1060 3235 1209 3324 quadam
1221 3258 1290 3324 qua
1303 3234 1494 3301 ostenderet

166 3343 331 3410 iacturam
345 3348 379 3409 et
392 3341 558 3407 damnum
574 3340 639 3406 hoc
653 3340 693 3406 iis
708 3341 855 3406 maxime
869 3341 964 3407 cordi
980 3341 1082 3407 luisse
1098 3341 1155 3429 (ci.
1175 3341 1265 3430 Fit).
1281 3348 1322 3408 at
1337 3341 1493 3408 subtilius

163 3448 198 3515 id
212 3449 439 3535 excogitatum
459 3454 523 3526 est;
540 3446 703 3513 dicuntur
717 3448 808 3513 enim
828 3469 968 3514 narrare
983 3469 1022 3514 eo
1039 3448 1159 3514 ordine
1180 3471 1249 3537 quo
1264 3448 1419 3535 singulae
1439 3470 1492 3515 res

158 3561 356 3622 evenerunt.

206 3661 339 3729 lucolae
355 3666 470 3728 autem
488 3659 646 3727 omuibus
662 3659 787 3726 auditis
802 3682 834 3725 v.
859 3668 899 3727 17
919 3683 1039 3750 rogare
1064 3674 1246 3752 coeperunt
1260 3684 1355 3743 eum,
1373 3676 1412 3728 ut
1427 3662 1492 3730 dis·

161 3768 292 3836 cederet
306 3767 347 3834 de
358 3765 486 3855 finibus
500 3788 616 3832 eorum
622 3787 636 3849 ,·
652 3774 743 3833 certe
759 3789 827 3833 uon
843 3790 882 3834 ex
895 3768 1101 3850 humilitate,
1116 3770 1197 3858 quia
1208 3791 1243 3836 se
1257 3769 1416 3856 indignos
1427 3793 1491 3859 pu·

159 3882 284 3943 tassent
298 3875 357 3963 qui
373 3875 445 3941 eius
459 3873 710 3939 honorarentur
725 3896 765 3940 ac
786 3873 982 3941 fruerentur
996 3876 1187 3964 praeseutia
1207 3875 1270 3964 (uti
1283 3876 1385 3944 nimis
1404 3876 1491 3944 bene

161 3982 204 4050 de
223 3984 263 4049 iis
276 3981 426 4047 iudicant
449 3983 503 4047 Ps.
525 3981 618 4045 Hier.
643 3979 725 4048 Vict.
750 3979 831 4046 Bed.
848 3980 925 4047 Ate.
940 3981 1065 4069 lars),
1087 3981 1146 4048 sed
1163 3983 1319 4049 timentes
1333 4005 1377 4049 ne
1397 3984 1491 4073 peius

162 4089 351 4178 quidquam
375 4088 504 4154 iactura
520 4108 702 4175 porcorum
717 4086 982 4176 subsequeretur
996 4087 1118 4177 (Gai.);
1137 4095 1261 4175 rogant
1273 4096 1404 4172 autem,
1421 4112 1491 4157 non

168 4195 332 4262 audentes
346 4196 446 4261 irasci
464 4198 604 4282 propter
623 4192 804 4275 damnum,
823 4195 904 4282 quia
925 4215 1051 4280 magno
1071 4194 1193 4261 timore
1213 4197 1428 4277 tenebantur,
1453 4205 1490 4262 ut

161 4305 239 4368 Luc.
252 4308 331 4381 8‚3·1
341 4301 478 4367 dicitur.
490 4303 573 4366 Cum
584 4300 773 4365 sanemulti
781 4322 819 4366 ex
828 4299 895 4366 illis
903 4307 1013 4368 essent
1021 4301 1177 4387 gentiles,
1190 4302 1370 4370 etiamdici
1380 4309 1489 4392 potest

158 4430 236 4475 cum
251 4412 387 4496 tarny:
413 4438 427 4468 o
445 4407 596 4474 sciebant
610 4411 717 4472 lesum
735 4406 897 4473 ludaeum
919 4430 988 4474 esse
1004 4430 1044 4473 ex
1059 4407 1263 4475 vestimentis
1280 4418 1367 4477 etex
1386 4412 1488 4477 comi·

191 4646 210 4688 t.
229 4637 300 4687 Unde
315 4637 396 4700 aliqui
409 4639 568 4687 concludunt
579 4640 694 4687 llarcum
707 4636 776 4687 baud
790 4637 925 4701 diligenter
938 4652 1012 4688 usum
1028 4652 1085 4690 esse
1096 4641 1227 4703 evangelio
1242 4644 1324 4691 Lucae
1338 4640 1382 4702 (dc
1396 4645 1486 4704 Wette,

157 4718 301 4774 Frr‘tzsctre,
323 4723 399 4768 [tour
416 4722 485 4780 etc),
499 4718 543 4769 alii
559 4719 586 4767 in
603 4733 626 4767 r.
642 4718 790 4770 'sdebuisse
805 4717 831 4768 id
852 4732 906 4769 esse
926 4719 1051 4783 scriptum
1065 4720 1134 4784 quod
1150 4722 1242 4771 iniuria
1258 4726 1401 4785 temporum
1417 4722 1486 4772 exci-

156 4799 223 4848 derit
236 4797 360 4858 (Eteuldt.
375 4801 406 4845 at
419 4798 522 4861 utrique
538 4799 638 4848 trustra
653 4799 753 4863 ingenia
773 4812 818 4849 sua
831 4803 962 4849 torserunt
983 4804 1033 4850 um
1048 4806 1137 4866 arguta
1158 4800 1308 4852 subtilitate.
1322 4801 1406 4851 Talem
1419 4803 1486 4852 enim

157 4878 260 4928 modum
278 4877 399 4926 narrandi
418 4891 496 4940 quem
510 4881 612 4928 llareus
626 4881 745 4943 sequitur
764 4878 921 4944 quicumque
937 4893 989 4930 non
1006 4894 1083 4932 vanas
1104 4887 1212 4932 venatur
1226 4882 1338 4945 argutias
1351 4882 1449 4933 clarum
1463 4888 1488 4934 et

161 4961 321 5022 perspicuum
335 4957 507 5021 deprehendet
520 4964 546 5008 et
557 4960 582 5008 in
594 4959 718 5011 ciusumdi
732 4961 806 5011 rebus
820 4961 950 5012 usitatum.
