3960 5654
1022 547 1114 594 xxxo.
1138 537 1167 608 t,
1193 540 1241 600 ta.
1749 537 1791 597 37
1904 505 1907 509 ’
1943 500 1952 525 ³

325 697 328 702 “
456 683 687 773 -explicatione
709 681 897 753 necessario
915 682 1082 770 sequitur,
1110 688 1160 754 uti
1175 689 1245 755 iam
1267 686 1373 753 Eutlt.
1394 687 1536 755 Thomas
1559 683 1789 753 ostenderunt.

506 796 620 882 Neque
634 800 748 860 tamen
768 811 809 855 ea
826 790 1007 879 explicatio
1021 800 1215 860 assumatur
1227 797 1370 882 oportet.
1389 797 1471 859 Nam
1486 785 1698 882 πειραζόμενος
1712 793 1791 857 satis
1890 837 1896 849 .

461 900 649 989 explicatur
667 899 696 964 si
714 896 856 963 tentatio
869 896 984 963 evenit
1001 897 1086 965 dum
1106 904 1191 965 esset
1212 899 1245 963 in
1266 898 1417 978 deserto;
1436 901 1524 965 nihil
1542 900 1636 987 cogit
1655 898 1792 990 partici-

462 1006 557 1094 pium
576 1004 630 1071 vel
651 1001 694 1067 ad
714 1006 756 1069 to
775 1003 848 1070 dies
868 1001 997 1070 referre
1020 1005 1073 1071 vel
1091 997 1174 1072 ἦν...
1191 995 1401 1093 πειραζόμενος
1416 1005 1583 1094 explicare
1607 1008 1703 1095 quasi
1729 1004 1793 1071 cir-

460 1109 713 1178 cumlocutione
738 1108 910 1178 diceretur
934 1132 997 1198 pro
1025 1109 1232 1178 tentabatur.
1263 1116 1373 1189 Quare
1395 1112 1568 1202 plerique,
1592 1113 1792 1200 praesertim

451 1217 667 1283 recentiores
674 1239 715 1283 eo
725 1216 828 1285 modo
845 1216 1116 1304 interpretantur
1129 1240 1198 1306 quo
1214 1219 1309 1304 vulg.
1330 1225 1422 1286 :erat
1439 1220 1474 1285 in
1486 1218 1618 1284 deserto
1634 1229 1666 1283 et
1685 1224 1794 1285 tenta-

449 1322 563 1389 batur
577 1322 637 1411 (cl.
654 1325 805 1405 Saliam,
820 1322 886 1391 Fit.
903 1322 1005 1412 Keil).
1024 1323 1085 1390 Cui
1099 1325 1289 1415 acceptioni
1306 1326 1448 1405 aceedit,
1464 1327 1512 1391 uti
1523 1326 1653 1393 Suarez
1666 1333 1791 1405 monet,

460 1431 643 1497 auctoritas
674 1435 826 1512 Petrum,
859 1430 999 1516 ignatii,
1029 1429 1165 1514 Hilarii,
1196 1430 1414 1520 Hieronymi,
1440 1431 1683 1518 Chrysostomi,
1715 1435 1792 1496 dm-

460 1536 565 1605 brosii
596 1543 630 1603 et
655 1536 801 1604 aliorum
827 1537 887 1625 qui
913 1535 1033 1603 dicunt
1063 1537 1265 1605 daemonem
1291 1560 1359 1605 non
1383 1539 1485 1604 luisse
1510 1559 1630 1604 ausum
1650 1537 1792 1624 aggredi

462 1645 654 1725 Christum,
679 1643 788 1710 donec
807 1664 886 1709 eum
903 1645 1119 1734 conspexerit
1137 1647 1344 1711 esurientem
1369 1650 1402 1711 et
1422 1646 1574 1711 humana
1591 1645 1790 1732 patientem.

460 1753 616 1817 Ceterum
628 1748 768 1817 adverte
782 1748 961 1815 diabolum
978 1772 1046 1817 non
1065 1752 1212 1840 potuisse
1226 1755 1360 1818 tentare
1381 1752 1551 1818 Christum
1571 1752 1705 1817 interna
1720 1757 1793 1816 ten-

360 1938 362 1942 Ι
461 1858 606 1939 tatione,
628 1856 687 1923 sed
705 1855 816 1923 solum
837 1861 977 1923 externa
998 1879 1059 1947 per
1084 1858 1359 1945 suggestionem3
1382 1879 1465 1945 ergo
1486 1858 1521 1923 in
1540 1858 1654 1946 priore
1673 1879 1794 1945 accep-

461 1963 551 2030 tione
566 1962 788 2049 cogitandum
808 1967 892 2029 esset
907 1985 988 2030 eum
1006 1968 1155 2031 tentasse
1176 1965 1310 2031 obiecta
1324 1964 1442 2053 aliqua
1458 1962 1631 2030 sensibilia
1649 1964 1795 2029 exterius

460 2069 684 2159 proponendo
694 2069 820 2159 quibus
834 2074 923 2136 lesus
939 2070 993 2136 vel
1004 2075 1191 2138 terreretur
1200 2073 1254 2138 vel
1265 2071 1537 2161 perturbaretur,
1554 2071 1604 2136 vel
1616 2069 1793 2136 excitando

460 2178 638 2265 strepitum
652 2176 889 2243 vehementem
902 2182 962 2244 aut
975 2177 1201 2266 proponendo
1209 2185 1415 2245 monstrosas
1429 2178 1558 2265 figuras
1569 2183 1602 2243 et
1611 2176 1790 2263 imagines.

460 2287 580 2349 Verum
601 2284 660 2350 hic
672 2282 796 2350 modus
811 2289 900 2350 recte
918 2307 940 2350 a
952 2285 1084 2351 Suarez
1100 2283 1137 2374 (l.
1155 2307 1185 2352 c.
1209 2306 1244 2350 n.
1264 2285 1298 2374 8)
1318 2285 1458 2375 puerilis
1474 2284 1611 2350 dicitur.

504 2394 648 2457 Venerat
665 2391 832 2470 Christus,
850 2395 889 2456 ut
902 2391 1070 2480 serpentis
1088 2396 1190 2481 caput
1204 2397 1411 2471 contereret,
1429 2398 1467 2457 ut
1486 2392 1676 2480 principem
1692 2390 1794 2456 huius

461 2495 579 2562 mundi
595 2496 732 2564 eliceret
756 2497 857 2562 loras.
878 2495 974 2564 Unde
997 2497 1112 2565 statim
1127 2497 1172 2564 ab
1189 2497 1287 2564 initio
1307 2519 1385 2564 cum
1403 2520 1443 2564 eo
1460 2496 1679 2584 congreditur
1702 2517 1794 2562 eum·
1894 2493 1896 2496 ’

460 2625 526 2693 que
556 2603 672 2670 vincit.
704 2608 884 2670 Praeterea
904 2603 1013 2670 voluit
1040 2605 1164 2671 tentari
1188 2604 1378 2671 secundum
1403 2608 1437 2671 S.
1467 2604 1631 2671 Thomam
1653 2605 1727 2692 (qu.
1753 2610 1791 2669 tt

461 2716 526 2777 art.
550 2715 578 2798 1)
602 2718 640 2777 ut
659 2710 757 2778 nobis
776 2716 894 2778 contra
915 2711 1119 2778 tentationes
1143 2711 1310 2777 auxilium
1330 2711 1451 2792 ferret,
1473 2710 1552 2776 dein
1571 2716 1712 2800 propter
1733 2732 1793 2775 no-

461 2824 566 2884 stram
577 2819 762 2898 cautelam,
780 2823 819 2884 ut
834 2817 949 2885 nullus
959 2819 1178 2907 quantumvis
1192 2825 1327 2885 sanctus
1337 2840 1372 2883 se
1383 2818 1576 2884 aestimaret
1590 2838 1748 2883 securum
1762 2825 1796 2883 et

463 2926 651 2991 immunem
675 2947 695 2990 a
716 2924 918 3008 tentatione,
936 2931 974 2990 ut
993 2946 1052 2991 nos
1071 2926 1257 2992 instrueret
1275 2925 1424 3015 qualiter
1443 2926 1665 2991 vinceremus.
1684 2924 1795 2989 Voluit

460 3035 575 3097 autem
604 3032 730 3097 tentari
756 3037 832 3120 post
858 3031 1085 3120 baptismum,
1107 3037 1210 3121 prout
1233 3032 1315 3099 Vict.
1346 3038 1416 3098 ant.
1442 3030 1522 3098 dicit
1543 3032 1591 3120 (et
1614 3038 1692 3097 ante
1715 3053 1792 3096 eum

460 3142 493 3206 S.
511 3141 629 3225 Chrys.
651 3136 745 3205 hom.
770 3145 810 3205 13
825 3137 860 3203 in
878 3138 1009 3226 llatth.)
1027 3159 1069 3204 ne
1082 3139 1158 3227 quis
1168 3126 1441 3227 perturbaretur,
1458 3140 1484 3204 si
1501 3145 1576 3227 post
1586 3137 1792 3227 baptismum

461 3249 604 3312 maiores
623 3245 829 3312 tentationes
847 3245 1070 3334 experiretur,
1093 3245 1191 3334 quasi
1210 3245 1422 3334 insperatum
1439 3244 1568 3333 aliquid
1583 3244 1648 3311 sihi
1664 3245 1793 3309 contin-

459 3359 571 3440 geret,
593 3373 712 3418 verum
728 3357 767 3417 ut
781 3352 898 3420 animo
916 3351 1097 3418 sustineret
1114 3374 1153 3418 ac
1168 3359 1400 3441 perseveraret
1418 3373 1593 3439 generoso.
1612 3355 1647 3416 ln
1668 3359 1793 3440 quanta

459 3465 575 3527 autem
588 3457 770 3524 solitudine
789 3463 824 3524 et
842 3479 947 3548 quam
971 3459 1092 3548 procul
1111 3459 1156 3525 ab
1174 3459 1268 3525 omni
1287 3481 1366 3526 cum
1386 3457 1461 3525 aliis
1478 3459 1682 3524 commercio
1699 3458 1793 3522 Chri-

459 3571 528 3633 stus
547 3566 667 3648 luerit,
691 3564 991 3633 indicaturverbis
1010 3577 1152 3656 eratque
1168 3588 1245 3631 cum
1267 3563 1398 3650 bestiis‚·
1417 3566 1480 3631 hoc
1508 3564 1616 3644 enim,
1633 3572 1669 3631 ut
1688 3565 1789 3630 Eutl.

460 3673 554 3752 dicit,
572 3671 846 3761 acciditpropter
859 3691 1023 3759 magnam
1036 3672 1101 3739 loci
1113 3672 1333 3739 solitudinem
1345 3671 1434 3761 (sim.
1453 3670 1559 3738 Mala
1576 3674 1660 3760 Lep.
1682 3672 1791 3738 Colere.

461 3782 555 3847 Patr.
577 3767 675 3863 Fiat?
688 3778 786 3857 Quod
801 3778 885 3845 alias
899 3778 1108 3868 quandoque
1124 3781 1339 3870 proponitur,
1358 3779 1531 3865 designari
1548 3779 1697 3868 pericula
1715 3779 1792 3867 qui-

459 3887 524 3953 bus
539 3887 611 3952 eius
625 3886 694 3952 vita
709 3886 865 3975 impetita
878 3891 976 3967 esset,
987 3887 1035 3952 ita
1051 3891 1087 3952 ut
1102 3909 1123 3953 a
1138 3885 1275 3952 diabolo
1290 3893 1323 3951 et
1337 3885 1480 3952 abestiis
1494 3887 1565 3951 eius
1581 3894 1793 3951 exerceretur

461 4000 494 4060 et
508 3993 714 4082 probaretur
728 3993 894 4082 patientia
912 3998 946 4058 et
962 3992 1144 4073 lortitud0;
1166 3993 1218 4059 vel
1238 3992 1335 4058 innui
1351 3993 1424 4059 eius
1441 3993 1686 4072 innocentiam,
1702 3992 1792 4081 quod

460 4099 534 4166 scil.
559 4098 602 4166 ab
627 4098 675 4164 eis
696 4120 766 4165 non
792 4097 995 4180 laederetur,
1018 4098 1105 4165 sicut
1127 4097 1236 4165 Adam
1258 4100 1292 4164 in
1315 4097 1472 4190 paradiso
1495 4121 1571 4165 cum
1599 4098 1717 4165 iisdem
1741 4102 1793 4165 in·

460 4206 557 4272 noxie
566 4206 692 4292 egerit,
710 4206 762 4271 vel
776 4205 809 4271 in
823 4205 939 4272 bestiis
953 4206 1143 4292 significari
1156 4205 1383 4274 idololatrasa
1396 4205 1521 4294 quibus
1531 4205 1709 4272 christiani
1722 4207 1793 4272 fue-

461 4313 529 4379 rint
543 4312 689 4400 impetiti
709 4310 919 4401 (Vollmer),
936 4311 1040 4399 longe
1057 4312 1154 4379 abest
1167 4336 1188 4380 a
1202 4312 1348 4402 simplici
1362 4313 1567 4379 narratione.
1586 4315 1712 4379 Bestiae
1733 4314 1791 4379 de-

458 4417 556 4496 serti,
573 4419 623 4484 uti
642 4418 742 4500 olim,
760 4419 809 4486 ita
822 4419 926 4486 bodie
943 4424 1022 4486 sunt
1037 4418 1152 4508 pardi,
1171 4420 1341 4508 hyaenae,
1360 4419 1441 4499 ursi,
1458 4442 1556 4485 canes
1570 4421 1664 4486 aurei
1683 4421 1789 4508 (Fit).

507 4527 668 4593 Destituta
693 4526 880 4593 ministerio
910 4526 1092 4593 hominum
1119 4527 1263 4594 aderant
1285 4528 1399 4613 angeli
1414 4527 1600 4615 (Erasmus)
1624 4540 1658 4593 et
1679 4529 1796 4617 capell

462 4630 701 4699 monstrabant
716 4633 788 4715 ila,-
804 4633 897 4723 quod
917 4655 996 4700 cum
1017 4633 1135 4701 bestiis
1156 4633 1368 4715 versabatur,
1385 4634 1554 4699 humanae
1575 4640 1714 4700 naturae
1730 4636 1794 4700 fuit

461 4738 653 4818 humilitas;
673 4738 767 4828 quod
787 4762 866 4807 vero
890 4741 934 4807 ab
961 4739 1093 4828 angelis
1117 4741 1367 4821 honorabatur,
1390 4738 1524 4807 divinae
1547 4743 1673 4807 exstitit
1693 4745 1794 4808 maie-

463 4848 555 4913 statis
568 4846 733 4913 indicium
750 4846 889 4936 (Diam).
909 4846 1053 4925 Quando
1068 4848 1221 4915 Christus
1231 4870 1312 4914 usus
1323 4848 1578 4933 sitangelorum
1594 4848 1791 4930 ministerio,

462 4955 609 5022 refertur
630 4954 744 5022 ttatth.
772 4962 865 5040 t,11,
895 4983 911 5016 «
935 4961 969 5022 et
989 4977 1049 5023 nos
1068 4977 1147 5022 cum
1171 4956 1207 5022 in
1235 4977 1350 5024 eremo
1373 4961 1506 5024 sanctae
1533 4958 1796 5025 conversationis
