3960 5654
336 565 478 635 tandum
493 587 638 654 regnum
654 567 710 634 Dei
726 569 818 658 quod
832 566 901 633 illis
914 564 1123 634 offerebatur
1134 575 1168 633 et
1179 568 1274 654 quod
1287 562 1505 657 postmodum
1521 566 1667 653 explica-

335 672 401 740 tius
409 698 472 765 per
486 672 654 763 apostolos
664 682 738 742 erat
750 671 1025 741 annuntiandum
1037 675 1168 740 Christo
1179 671 1222 737 ad
1234 676 1366 766 Patrem
1381 693 1545 760 regresso.
1560 674 1667 746 Quare

336 783 425 848 lesus
442 781 563 870 relicta
583 781 667 848 urbe
683 784 720 847 in
734 778 809 846 aliis
825 799 959 870 quoque
975 779 1111 870 oppidis
1127 800 1166 843 ac
1184 778 1267 844 vicis
1284 777 1474 845 doctrinam
1489 798 1586 863 suam
1604 777 1668 841 mi-

334 888 458 954 raculis
468 885 932 975 comprobatamspargebat;
948 910 981 953 v.
1002 893 1043 952 :35
1060 895 1093 949 ct
1106 882 1247 950 diliculo
1257 882 1355 950 ualde
1367 906 1506 973 surqens
1521 904 1669 973 opressus

332 992 416 1059 abitt
435 993 472 1057 in
486 989 654 1060 desertam
667 993 778 1059 locum
784 1011 799 1073 ,⁰
816 995 892 1080 apat
910 1014 1028 1073 mane,
1053 989 1147 1079 quod
1173 992 1365 1058 accuratius
1389 989 1583 1057 declaratur
1608 990 1668 1080 (uti

332 1098 442 1165 simile
462 1098 546 1186 quid
572 1098 723 1167 cernitur
747 1120 780 1164 v.
807 1098 863 1185 32)
883 1093 992 1187 ἔννυχα
1016 1091 1104 1174 λίαν,
1127 1097 1176 1163 uti
1202 1097 1306 1164 uait.
1334 1095 1477 1186 explicat
1493 1092 1597 1168 νυκτὸς
1621 1094 1670 1185 ἔτι

332 1200 420 1276 οὔσης
439 1203 521 1271 dum
534 1206 648 1273 adhuc
660 1226 725 1270 nox
739 1210 842 1287 esset,
859 1204 958 1294 proin
973 1204 1081 1270 multa
1098 1203 1211 1270 adhuc
1226 1209 1339 1285 nocte,
1358 1203 1444 1269 bene
1463 1224 1564 1269 mane
1581 1206 1669 1268 lesus

331 1307 463 1377 edomo
480 1313 668 1398 egreditur,
688 1319 725 1377 ut
740 1311 811 1378 scil.
829 1333 897 1400 quo
915 1334 949 1378 se
968 1311 1122 1378 conferat
1136 1333 1205 1377 non
1220 1309 1417 1376 advertatur
1432 1332 1516 1376 neve
1533 1311 1605 1399 ipse
1622 1307 1667 1375 ab

331 1415 510 1487 homiuum
523 1418 782 1506 importunitate
801 1417 1020 1507 impediatur.
1038 1416 1133 1483 Clam
1149 1418 1265 1507 itaque
1283 1438 1319 1483 se
1334 1415 1493 1483 subducit
1510 1416 1545 1482 iu
1558 1415 1667 1481 deser·

332 1535 404 1589 tum
423 1522 551 1603 locum,
568 1523 604 1589 in
624 1523 738 1591 locum
756 1524 982 1606 solitarium¹,
1013 1546 1048 1590 se
1076 1522 1238 1589 subducit
1257 1523 1436 1589 hominum
1453 1521 1546 1589 laudi
1560 1529 1594 1588 et
1607 1521 1668 1587 ad·

331 1630 521 1710 mirationi,
542 1636 579 1696 ut
596 1651 657 1696 uos
672 1653 808 1720 quoque
823 1629 944 1698 doceat
958 1652 1026 1697 nou
1042 1630 1161 1697 venari
1176 1630 1358 1696 homiuum
1374 1628 1536 1718 plausum
1555 1650 1666 1717 neque

331 1757 368 1802 re
389 1735 476 1802 bene
495 1741 591 1821 gesta
607 1738 680 1803 eius
694 1738 790 1825 quasi
805 1736 943 1804 laudem
961 1742 994 1803 et
1010 1736 1202 1803 mercedem
1227 1736 1272 1803 ab
1298 1734 1494 1802 hominibus
1510 1741 1665 1824 expetere

332 1841 387 1929 (cf.
414 1841 495 1908 Vict.
524 1841 670 1933 Theopl.
696 1844 800 1909 Ecca.
823 1842 930 1910 Mold.
958 1844 1054 1911 Dion.
1079 1842 1196 1932 Lep).
1220 1842 1419 1932 Exemplum
1446 1841 1599 1923 exhibet,
1629 1849 1667 1907 ut

329 1949 420 2015 lana.
441 1948 598 2029 adnotat,
622 1949 823 2038 praesertim
847 1933 1161 2040 praedicatoribus,
1179 1950 1345 2016 nimirum
1361 1947 1438 2040 post
1459 1949 1614 2015 collatam
1630 1947 1665 2013 in

329 2054 412 2121 alios
426 2054 687 2122 beneficentiam
700 2060 857 2146 oportere
875 2055 1050 2139 secedere,
1067 2079 1109 2124 ue
1124 2057 1313 2147 praemium
1323 2059 1388 2132 ¹aut
1399 2054 1536 2123 laudem
1550 2054 1595 2122 ab
1613 2053 1667 2121 his

329 2160 453 2250 quibus
468 2161 738 2229 benefecerimus
757 2162 936 2230 videamur
954 2168 1165 2254 exspectare;
1188 2162 1302 2252 ibique
1322 2161 1457 2242 orabat,
1481 2162 1570 2229 Patri
1590 2160 1664 2229 scil.

328 2267 424 2334 enixe
440 2267 687 2335 commendans
696 2269 884 2359 opusqu'od
899 2270 965 2336 iam
977 2269 1232 2360 praedicatione
1250 2292 1311 2360 per
1324 2268 1508 2336 Galilaeam
1524 2290 1665 2355 aggres-

328 2396 426 2441 surus
442 2382 526 2441 erat.
543 2378 652 2443 iesum
667 2386 821 2443 orantem
838 2375 1068 2464 evangelistae
1083 2376 1180 2443 nobis
1195 2375 1354 2444 exhibent
1368 2382 1448 2443 autc
1464 2361 1569 2465 opera
1582 2396 1664 2462 gra-

328 2481 430 2547 vioris
442 2481 607 2548 momenti
619 2504 626 2564 ;
645 2483 692 2548 ita
705 2489 784 2549 ante
798 2482 996 2550 electionem
1012 2485 1260 2574 apostolorum,
1277 2489 1462 2571 antequam
1475 2485 1571 2548 Petro
1584 2502 1663 2572 pro-

329 2587 476 2653 mitteret
494 2589 699 2676 primatum,
723 2595 802 2656 aute
826 2590 991 2686 miracula
1011 2591 1155 2672 maiora,
1173 2596 1251 2656 ante
1268 2589 1457 2679 passionem
1483 2587 1539 2677 (ct.
1562 2592 1660 2656 ttarc.

329 2698 420 2773 ono.
445 2699 522 2760 Luc.
547 2701 644 2776 o,12;
669 2702 761 2772 9‚18.
786 2701 957 2776 28;11,1.
984 2702 1074 2765 loan.
1101 2697 1664 2782 6,11;11,t1;17,1etc.).0u0-

329 2799 430 2866 modo
448 2822 510 2890 pro
530 2801 600 2867 suis
620 2805 783 2884 oraverit,
806 2804 1001 2893 exemplum
1021 2802 1189 2869 habemus
1208 2802 1516 2892 praeclarissimum
1537 2803 1572 2867 iu
1591 2800 1663 2868 eius

328 2907 481 2973 oratione
500 2911 592 2975 ioan.
615 2915 688 2988 rut
710 2931 781 2998 seq.
799 2915 833 2975 et
853 2910 980 2976 similes
999 2910 1213 2999 precationes
1229 2931 1308 2976 eum
1327 2908 1430 2976 etiam
1448 2915 1522 2974 tum
1537 2907 1663 2974 fudisse

224 3104 227 3110 Ι
328 3013 520 3079 existimare
551 3013 639 3080 licet.
671 3018 751 3082 Orat
777 3011 908 3099 autem,
934 3023 972 3082 ut
1012 3017 1093 3083 Vict.
1120 3017 1184 3098 ait,
1211 3038 1279 3083 non
1305 3016 1385 3106 quia
1415 3016 1488 3105 ipse
1510 3015 1662 3081 oratione

328 3119 517 3205 indigeret;
532 3121 604 3209 ipse
619 3121 711 3187 enim
724 3127 774 3187 est
788 3123 847 3211 qui
862 3122 1041 3189 hominum
1059 3123 1229 3190 orationes
1242 3123 1397 3212 suscipit,
1413 3121 1474 3189 sed
1488 3122 1572 3188 haec
1586 3121 1663 3212 qui-

316 3224 405 3292 ‘dem
429 3223 622 3314 οἰκονομικῶς
641 3226 893 3317 dispensatione
909 3229 1059 3319 quadam
1074 3251 1198 3317 agens,
1215 3230 1325 3297 torma
1342 3234 1375 3296 et
1388 3228 1580 3318 exemplum
1602 3228 1661 3295 bo-

329 3354 392 3398 nae
411 3334 617 3422 operationis
636 3335 732 3401 nobis
756 3335 944 3402 estractus.
967 3342 1078 3426 Atque
1099 3337 1208 3403 locum
1231 3336 1384 3426 quietum
1408 3359 1449 3403 ac
1472 3335 1660 3402 solitarium

329 3440 473 3505 maxime
492 3440 789 3507 accommodatum
813 3464 883 3508 esse
901 3442 1023 3509 intimo
1045 3442 1097 3509 illi
1118 3465 1196 3510 cum
1220 3447 1286 3510 Deo
1306 3435 1512 3510 commercio
1533 3442 1662 3532 pariter

328 3544 427 3611 nohis
445 3544 592 3612 ostendit
610 3546 737 3635 (Dion.)
759 3554 808 3630 et,
827 3555 865 3613 ut
886 3549 959 3615 Coi.
983 3555 1093 3632 notat,
1115 3549 1306 3640 exemplum
1325 3550 1468 3639 praebet
1485 3547 1661 3643 praedica-

328 3651 459 3717 toribus
474 3652 632 3742 rapieudi
646 3659 779 3743 tempus
794 3654 934 3742 aliquod
950 3655 993 3722 ad
1007 3656 1191 3739 orandum,
1205 3655 1249 3723 ad
1264 3663 1409 3723 mentem
1424 3657 1460 3723 in
1475 3660 1578 3722 [teum
1595 3655 1661 3721 ele-

328 3758 491 3839 vandam,
507 3758 681 3846 precando
699 3782 788 3849 quae
801 3767 880 3827 sunt
893 3762 1028 3845 salutis,
1043 3763 1096 3829 vel
1115 3768 1217 3853 prout
1232 3764 1322 3830 lons.
1344 3768 1477 3843 monet,
1494 3761 1592 3828 nobis
1607 3762 1661 3827 in-

328 3864 472 3931 sinuat«
490 3871 565 3953 post
584 3866 776 3933 doctrinam
795 3889 925 3935 secessu
945 3875 980 3935 ct
996 3870 1148 3937 oratione
1167 3892 1251 3960 opus
1270 3891 1356 3953 esse,
1380 3876 1451 3935 tum
1473 3875 1509 3936 ut
1531 3869 1661 3935 tructus

327 3970 593 4059 praedicationis
610 3973 647 4038 in
663 3972 877 4040 auditoribus
893 3998 915 4041 a
931 3979 997 4042 [teo
1012 3975 1218 4061 obtineatur,
1234 3983 1307 4043 tum
1321 3981 1358 4042 ut
1373 3975 1660 4065 contemplatione

327 4098 367 4142 ac
382 4079 502 4143 mentis
515 4079 551 4144 in
572 4084 677 4145 Derim
689 4079 878 4147 elevatione
893 4080 938 4147 ad
953 4080 1145 4149 docendum
1164 4090 1199 4149 et
1217 4083 1402 4150 iuvandum
1422 4082 1542 4172 quovis
1559 4080 1660 4148 modo

327 4185 497 4271 proximos
515 4187 656 4274 spiritus
676 4185 840 4253 reddatur
858 4187 1006 4254 alacrior
1022 4217 1053 4255 ο.

368 4353 411 4412 De
426 4353 568 4413 oratione
581 4355 694 4414 Christi
708 4357 771 4432 agit
786 4356 816 4416 S.
831 4357 967 4416 Thomas
980 4361 999 4418 3
1012 4376 1045 4437 p.
1060 4377 1114 4437 qu.
1132 4361 1168 4418 21
1182 4363 1239 4418 art.
1258 4358 1489 4431 1·tetSuarez,
1506 4359 1545 4419 de
1560 4361 1661 4418 lncar-

327 4450 456 4510 natione
472 4449 590 4528 disput.
609 4456 646 4512 45
658 4459 733 4514 sect.
752 4457 779 4512 t.
798 4455 848 4513 Uti
865 4456 1026 4534 evangelia
1040 4456 1155 4518 docent
1170 4461 1201 4517 et
1214 4457 1245 4517 S.
1260 4457 1375 4517 Paulus
1391 4457 1482 4517 etiert
1494 4457 1589 4516 Hebr.
1606 4458 1656 4525 5,7

359 4615 379 4659 1.
397 4608 517 4673 apposite
536 4608 611 4658 affert
628 4611 677 4660 Fit.
693 4627 702 4660 :
720 4631 732 4659 ο
748 4615 786 4662 Un
802 4614 861 4662 trait
875 4614 1054 4678 remarquable
1068 4615 1102 4665 du
1122 4616 1161 4666 lac
1173 4615 1364 4678 Genucsareth,
1378 4586 1444 4666 c’cst'
1457 4616 1521 4679 qu'it
1535 4615 1599 4664 etait
1610 4628 1656 4664 en·

328 4688 401 4740 toure
412 4688 444 4738 de
458 4689 582 4739 solitudes
598 4689 719 4740 desertas.
736 4694 877 4757 Caspiacae
892 4693 1031 4756 solitaires,
1049 4695 1143 4746 situecs
1157 4698 1172 4745 t
1188 4696 1338 4761 proximitt,
1352 4697 1401 4746 soit
1417 4710 1462 4746 sur
1479 4696 1515 4746 tes
1530 4695 1656 4759 ptatcaux,

327 4771 376 4820 soit
388 4769 451 4819 dans
464 4770 501 4819 tea
515 4771 602 4820 ravins
612 4769 658 4834 qui
673 4771 801 4823 abundent
816 4776 871 4837 pres
882 4774 927 4824 des
939 4775 1007 4825 deux
1021 4777 1101 4835 rivas,
1112 4776 1292 4827 tournissaient
1302 4776 1467 4827 d'excaltents
1482 4775 1580 4839 coluges
1591 4790 1656 4839 pour

327 4853 351 4902 lc
366 4864 484 4915 reposco
501 4865 566 4915 pour
582 4850 605 4900 la
622 4851 704 4914 pritre
720 4874 742 4902 ι.
