3960 5654
495 669 575 729 serre
598 686 661 727 non
684 671 803 732 omisit.
827 673 954 730 Donum
980 669 1207 731 miraculorum
1230 668 1382 730 describit
1405 686 1469 727 non
1497 672 1529 729 in
1552 673 1749 740 universum.
1772 674 1828 734 sed

493 766 647 843 exemplis
663 766 822 830 distinctis
835 768 978 846 prolatis,
994 771 1075 829 sicut
1091 767 1121 825 in
1137 767 1262 844 reliquo
1277 767 1358 825 libro
1374 775 1658 843 rerumgestarum
1681 773 1831 832 narratio·

492 881 566 923 nem
586 864 707 943 singula
728 866 886 945 quaedam
905 869 1092 946 persecutus
1113 865 1270 925 illustrare
1294 881 1330 922 ac
1350 864 1549 941 distinguere
1572 867 1662 926 solet.
1689 871 1825 930 hemum

491 979 528 1020 ea
545 962 640 1021 verba
654 962 769 1025 Christi
785 963 893 1042 seligit
907 982 987 1043 quae
1005 965 1158 1023 Romanis
1172 962 1336 1040 aptissime
1354 971 1586 1038 proponuntur,
1604 971 1636 1023 ut
1653 983 1748 1042 supra
1763 969 1825 1028 iam

489 1059 626 1118 ostendi.
650 1063 732 1123 Etsi
752 1064 784 1122 in
805 1080 834 1119 v.
856 1049 933 1122 'tt-13
953 1061 1058 1122 brevis
1081 1068 1129 1121 est
1149 1066 1182 1120 et
1202 1059 1348 1119 concisus
1369 1077 1525 1119 summam
1553 1062 1596 1120 rei
1623 1063 1824 1124 solummodo

489 1161 636 1234 tangens,
655 1160 740 1220 idem
755 1159 1007 1237 deprehenditur
1022 1160 1054 1218 in
1070 1159 1143 1218 libri
1164 1158 1258 1217 initio
1276 1158 1410 1216 strictim
1432 1176 1562 1234 narrans
1582 1160 1776 1237 baptismum
1792 1167 1824 1221 et

488 1256 696 1318 tentationem
714 1259 797 1319 lesu.
814 1259 963 1319 Attamen
982 1274 1045 1317 non
1065 1257 1186 1316 omittit
1205 1255 1317 1315 ellerre
1335 1256 1438 1331 primo
1456 1257 1641 1334 apparuisse
1657 1234 1759 1318 lesum
1776 1259 1822 1319 illi

486 1351 526 1410 de
545 1371 606 1430 qua
624 1355 763 1416 eiecerat
784 1362 909 1434 septem
930 1355 1108 1415 daemonia.
1134 1357 1244 1414 Nonne
1264 1353 1296 1412 id
1315 1353 1462 1413 lidelibus
1483 1356 1601 1440 llomae
1624 1357 1677 1431 qui
1704 1357 1821 1418 maiore

485 1454 603 1525 partee
619 1453 792 1530 gentilibus
808 1460 899 1514 erant
914 1452 1068 1532 peculiari
1084 1452 1198 1512 solatio
1219 1449 1318 1510 luisse
1334 1451 1531 1511 censendum
1551 1452 1631 1510 erit?
1643 1454 1720 1513 Cum
1734 1455 1820 1514 enim

484 1553 574 1608 satan
593 1551 634 1611 sit
654 1551 801 1630 princeps
823 1556 855 1612 et
876 1552 956 1612 deus
978 1549 1071 1611 huius
1088 1549 1201 1610 mundi
1217 1547 1249 1627 (2
1263 1549 1333 1608 Cor.
1353 1550 1416 1626 hl)
1433 1555 1465 1608 et
1485 1550 1540 1626 qui
1561 1558 1726 1627 peccalum
1748 1552 1821 1613 lacit

483 1645 524 1704 sit
539 1647 609 1707 eius
623 1666 732 1708 servus
746 1647 799 1726 (cl.
815 1652 833 1728 2
849 1651 933 1709 Petr.
947 1647 1044 1726 219),
1058 1648 1196 1725 gentiles
1211 1664 1274 1705 non
1291 1664 1354 1706 uno
1371 1648 1501 1706 nomine
1518 1649 1632 1717 solum,
1651 1649 1704 1708 sed
1719 1650 1818 1728 pluri-

482 1744 543 1803 bus
559 1745 590 1804 in
603 1745 769 1806 daemonis
781 1751 939 1825 potestate
951 1751 982 1805 et
998 1747 1151 1805 servitute
1167 1750 1256 1804 erant
1271 1745 1446 1804 constituti.
1465 1744 1530 1804 lllis
1544 1746 1650 1823 itaque
1667 1748 1817 1824 singulari

481 1842 688 1903 consolationi
705 1851 773 1904 erat
786 1844 898 1905 audire
915 1846 1019 1905 lesum
1039 1844 1142 1921 primo
1161 1860 1194 1902 se
1211 1843 1384 1920 gloriosum
1404 1843 1448 1901 illi
1465 1843 1682 1903 manifestasse
1703 1862 1782 1922 quae
1800 1864 1818 1906 a

481 1946 603 2017 septem
617 1941 828 2002 daemonibus
845 1941 963 2001 misera
978 1946 1011 2002 et
1027 1941 1109 2019 turpi
1125 1940 1278 2000 servitute
1293 1939 1370 1998 olim
1385 1945 1452 1998 erat
1467 1947 1586 2000 vexata.

520 2039 599 2098 llem
617 2039 714 2118 igitur
733 2044 890 2099 narratam
909 2039 948 2098 ad
969 2039 1087 2099 librum
1115 2038 1209 2098 Marci
1232 2055 1362 2116 prorsus
1385 2039 1555 2097 convenire
1580 2057 1674 2098 nemo
1699 2058 1814 2119 negare

479 2137 610 2213 poterit,
629 2135 803 2196 dummodo
825 2154 863 2197 ea
883 2154 966 2215 quae
978 2136 1118 2224 'exposui
1136 2152 1244 2196 secum
1258 2135 1474 2214 perpenderit.
1495 2136 1609 2197 Verum
1627 2138 1704 2213 quid
1729 2139 1813 2199 iudi-

478 2233 613 2293 candum
630 2235 690 2293 erit
705 2234 744 2294 de
763 2251 880 2313 genere
896 2233 1046 2295 dicendi?
1062 2236 1128 2294 lloc
1148 2233 1234 2293 enim
1253 2251 1353 2312 genus
1370 2251 1388 2292 a
1404 2234 1498 2293 llarci
1519 2234 1658 2295 dictione
1673 2236 1812 2297 alienum

478 2347 547 2390 esse
567 2348 604 2391 ac
617 2331 710 2409 plane
728 2337 889 2392 remotum
910 2331 1107 2392 contendunt
1124 2330 1207 2391 haud
1226 2333 1326 2410 pauci.
1346 2331 1481 2391 Proinde
1500 2333 1720 2393 examinemus
1746 2335 1811 2394 sin-

476 2428 549 2505 gula
563 2446 645 2505 quae
660 2429 699 2488 ad
715 2429 746 2489 id
762 2430 1049 2491 demonstrandum
1065 2430 1251 2489 alleruntur.

510 2637 604 2688 Primo
622 2638 774 2688 desiderari
795 2638 891 2688 dicunt
911 2651 945 2688 ea
964 2651 1037 2702 qnae
1056 2638 1149 2687 Marco
1164 2639 1277 2701 propria
1295 2641 1361 2686 sunt
1380 2643 1408 2687 et
1430 2639 1582 2699 peculiaria
1597 2639 1624 2685 in
1647 2639 1808 2695 scribendo;

392 2773 396 2781 ,
476 2738 539 2774 nam
556 2739 610 2775 non
623 2729 738 2790 reperiri
752 2729 779 2776 in
797 2729 850 2776 hac
861 2730 942 2791 parte
970 2722 1051 2785 sunt;,
1063 2722 1153 2786 πάλιν,
1171 2726 1273 2789 quihus
1290 2726 1434 2788 particulis
1450 2729 1490 2775 uti
1507 2727 1579 2776 solet
1594 2727 1663 2776 adeo
1679 2727 1809 2790 irequen·

474 2819 525 2865 ter.
539 2814 594 2865 Sed
610 2814 691 2865 iacile
707 2815 891 2879 respondetur
917 2829 924 2863 :
949 2810 1013 2873 abbir
1025 2829 1081 2865 non
1097 2816 1189 2879 potuit
1212 2815 1338 2864 adhiberi
1354 2817 1406 2864 nisi
1435 2815 1554 2865 tortasse
1570 2817 1598 2863 in
1614 2817 1693 2865 initio
1716 2830 1740 2864 r.
1762 2818 1807 2875 lll;

473 2904 582 2967 reliqua
600 2905 696 2953 omnia
712 2905 840 2968 longiore
857 2906 993 2967 temporis
1014 2905 1163 2954 intervallo
1182 2906 1349 2966 separantur
1366 2916 1450 2966 quarn
1466 2909 1497 2952 ut
1513 2904 1570 2952 ullo
1585 2905 1667 2953 modo
1682 2918 1715 2953 ea
1726 2908 1809 2967 parti·

472 2993 537 3043 cula
550 2996 659 3056 possint
677 2995 821 3057 coniungi.
845 2993 879 3043 Et
901 3007 963 3043 cum
987 2995 1016 3042 in
1032 2996 1093 3057 ipso
1108 3006 1134 3041 v.
1164 2992 1195 3042 lb
1218 2995 1343 3056 posuerit
1367 2996 1485 3055 scriptor
1507 2989 1587 3053 ἐκείνη
1613 2999 1641 3042 ut
1665 3000 1809 3044 notaretur

472 3078 612 3146 oppositio
635 3083 712 3132 adv.
730 3082 760 3142 8,
783 3084 867 3132 etiam
883 3083 1052 3146 intelligItur
1066 3094 1116 3132 cur
1138 3095 1194 3132 non
1216 3084 1384 3131 sententiam
1410 3082 1558 3143 inceperit,
1582 3085 1620 3130 uti
1644 3096 1740 3145 saepe,
1767 3081 1809 3131 aad

471 3167 546 3229 εὐθύς.
563 3172 657 3222 Potuit
677 3172 791 3234 quidem
812 3167 885 3221 πάλιν
910 3172 953 3222 hia
976 3172 1103 3221 adhiberi
1128 3172 1156 3220 ln
1170 3184 1195 3219 v.
1216 3171 1246 3219 rt
1262 3177 1290 3220 ct
1306 3171 1349 3228 l·l;
1368 3183 1464 3220 verum
1486 3184 1551 3218 nuru
1567 3174 1594 3218 in
1614 3173 1720 3234 reliquo
1736 3173 1807 3222 libro

470 3261 636 3324 ubicumque
654 3262 742 3325 potuit
767 3263 833 3324 poni
853 3263 938 3312 etiam
959 3260 1082 3323 positum
1098 3259 1158 3309 eat?
1178 3260 1249 3309 Dein
1270 3264 1402 3308 accusant
1420 3260 1583 3308 brevitatem
1600 3263 1626 3307 in
1647 3259 1804 3310 narrand0¹

471 3362 542 3413 quae
557 3350 592 3399 ab
616 3349 709 3399 indole
724 3350 788 3399 libri
803 3349 965 3400 abhorreat.
984 3348 1039 3399 Sed
1055 3349 1091 3398 ob
1113 3349 1210 3398 oculos
1225 3348 1321 3396 haberi
1343 3348 1426 3396 debet
1447 3347 1515 3410 qnid
1531 3350 1736 3397 narrationibus
1750 3350 1805 3398 illis

470 3439 558 3488 tribus
572 3439 693 3488 soluerit
703 3438 862 3489 ostendere.
880 3438 977 3488 Voluit
992 3449 1134 3500 exponere
1149 3437 1224 3500 quod
1240 3436 1310 3485 dixit
1320 3437 1438 3498 angelus
1453 3448 1458 3482 :
1477 3449 1539 3484 enin
1552 3436 1680 3485 ridebitis
1691 3442 1717 3485 rt
1729 3437 1803 3499 quod

470 3527 597 3579 Christus
619 3527 797 3590 praedixerat
818 3541 849 3577 se
868 3528 1100 3577 resurrecturum.
1119 3528 1212 3588 Atque
1233 3526 1286 3574 hoc
1306 3524 1479 3574 sufficienter
1498 3524 1541 3575 lit.
1566 3526 1649 3573 inuno
1665 3539 1718 3572 non
1741 3528 1804 3576 sine

468 3617 592 3681 pondere
605 3616 725 3680 quodam
741 3614 869 3665 littribus
883 3616 938 3665 illis
949 3614 1159 3664 narrationibus
1173 3613 1319 3670 brevibus,
1337 3613 1497 3662 immediate
1520 3614 1592 3662 inter
1610 3624 1641 3662 se
1665 3615 1803 3676 excipien-

468 3707 564 3756 tibus:
593 3700 679 3771 teter„
694 3700 848 3771 ἐφανερώθη,
872 3693 1110 3770 ἔφινερώθη,’Νοῐι
1134 3702 1264 3752 obstante
1288 3702 1424 3751 brevitate
1448 3701 1543 3754 alieri.
1565 3704 1603 3749 uti
1624 3703 1693 3750 alias
1713 3703 1799 3761 solet,

468 3794 605 3858 quaedam
620 3794 757 3858 quaesibi
772 3794 950 3856 solipropria
964 3795 1043 3852 sunt;
1061 3793 1100 3840 ila
1115 3805 1141 3839 v.
1165 3791 1179 3840 b
1197 3791 1301 3854 primo,
1320 3805 1346 3837 r.
1364 3790 1394 3838 to
1413 3789 1556 3839 flentibus:
1574 3804 1599 3837 v.
1622 3792 1646 3838 ll
1670 3804 1701 3839 ea
1717 3792 1801 3840 relert

467 3896 540 3948 quae
555 3883 627 3946 apud
641 3882 712 3933 duos
724 3883 795 3932 alios
810 3883 972 3944 synopticos
989 3894 1046 3929 non
1062 3879 1215 3938 habentur;
1233 3882 1299 3928 item
1315 3881 1342 3927 in
1359 3892 1385 3925 v.
1407 3878 1436 3926 tt
1453 3892 1509 3926 non
1525 3879 1715 3928 credidernrrt;
1733 3882 1799 3929 item

467 3973 495 4020 in
508 3985 534 4019 v.
553 3973 581 4021 tl
598 3970 777 4034 exprobravit
792 3970 1015 4020 incredulitatem
1030 3974 1058 4018 et
1073 3969 1206 4018 duritiam
1221 3968 1313 4017 cordis
1325 3971 1377 4016 otc.
1395 3966 1450 4016 Sed
1465 3967 1559 4015 dicunt
1574 3966 1670 4016 deesse
1684 3968 1709 4015 id
1725 3970 1798 4031 quod

466 4062 494 4109 in
509 4072 535 4108 v.
551 4060 565 4108 7
581 4066 641 4109 erat
656 4061 867 4117 annuntiatum,
882 4058 974 4108 lesum
984 4059 1013 4106 ln
1035 4057 1165 4107 Galliaea
1179 4058 1214 4106 iis
1228 4059 1428 4119 appariturum.
1448 4059 1482 4104 ht
1498 4057 1570 4103 adid
1586 4057 1660 4118 qnod
1675 4070 1797 4118 orange·

465 4149 530 4199 lista
543 4150 596 4199 sibi
608 4151 766 4212 proposuit,
784 4149 844 4198 scil.
861 4151 892 4198 ut
904 4148 1110 4197 demonstraret
1123 4149 1195 4196 sicut
1207 4147 1314 4208 reliqua
1330 4145 1393 4194 lesu
1408 4145 1442 4194 de
1456 4159 1486 4193 se
1499 4147 1629 4194 vaticinia
1643 4149 1680 4206 (in
1702 4146 1739 4202 ld,
1753 4146 1795 4194 33.

465 4237 498 4288 tl
511 4241 539 4289 et
551 4238 626 4303 alibi)
645 4239 684 4286 ita
699 4237 767 4287 illud
782 4250 894 4300 quoque
908 4250 1046 4299 resurgam
1059 4248 1122 4285 esse
1134 4237 1317 4298 completum,
1333 4247 1447 4297 prorsus
1463 4234 1532 4282 nibil
1547 4234 1681 4282 relerebat
1698 4234 1797 4284 ellerre

463 4339 528 4377 eum
541 4329 570 4376 in
586 4327 713 4377 Galilaea
725 4327 900 4390 apparuisse.

500 4415 570 4466 Dein
580 4419 710 4465 notantur
725 4415 853 4476 singulae
866 4414 1004 4477 quaedem
1016 4415 1214 4477 expressiones
1228 4425 1298 4475 quae
1311 4411 1477 4460 ascribendi
1490 4412 1571 4460 modo
1587 4411 1670 4458 ilarii
1686 4412 1795 4463 alienae

462 4507 528 4555 sint.
546 4506 649 4555 Verum
664 4508 706 4554 est
722 4504 749 4552 in
765 4517 790 4551 v.
815 4503 830 4553 9
851 4503 918 4552 illud
938 4498 1002 4569 apol
1024 4505 1046 4553 si
1062 4501 1200 4552 releratnr
1211 4502 1247 4550 ad
1267 4496 1372 4556 ἀναστάς
1389 4500 1491 4549 babere
1510 4499 1614 4561 alirprid
1630 4499 1795 4549 ollensionis

463 4597 577 4658 propter
591 4609 616 4642 r.
631 4595 661 4653 ‘l;
681 4597 747 4643 item
763 4593 979 4655 inirari·poteria
994 4606 1069 4642 niinc
1089 4592 1173 4641 scribi
1192 4589 1275 4656 πρώτῃ
1291 4586 1431 4641 ariddaeo.
1449 4602 1511 4638 cum
1534 4602 1558 4636 r.
1577 4589 1591 4636 ‘2
1608 4592 1739 4650 scripturn
1759 4592 1793 4639 sit

462 4683 507 4751 μιᾷ
519 4685 567 4732 τῶν
580 4679 718 4732 σαὸίάτων.
734 4682 816 4732 Unde
832 4682 902 4731 haec
915 4685 978 4745 post
988 4694 1091 4746 paucas
1107 4682 1260 4730 sententias
1272 4679 1380 4728 dicendi
1398 4680 1534 4727 varietas?
1548 4677 1691 4740 Explicnnt
1708 4679 1793 4741 aliqui

496 4875 593 4928 hvide
613 4881 713 4940 praeter
733 4876 885 4938 interpretes
904 4874 997 4934 Zaba,
1009 4872 1162 4925 Gescbichle
1175 4871 1221 4922 des
1242 4875 1351 4922 neutest.
1371 4874 1474 4921 Kanons
1493 4872 1539 4919 ua
1562 4886 1584 4932 p.
1608 4874 1666 4919 titt:
1686 4871 1790 4933 Leipzig,

461 4959 584 5022 lirlangen
604 4961 671 5009 1890.
