3960 5654
150 694 180 735 v.
207 679 244 736 ll
270 669 505 735 adnectendum
533 686 603 730 esse
628 671 736 734 dicant
758 671 797 733 ad
819 688 851 731 v.
876 671 916 730 36
940 668 1023 750 (Cai.
1048 671 1132 731 lans.
1158 667 1255 730 Matd.
1283 669 1361 753 Lap.
1390 669 1479 732 Patr.

116 829 120 840 .
149 770 280 845 Scirona,
296 766 386 847 Fit).
403 768 566 829 Christum
585 768 764 831 doctrinam
783 767 908 828 tradere
925 786 1004 846 quae
1021 787 1093 830 cum
1114 767 1168 826 illa
1181 768 1214 826 in
1233 785 1262 827 v.
1276 771 1315 830 36
1334 785 1482 848 expressa

148 864 329 939 cohaereat
348 867 462 945 utique
481 865 601 926 clarum
623 872 681 928 est.
698 871 737 928 ht
751 867 921 945 propterea
940 884 1038 928 nexus
1054 882 1128 926 cum
1143 866 1404 947 antecedentibus
1418 883 1482 925 non

148 969 275 1047 oportet
288 964 507 1044 abrumpatur.
524 965 592 1024 Duo
613 966 700 1026 enim
715 964 852 1025 obstant.
868 963 1027 1024 Particula
1042 963 1160 1041 quippe
1173 960 1218 1019 καὶ
1233 980 1307 1024 sane
1324 965 1482 1026 indicatur

148 1081 246 1126 nexus
261 1062 475 1142 propinquior
487 1066 519 1121 et
533 1078 609 1123 cum
628 1060 845 1142 interpellatio
860 1062 986 1122 loannis
1003 1079 1034 1122 v.
1049 1062 1089 1122 38
1103 1062 1307 1139 grammatice
1326 1080 1482 1141 propona-

147 1167 201 1223 tur
213 1161 281 1222 sine
296 1161 363 1222 ulla
376 1178 451 1222 cum
467 1160 730 1222 antecedentibus
749 1158 990 1234 coniunctione,
1008 1175 1112 1220 sermo
1126 1159 1330 1238 grammatice
1343 1177 1408 1219 non
1423 1177 1481 1237 po-

148 1262 210 1321 test
224 1277 310 1320 nunc
326 1258 435 1320 reterri
449 1257 532 1317 adv.
549 1258 600 1317 36.
615 1259 736 1319 Nexum
751 1256 936 1336 propiorem
947 1256 1010 1318 iam
1026 1257 1206 1317 indicarunt
1226 1255 1303 1317 Vict.
1323 1255 1481 1338 Thespi:

147 1357 420 1435 quemadmodum
439 1359 547 1417 autem
563 1356 589 1414 si
609 1372 710 1416 unum
730 1371 768 1416 ex
789 1353 895 1432 parvis
913 1352 1117 1416 honoraveris
1136 1360 1244 1433 gratus
1261 1355 1323 1416 eris
1339 1357 1419 1428 lieo,
1436 1355 1482 1415 sic

148 1455 175 1515 si
189 1472 289 1517 unum
305 1452 584 1526 scandalizaveris,
602 1452 768 1532 expediret
785 1450 844 1512 tibi
863 1455 941 1524 etc.;
958 1459 991 1514 et
1010 1457 1046 1513 ut
1058 1469 1237 1512 sermonem
1255 1453 1356 1531 magis
1371 1453 1482 1513 reddat

147 1557 324 1632 acceptum,
339 1568 414 1613 eum
429 1568 494 1612 nou
504 1549 609 1610 solum
622 1550 662 1610 ab
674 1550 806 1626 honore,
817 1549 874 1610 sed
888 1550 986 1613 etiarn
1002 1567 1020 1610 a
1035 1567 1136 1629 poena
1151 1549 1364 1612 commendat.
1379 1550 1480 1611 Aliam

147 1649 377 1712 connexionem
396 1649 516 1727 reperit
542 1644 655 1722 Weiss,
675 1647 782 1708 afferri
801 1647 871 1710 scil.
892 1647 989 1708 aliam
1009 1647 1179 1723 rationem,
1200 1664 1257 1709 cur
1275 1648 1344 1719 ille,
1359 1646 1399 1708 de
1415 1665 1480 1726 quo

148 1748 279 1810 loannes
292 1766 323 1808 v.
337 1749 394 1818 38,
409 1764 473 1807 non
493 1746 536 1806 sit
550 1743 786 1825 prohibendus3
802 1743 1055 1825 prohibitionem
1072 1746 1158 1807 enim
1178 1763 1338 1807 cessuram
1359 1763 1427 1806 esse
1448 1745 1481 1804 in

147 1845 332 1907 scandalum
352 1848 384 1905 et
402 1843 543 1905 scandali
565 1860 670 1921 poena
691 1859 761 1904 esse
782 1842 1005 1904 coercendam.
1024 1844 1143 1904 Verum
1170 1843 1204 1903 id
1225 1860 1391 1923 perperam
1416 1843 1480 1903 dici

147 1942 281 2005 videtur.
297 1944 377 2003 Nam
391 1941 528 2021 apostoli
542 1941 608 2001 iam
622 1940 853 2020 prohibuerant
865 1957 952 2013 eum,
969 1941 1129 2002 Christum
1143 1945 1252 2002 autem
1267 1957 1321 2002 eos
1335 1959 1480 2002 accusare

147 2040 286 2102 voluisse
307 2038 448 2101 scandali
468 2038 534 2099 dati
549 2042 582 2099 et
597 2038 642 2098 ita
656 2036 791 2116 quidem
808 2043 846 2099 ut
864 2038 905 2098 iis
924 2038 1023 2099 satius
1040 2038 1152 2100 suisset
1167 2039 1200 2098 in
1216 2038 1411 2117 protundum
1427 2039 1481 2099 de·

146 2139 258 2218 mergi,
271 2138 344 2217 quis
359 2135 489 2198 credet?
499 2138 633 2215 lusuper
645 2135 747 2198 alium
760 2135 931 2215 prohibere
944 2136 984 2196 ab
997 2153 1055 2197 usu
1070 2137 1267 2198 auctoritatis
1277 2154 1373 2216 quarn
1388 2138 1427 2198 ab
1442 2155 1480 2197 co

147 2237 229 2298 male
249 2239 434 2315 usurpatam
456 2233 621 2296 existimas
635 2251 700 2294 non
720 2237 827 2313 potest
844 2234 969 2295 censeri
988 2233 1170 2295 scandalum
1189 2235 1237 2295 vel
1252 2235 1480 2296 offendiculum

147 2333 178 2396 ei
192 2334 332 2396 obiicere
349 2338 381 2393 et
395 2331 549 2411 peccandi
565 2331 767 2393 occasionem
786 2336 819 2393 et
833 2330 958 2415 ruinam
976 2332 1005 2392 ei
1020 2332 1144 2392 allerre.
1160 2334 1240 2392 Nam
1255 2338 1290 2393 ut
1302 2331 1364 2394 boc
1378 2333 1480 2402 fieret,

147 2432 280 2495 deberet
299 2431 438 2510 supponi
459 2446 535 2491 eum
555 2428 773 2507 prohibitione
792 2430 847 2490 illa
865 2446 978 2490 revera
996 2435 1107 2509 putare
1126 2447 1159 2491 se
1174 2447 1268 2509 agere
1285 2431 1434 2491 illicitum
1449 2436 1482 2490 et

147 2530 359 2591 nihilominus
373 2545 523 2609 pergere3
539 2544 634 2607 porro
651 2527 677 2586 si
693 2526 866 2606 probibitio
880 2527 936 2587 illa
950 2526 1030 2588 iacta
1040 2533 1089 2589 est
1101 2526 1179 2588 bona
1193 2526 1267 2608 fide,
1282 2529 1329 2589 uti
1344 2528 1480 2607 apostoli

147 2632 231 2692 certe
247 2628 408 2700 iecerunt,
425 2626 472 2686 illi
487 2625 575 2687 nullo
596 2625 694 2686 modo
713 2625 852 2686 scandali
875 2630 1009 2704 possunt
1027 2642 1097 2686 esse
1116 2627 1173 2687 rei.
1193 2626 1295 2698 Quare
1315 2628 1411 2687 etiam
1425 2627 1481 2687 abs

147 2744 181 2789 re
197 2731 247 2788 est
264 2745 361 2785 anan
374 2743 405 2785 v.
422 2727 458 2785 ll
476 2741 549 2784 cum
571 2720 649 2785 Vict.
674 2720 768 2783 Weiss
787 2722 964 2803 intelligere
980 2723 1019 2783 de
1039 2724 1095 2784 illo
1114 2741 1210 2803 quem
1224 2724 1358 2802 apostoli
1374 2724 1482 2803 probi-

147 2825 287 2899 buerint,
301 2841 365 2884 uon
379 2822 508 2900 quidem
523 2825 694 2900 propterea
707 2821 883 2907 quiaesset
895 2821 1054 2883 incertum
1069 2818 1282 2901 pertineretne
1296 2821 1335 2883 ad
1350 2823 1482 2883 creden-

148 2926 212 2996 tes,
232 2922 280 2982 uti
302 2921 450 3000 opinatur
475 2915 597 2980 Seiana
619 2953 661 2964 —
683 2922 717 2979 at
739 2917 904 2997 quomodo
928 2918 997 2981 sine
1018 2919 1080 2980 fide
1100 2920 1232 2999 pelleret
1255 2921 1428 2981 daemones
1448 2920 1480 2979 in

147 3020 278 3081 nomine
301 3019 395 3079 lesu?
415 3034 453 3079 eo
478 3016 566 3094 quod
590 3016 652 3077 hoc
675 3015 807 3076 nomine
834 3017 947 3087 utitur,
975 3021 1163 3095 potestatem
1187 3019 1220 3077 in
1243 3019 1315 3078 lesu
1339 3018 1480 3079 residere

147 3117 344 3197 agnoscit-
358 3114 415 3175 sed
435 3114 511 3192 quia
524 3115 590 3174 iam
603 3131 622 3173 a
636 3133 667 3173 v.
682 3115 721 3174 39
742 3117 775 3173 et
787 3115 829 3174 40
845 3113 947 3174 oratio
963 3114 1066 3174 evasit
1080 3115 1180 3193 magis
1195 3115 1353 3193 generalis
1367 3120 1399 3175 et
1414 3116 1481 3193 ipse
1555 3120 1557 3125 “

148 3214 262 3277 modus
276 3212 428 3292 loquendi
444 3228 571 3290 quoque
586 3212 663 3274 inv.
680 3212 717 3271 ll
735 3211 870 3272 eandem
886 3210 1021 3272 formam
1035 3213 1216 3291 generalem
1231 3230 1305 3291 prae
1320 3231 1353 3273 se
1369 3214 1440 3274 lert.

193 3449 365 3524 Quantum
380 3442 465 3511 mali
487 3442 570 3509 insit
589 3440 751 3509 scandalo
765 3446 799 3507 et
815 3446 946 3533 quanta
962 3441 1159 3509 fortitudine
1175 3443 1292 3510 omnia
1308 3444 1410 3511 etiam
1424 3467 1481 3511 an-

54 3538 56 3541 *
149 3552 287 3620 rissima
301 3571 458 3641 quaeque
478 3542 688 3615 removenda
701 3547 771 3615 sint
784 3551 818 3614 et
830 3548 1040 3638 spernenda,
1061 3550 1090 3616 si
1104 3551 1294 3617 occasiones
1312 3556 1344 3616 et
1359 3553 1481 3618 incita-

151 3662 265 3740 menta
277 3657 450 3725 evaserint
462 3659 701 3746 peccatorum,
721 3653 874 3722 declarat
886 3654 1038 3722 Christus
1050 3655 1291 3746 inexemplum
1309 3679 1482 3725 assumens

149 3765 300 3856 corporis
315 3762 471 3831 membra
485 3783 569 3853 prae
587 3759 664 3827 aliis
682 3759 890 3843 necessaria,
908 3783 996 3851 quae
1018 3761 1216 3829 abscindere
1233 3765 1379 3832 maximo
1403 3787 1480 3832 cum

151 3871 268 3939 dolore
287 3873 321 3938 et
339 3869 466 3937 damno
487 3869 594 3935 satius
611 3889 682 3935 esse
700 3866 850 3935 affirmat
868 3889 974 3957 quam
993 3867 1035 3934 iis
1055 3869 1091 3935 in
1111 3874 1287 3960 peccatum
1301 3870 1427 3938 adduci
1449 3878 1482 3938 et

150 3978 297 4047 aeternis
311 3976 414 4044 obiici
438 3974 629 4042 tormentis.
654 3979 853 4042 Sermonem
867 3995 938 4040 esse
957 3974 1228 4064 metaphoricum
1244 3980 1353 4066 patet,
1370 4000 1482 4068 neque

150 4087 242 4154 enim
253 4084 489 4152 membrorum
499 4080 705 4150 abscissione
719 4079 871 4171 pericula
882 4079 1048 4170 peccandi
1058 4088 1289 4165 removentur,
1302 4106 1482 4152 removen-

149 4199 207 4261 tur
219 4197 334 4261 autem
346 4192 448 4258 firma
465 4187 652 4257 voluntatis
674 4210 695 4255 a
713 4186 804 4254 melo
826 4187 1002 4256 aversione
1017 4192 1050 4253 et
1068 4189 1120 4255 sui
1135 4189 1361 4277 abnegatione
1380 4214 1481 4281 opem

149 4300 280 4368 ferente
299 4299 357 4365 [lei
376 4297 505 4384 gratia;
530 4317 562 4362 v.
581 4301 624 4364 ti
642 4306 675 4361 et
688 4293 719 4360 si
737 4292 1023 4361 scandalizaverit
1041 4305 1072 4361 te
1090 4318 1212 4362 manses
1231 4309 1308 4378 tna,
1323 4297 1482 4365 abscinde

149 4405 260 4487 illam,
272 4406 300 4472 si
312 4404 398 4495 quid
406 4405 448 4471 sit
463 4403 550 4471 adeo
563 4423 682 4470 carum
693 4422 733 4468 aa
746 4401 973 4469 necessarium
987 4405 1025 4468 ut
1035 4422 1153 4470 manus
1165 4426 1233 4493 quo
1247 4402 1290 4470 ad
1305 4412 1482 4494 peccatum

150 4512 310 4580 inductus
322 4511 445 4593 fueris,
461 4531 600 4577 remove
610 4507 697 4576 illud
711 4529 754 4575 ne
767 4509 891 4576 iterum
907 4507 971 4574 tibi
984 4507 1045 4576 fiat
1052 4509 1184 4577 occasio
1197 4509 1316 4577 ruinae
1332 4511 1482 4600 (attende

150 4628 454 4709 scandalizaverit,
475 4614 686 4717 σκανδαλίσῃ
710 4625 752 4693 ci.
770 4647 802 4691 v.
818 4624 892 4714 t1);
912 4623 1036 4691 bonum
1050 4600 1324 4693 tidr'estdebr'ienr
1338 4628 1482 4694 introire

151 4730 188 4796 in
201 4727 308 4795 vitam
321 4748 427 4816 quam
443 4725 530 4792 duas
541 4746 664 4792 manus
680 4722 860 4791 habentem
871 4724 919 4790 ire
934 4723 971 4790 in
981 4723 1190 4814 gehennam,
1210 4724 1246 4791 in
1260 4726 1371 4815 ranem
1391 4726 1484 4792 inea-

148 4833 401 4924 stimulatum
420 4833 462 4900 ci.
480 4833 594 4900 llatth.
614 4837 774 4915 2›29·3⁰3
802 4835 896 4912 18‚8.
912 4837 945 4898 9.
962 4835 1090 4898 Nomen
1109 4831 1267 4920 gehenna
1281 4833 1361 4899 olim
1373 4834 1484 4919 signi-

150 4941 276 5011 ficabat
293 4940 419 5008 vallem
433 4941 580 5029 llinnorn
600 4940 656 5008 vel
672 4938 797 5007 vallem
810 4936 959 5006 filiorum
980 4939 1139 5023 binnam,
1157 4962 1245 5030 quae
1259 4940 1346 5008 inira
1364 4939 1482 5008 urbem

90 5242 166 5312 k
