3960 5654
816 437 818 441 ’
892 461 983 505 nanc.
1004 446 1033 520 3,
1057 449 1107 508 2¹.
1264 512 1266 517 ,
1615 447 1672 510 105

339 613 442 676 usque
457 600 495 659 ad
511 613 628 656 annum
648 599 847 678 trigesimum
867 595 965 657 vitam
987 599 1090 677 egisse
1113 613 1333 671 communem,
1347 600 1387 661 ab
1402 597 1474 660 aliis
1488 595 1567 657 nihil
1582 597 1671 659 diue

338 705 475 764 rentem,
493 694 635 756 viderant
657 699 760 776 ipsum
780 693 839 752 arti
859 693 962 755 fabrili
981 701 1146 756 vacantem
1168 698 1200 753 et
1221 695 1364 755 sciebant
1386 715 1460 758 eum
1476 712 1604 775 operam
1618 694 1670 753 lit-

338 796 413 854 teris
434 809 598 868 nunquam
618 795 760 861 dedisse;
782 800 911 870 egerant
929 811 1003 854 cum
1025 794 1093 871 ipso
1113 791 1327 852 familiariter.
1346 793 1420 853 lnde
1441 796 1558 854 factum
1575 796 1623 854 est
1636 796 1671 851 ut

335 891 414 952 nihil
430 890 633 967 magnificum
651 892 690 950 de
707 904 746 948 eo
761 891 880 951 sentire
896 892 1050 951 valerent.
1071 890 1151 950 Cum
1167 890 1276 967 itaque
1288 889 1437 950 audirent
1452 909 1532 967 quae
1547 892 1586 952 de
1601 890 1670 968 ipso

335 988 559 1049 nuntiabantur
574 989 701 1049 insolita
713 1003 783 1046 esse
799 993 831 1047 et
845 986 1086 1067 supramodum
1100 988 1312 1048 humanarum
1326 987 1455 1061 virium,
1473 988 1577 1048 furore
1593 1005 1671 1066 quo·

335 1087 409 1146 dam
423 1089 454 1144 et
467 1084 621 1146 daemone
639 1084 688 1161 agi
704 1084 854 1144 dixerunt
868 1091 963 1163 atque
979 1086 1054 1145 hinc
1070 1086 1139 1146 fieri
1151 1090 1185 1146 ut
1197 1102 1279 1145 nova
1293 1091 1387 1163 atque
1400 1085 1542 1147 inaudita
1556 1085 1671 1146 faceret

339 1188 372 1243 et
386 1182 514 1244 doceret
528 1182 647 1260 (lanc),
661 1181 710 1242 vel
725 1188 917 1259 putaverunt
932 1200 1006 1244 eum
1022 1200 1152 1243 versum
1167 1183 1200 1243 in
1218 1183 1372 1243 insaniam
1387 1187 1419 1243 et
1432 1183 1531 1244 veluti
1547 1183 1672 1243 fatuum

335 1279 504 1358 garriendo
524 1282 700 1342 discurrere
713 1279 821 1360 (Cot).
839 1281 941 1352 Quare
961 1297 1056 1341 suum
1076 1298 1146 1341 esse
1163 1281 1333 1360 putabant,
1350 1286 1385 1341 ut
1398 1298 1473 1342 eum
1487 1281 1672 1342 cohiberent

339 1380 517 1439 metuentes
533 1379 612 1438 forte
628 1377 725 1437 etiam
740 1396 779 1439 ne
796 1378 891 1438 rebus
911 1396 968 1457 per
987 1380 1091 1439 lesum
1108 1379 1230 1438 novatis
1243 1382 1310 1439 tota
1323 1379 1422 1440 simul
1435 1378 1582 1456 cognatio
1598 1394 1669 1456 per-

339 1474 466 1537 deretur
481 1482 513 1537 et
529 1475 752 1555 profligaretur
763 1475 838 1537 odio
853 1476 923 1536 eius
936 1476 1203 1536 adversariorum.

380 1576 461 1636 llaec
476 1573 620 1651 quamvis
636 1574 669 1633 in
688 1591 721 1634 se
737 1591 812 1633 vera
827 1591 897 1634 esse
917 1574 1054 1652 possint,
1072 1561 1180 1635 tamen
1193 1573 1283 1635 valde
1298 1574 1412 1636 dubito
1432 1592 1510 1635 num
1524 1573 1584 1634 hoc
1598 1573 1669 1634 loco

338 1671 562 1731 contineantur
581 1672 630 1731 vel
646 1671 864 1732 enuntientur.
882 1673 961 1731 Nam
977 1672 1031 1749 qui
1048 1671 1093 1731 ita
1110 1670 1272 1749 explicant
1285 1671 1403 1732 debent
1417 1671 1497 1732 illud
1512 1668 1670 1738 ἀκούσαντες

339 1768 454 1829 referre
470 1767 582 1828 saltem
598 1768 636 1828 ad
652 1768 761 1829 omnia
778 1785 860 1846 quae
876 1770 997 1830 Marcus
1013 1786 1154 1847 eousque
1171 1771 1212 1831 de
1226 1770 1295 1830 lesu
1313 1770 1549 1848 praedicatione
1564 1774 1596 1830 et
1610 1769 1669 1828 mi·

337 1865 451 1925 raculis
467 1865 619 1939 narravit;
632 1866 711 1927 alias
723 1866 810 1926 enim
826 1867 956 1928 insolita
971 1866 1028 1927 illa
1047 1872 1173 1945 atquae
1187 1868 1251 1927 sint
1263 1885 1358 1946 supra
1374 1867 1503 1928 modum
1519 1867 1671 1928 humana-

336 1981 407 2022 rum
421 1963 537 2024 virium
553 1982 616 2025 non
630 1964 833 2024 haberentur.
850 1964 911 2024 Sed
931 1965 972 2025 de
986 1964 1042 2025 tali
1059 1964 1146 2025 vocis
1164 1965 1369 2043 explicatione
1385 1982 1514 2044 prorsus
1527 1964 1605 2025 nihil
1619 1964 1670 2024 in-

336 2059 474 2135 dicatur,
489 2079 527 2122 ea
541 2061 723 2122 excluditur
736 2067 866 2140 propter
884 2078 1002 2124 nexum
1019 2063 1074 2140 qui
1090 2063 1223 2123 effertur
1240 2064 1325 2123 inter
1343 2081 1373 2121 v.
1385 2062 1425 2122 20
1439 2068 1472 2123 et
1483 2065 1532 2123 2¹.
1551 2055 1668 2123 Eodem

336 2176 417 2220 nexu
432 2160 652 2237 prohibemur,
669 2177 708 2220 ne
724 2163 864 2220 emnam
878 2177 952 2221 cum
974 2161 1056 2241 Bisp.
1072 2161 1200 2238 Soleae,
1219 2160 1280 2222 Fit.
1301 2160 1394 2221 Weiss
1408 2161 1517 2221 referri
1529 2160 1671 2221 dicamus

337 2257 375 2317 ad
395 2257 561 2328 Nazareth;
576 2275 651 2317 nam
668 2258 700 2316 in
715 2276 744 2316 v.
758 2258 798 2318 ΞΟ
811 2263 960 2318 narratur
974 2265 1109 2319 eventus
1124 2260 1181 2336 qui
1194 2258 1292 2319 semel
1307 2258 1528 2337 capharnaum
1540 2257 1672 2336 contigit

337 2361 369 2415 et
385 2355 427 2415 ita
440 2355 583 2432 quidem,
600 2360 635 2415 ut
649 2361 802 2417 consueto
815 2361 958 2433 tempore
973 2356 1116 2416 Christus
1128 2374 1201 2418 cum
1216 2356 1371 2434 apostolis
1385 2374 1451 2416 non
1465 2360 1573 2433 posset
1584 2372 1671 2417 men-

338 2470 389 2513 sae
404 2455 606 2527 accumbere;
625 2452 713 2531 quod
727 2453 893 2514 audientes
909 2454 1072 2528 exierunt,
1089 2460 1167 2528 etc.;
1187 2455 1284 2515 talem
1299 2459 1409 2516 autem
1427 2471 1589 2516 rumorem
1603 2471 1672 2532 per-

337 2550 435 2611 latum
451 2568 520 2611 esse
538 2551 689 2612 Nazareth
712 2551 851 2629 indeque
870 2569 1015 2630 egressos
1030 2553 1139 2612 statim
1159 2551 1299 2619 adfuisse
1315 2556 1352 2613 ut
1366 2553 1474 2614 lesum
1491 2551 1594 2613 turbis
1609 2550 1671 2612 eri·

337 2655 447 2726 parent
467 2649 560 2728 plane
576 2648 788 2727 improbabile
803 2654 861 2709 est.

377 2748 456 2808 Sunt
472 2764 599 2825 quoque
613 2746 669 2826 qui
684 2745 798 2807 Christi
813 2752 964 2826 cognatos
978 2748 1017 2807 ab
1033 2747 1234 2808 accusatione
1245 2748 1388 2808 insaniae
1403 2749 1435 2807 in
1453 2749 1555 2808 lesum
1570 2746 1671 2808 ahsol-

336 2849 419 2905 vant.
439 2844 473 2905 ld
498 2845 584 2923 quod
603 2845 687 2904 varia
705 2845 828 2905 ratione
849 2848 1009 2905 tentatum
1029 2851 1092 2918 est;
1115 2863 1170 2906 eos
1188 2844 1257 2905 scil.
1278 2845 1416 2918 venisse,
1434 2847 1508 2924 quia
1524 2845 1670 2906 homines

337 2942 481 3003 dicebant
495 2960 569 3005 eum
585 2959 653 3003 esse
670 2943 701 3001 in
716 2943 855 3004 furorem
868 2960 1013 3015 versum;
1028 2943 1073 3003 ita
1090 2943 1201 3013 Euat,
1218 2944 1274 3022 qui
1287 2943 1398 3005 scribit
1413 2961 1419 3003 :
1438 2943 1527 3019 ἔλεγον
1541 2943 1593 3023 γάρ
1606 2965 1671 3009 τινες

335 3040 466 3119 φθονερά,
483 3041 523 3099 ὅτι
540 3039 744 3119 παρεφρόνησες
765 3041 835 3100 sim.
853 3041 947 3114 Fau,
964 3040 1050 3102 hunc
1068 3058 1233 3101 rumorem
1249 3040 1410 3119 perlatum
1433 3059 1502 3102 esse
1520 3040 1670 3102 Nazareth

335 3139 471 3217 ideoque
488 3138 558 3199 illos
572 3139 709 3211 venisse,
724 3137 831 3215 Lamp,
854 3137 963 3215 Weiss,·
979 3138 1036 3199 sed
1051 3139 1133 3200 bene
1154 3142 1242 3199 notat
1255 3137 1368 3212 Malu,
1384 3139 1416 3200 id
1431 3138 1579 3201 subtilius
1593 3138 1667 3200 dici.

335 3236 396 3297 atii
410 3255 417 3295 :
434 3237 612 3315 discipulos
626 3237 744 3297 dixisse
758 3255 765 3295 :
778 3238 915 3316 populus
932 3237 965 3296 in
979 3237 1117 3297 furorem
1132 3255 1244 3298 versus
1258 3242 1317 3309 est,
1330 3237 1467 3316 populus
1483 3238 1526 3297 ita
1540 3254 1575 3297 se
1585 3237 1668 3317 gerit

336 3336 424 3413 quasi
438 3353 500 3395 non
514 3335 589 3395 satis
602 3351 696 3396 sanus
708 3341 806 3405 esset;
824 3335 907 3395 unde
921 3334 1017 3396 etiam
1032 3339 1165 3411 κρατῆσαι
1175 3335 1252 3393 αὐτόν
1263 3340 1300 3395 ut
1313 3335 1472 3414 populum
1485 3338 1669 3396 coercerent

334 3434 384 3493 vel
402 3433 595 3503 inhiberent,
608 3433 857 3509 interpretantur
870 3432 921 3510 (cf.
938 3431 1120 3509 schoettgen
1133 3433 1173 3495 ad
1187 3433 1219 3493 b.
1238 3432 1282 3512 1.).
1300 3434 1362 3494 Alii
1377 3450 1415 3494 eo
1430 3434 1669 3495 offendebantur

272 3564 274 3568 ·
334 3531 420 3609 quod
448 3532 534 3592 lesus
559 3531 676 3592 furoris
707 3535 739 3590 et
764 3530 902 3590 insaniae
929 3537 1148 3604 accusaretur,
1174 3531 1259 3591 unde
1284 3548 1394 3592 vocem
1416 3529 1507 3602 ἐξίστη
1525 3531 1565 3592 ad
1589 3531 1668 3592 alias

335 3630 483 3690 notiones
518 3629 641 3689 trahere
666 3628 875 3689 conabantur.
896 3629 961 3688 lam
989 3629 1088 3689 Euat.
1106 3635 1335 3690 commemorat
1361 3630 1441 3690 alios
1470 3629 1670 3708 interpretari

335 3728 439 3797 ἀπέστη
457 3725 505 3783 ἀπ’
520 3727 606 3784 αὐτῶν
624 3725 667 3784 διὰ
687 3725 731 3785 τὸν
750 3725 849 3805 ὄχλον,
872 3726 951 3786 alios
969 3745 975 3785 :
995 3726 1168 3788 dissolutus
1188 3731 1237 3787 est
1259 3744 1276 3786 a
1298 3728 1406 3806 vigore
1431 3727 1572 3805 eorporis
1595 3744 1669 3806 prae

336 3826 434 3886 nimio
454 3826 577 3899 labore;
600 3825 643 3884 ita
662 3824 856 3885 recentiores
879 3842 1007 3902 quoque
1025 3825 1123 3902 aliqui
1147 3843 1153 3884 :
1175 3825 1273 3885 nimis
1293 3824 1484 3903 defatigatus
1505 3829 1568 3897 est,
1594 3824 1669 3885 deli·

336 3925 447 4000 quium
465 3941 578 4002 passus
593 3927 642 3983 est
658 3918 800 4002 (Grotius,
819 3921 974 4001 Ifuinoef),
991 3922 1041 3983 vel
1056 3922 1088 3982 in
1109 3923 1247 3984 ecstasin
1261 3926 1370 4001 raptus
1385 3926 1443 3983 est.
1459 3923 1579 3984 Verum
1593 3922 1670 3983 haec

336 4022 445 4080 omnia
456 4026 566 4083 coacta
581 4022 654 4080 sunt
669 4025 701 4080 et
714 4037 732 4079 a
745 4020 875 4079 notione
895 4024 928 4080 et
943 4038 1002 4080 usu
1019 4021 1105 4081 vocis
1120 4021 1291 4094 recedunt;
1306 4021 1345 4081 de
1361 4022 1429 4082 eius
1444 4018 1670 4101 significatione

336 4119 432 4178 etiam
449 4119 520 4179 vide
538 4121 557 4178 2
572 4119 640 4180 Cor.
658 4119 746 4191 5,13;
763 4118 872 4178 Graeci
889 4118 1020 4195 quidem
1038 4136 1133 4198 saepe
1152 4118 1275 4179 addunt
1289 4121 1401 4200 φρενῶν,
1418 4123 1464 4178 τοῦ
1478 4119 1596 4200 ppassim
1613 4117 1668 4179 sed

334 4217 430 4276 etiam
452 4217 553 4277 solam
572 4216 725 4277 adhibent
744 4232 875 4288 vocem;
896 4216 941 4276 ita
964 4217 1150 4277 Aristoteles
1173 4235 1180 4276 :
1202 4215 1336 4284 ἐξίσταται
1356 4216 1402 4274 καὶ
1426 4216 1549 4292 pallara:
1564 4215 1614 4295 (ll.
1631 4217 1667 4276 h.

334 4317 421 4386 6,22;
438 4315 477 4375 cl.
496 4313 627 4388 Cremer,
645 4314 726 4375 bibl.
741 4314 838 4374 theol.
856 4315 1036 4375 Woerterb.
1055 4332 1080 4374 s.
1095 4314 1150 4392 m).
1168 4315 1277 4376 Merito
1294 4315 1405 4376 scribit
1424 4313 1515 4376 uate.
1533 4333 1568 4374 :«
1582 4315 1667 4375 hunc

335 4413 441 4473 locum
462 4412 675 4473 difficiliorem
696 4413 798 4492 pietas
818 4413 906 4484 facit;
926 4413 1003 4491 quia
1025 4413 1111 4473 enim
1131 4414 1258 4474 animus
1275 4413 1383 4474 horret
1401 4431 1465 4474 non
1480 4413 1586 4473 solum
1600 4429 1666 4474 cre-

336 4511 411 4571 dere
431 4511 485 4571 sed
506 4511 643 4588 cogitare
666 4512 762 4570 etiam
787 4510 900 4571 Christi
920 4516 1074 4590 cognatos
1094 4516 1148 4572 aut
1170 4511 1287 4571 dixisse
1305 4519 1357 4571 aut
1380 4512 1575 4572 existimasse
1595 4527 1667 4571 eum

336 4626 406 4669 esse
425 4609 599 4679 furiosum,
621 4608 674 4686 pio
694 4609 831 4687 quodam
852 4608 957 4668 studio
981 4610 1130 4669 nonnulli
1155 4610 1265 4671 relicta
1284 4610 1456 4670 verborum
1476 4609 1667 4688 proprietate

336 4708 413 4768 alias
433 4724 513 4785 quae
534 4706 638 4766 minus
658 4724 677 4765 a
697 4707 816 4785 pietate
834 4706 1003 4767 abhorrere
1022 4707 1206 4769 viderentur
1224 4708 1507 4786 interpretationes
1521 4706 1668 4785 quaesie-

337 4812 426 4876 runt;
451 4805 558 4865 nescio
584 4822 623 4864 an
652 4804 731 4864 dum
755 4806 822 4884 pias
844 4809 1035 4883 quaererent
1060 4806 1155 4866 falsas
1179 4806 1356 4866 invenerint
1384 4830 1411 4866 ν.
1438 4805 1516 4866 hliis
1536 4806 1569 4866 in
1592 4805 1669 4866 locis

337 4903 471 4971 ἐξιστάναι
492 4904 610 4965 dicitur
631 4902 670 4963 de
693 4918 808 4981 magna
827 4904 1009 4965 animorum
1026 4904 1241 4966 commotione
1262 4922 1325 4982 qua
1342 4905 1417 4983 quis
1434 4922 1510 4982 prae
1533 4905 1668 4968 admira-
