3960 5654
220 40 375 86 “auaru-
392 46 407 63 ’·
432 64 435 68 ·
522 40 529 95 ’,
550 39 1381 100 rsrtwrewrs‘mr‘·
1409 62 1413 68 -
1439 58 1441 63 .
1494 71 1510 77 ..
1602 40 1639 81 r:
1683 39 1703 75 ··.-
1723 52 1729 81 .·
1750 48 1760 79 ·.
1795 68 1799 81 .
1821 47 1837 80 ·-v

864 310 1156 383 alietatum.
1359 266 1364 275 l
1618 315 1690 384 263,
1722 355 1724 361 .

347 461 502 552 exempla
521 458 628 529 habes
644 462 759 530 llatth.
782 468 872 544 loa.
895 467 951 527 27.
978 465 1057 529 Luc.
1082 468 1152 543 7,1.
1175 466 1269 528 ioan.
1293 465 1393 540 mm
1410 460 1467 550 (cl.
1485 465 1672 529 Buttmann

347 563 370 631 l.
394 588 424 634 c.
449 592 484 659 p.
507 571 584 633 282.
613 572 695 650 338ς
727 569 842 636 Wimr
867 569 985 652 §50,t
1010 567 1045 652 b)
1073 568 1197 635 iterum
1221 564 1388 656 discipuli
1404 566 1475 633 eius
1497 568 1539 636 de
1557 566 1672 635 eodem

345 671 638 763 iuterroquuerum
657 693 757 756 eum;
773 694 825 739 res
848 674 965 763 itaque
986 672 1028 740 iis
1048 673 1231 741 videbatur
1246 672 1333 740 adeo
1356 694 1443 739 nova
1459 673 1670 757 edifficiis,

344 785 381 845 ut
394 781 436 848 de
456 800 536 846 vero
553 801 654 849 sensu
672 779 836 847 sermonis
854 780 940 848 adeo
958 779 1053 869 plani
1073 778 1299 847 nihilominus
1318 778 1515 846 dubitarent
1535 788 1569 847 et
1592 780 1673 870 quid

258 887 260 891 ’
343 887 391 952 rei
413 889 499 952 esset
521 885 648 954 iterum
670 892 888 977 quaererent;
914 909 947 953 v.
981 894 1018 954 11
1041 898 1074 953 et
1090 885 1143 952 uit
1162 884 1232 952 illis
1256 885 1495 975 :quicumque
1513 885 1675 953 dimiserit

342 1013 586 1060 uxoremsuum
600 1006 634 1062 et
644 991 751 1060 eham
759 992 906 1075 duceret,
921 991 1130 1061 adulterium
1142 992 1324 1059 committit
1330 977 1433 1082 super
1445 1013 1520 1058 eum
1531 985 1673 1062 irs'ulrriv

338 1097 375 1164 in
388 1119 479 1181 eam,
497 1099 661 1170 adversus
680 1121 773 1183 eam,
790 1100 827 1168 in
841 1099 1007 1168 iniuriam
1022 1100 1096 1168 eius
1113 1097 1326 1189 (Erasmus),
1348 1097 1521 1166 adulterat
1540 1101 1671 1166 ratione

339 1203 426 1287 eius,
442 1205 514 1273 scil.
533 1207 616 1298 quia
628 1205 690 1274 etsi
701 1197 778 1275 eam
789 1206 969 1290 dimiserit,
983 1212 1100 1274 tamen
1114 1209 1210 1273 estet
1224 1209 1340 1273 manet
1355 1205 1427 1273 eius
1443 1227 1536 1272 uxor.
1552 1205 1667 1296 Aliqui

338 1301 387 1372 ἐπ’
402 1311 496 1384 earu
512 1319 666 1404 spectare
693 1313 812 1381 volunt
836 1312 882 1381 ad
902 1312 1011 1381 ulium
1030 1304 1129 1384 ἄλλην
1145 1310 1250 1404 (Vict.
1278 1311 1424 1402 theoph.
1450 1312 1555 1379 auct.
1581 1318 1615 1380 et
1632 1335 1671 1380 ex

339 1421 581 1487 recentioribus
601 1422 716 1510 Lampe
721 1470 732 1504 ,
764 1418 905 1503 Ecoald,
940 1418 1058 1503 Bleelr,
1085 1419 1250 1511 Scleqq);
1279 1417 1423 1510 proinde
1458 1416 1664 1486 adulterium

337 1527 517 1593 committit
535 1546 616 1592 cum
634 1547 685 1594 ea.
709 1530 832 1594 Sensus
852 1530 971 1594 manet
993 1526 1105 1609 idem;
1129 1524 1189 1593 sed
1208 1546 1287 1593 cum
1311 1524 1354 1592 de
1372 1546 1474 1592 uxore
1494 1547 1607 1593 sermo
1626 1526 1668 1593 sit

336 1637 370 1697 et
382 1633 494 1720 potius
507 1631 635 1699 iniuria
653 1632 704 1699 illi
723 1632 819 1700 illata
838 1654 931 1700 novo
946 1633 1164 1700 matrimonio
1189 1636 1355 1700 attentato
1377 1631 1549 1714 efferatur,
1572 1631 1667 1721 prior

335 1737 512 1826 explicatio
524 1759 603 1805 cum
618 1737 791 1829 plerisque
806 1745 855 1807 est
876 1738 1067 1807 retinenda.
1092 1737 1204 1805 Simul
1227 1739 1399 1806 evincitur
1412 1737 1498 1804 duas
1511 1737 1668 1827 pluresve

336 1842 455 1911 eodem
469 1848 622 1934 tempore
635 1844 765 1913 habere
779 1867 901 1913 uxores
915 1867 983 1912 non
997 1845 1114 1913 licere.

379 1956 493 2019 Denuo
521 1972 661 2020 manere
687 1952 897 2019 matrimonii
913 1952 1089 2019 vinculum
1121 1950 1315 2018 affirmatur
1347 1974 1380 2017 v.
1411 1957 1451 2017 12
1475 1964 1509 2018 et
1533 1949 1564 2018 si
1581 1969 1667 2016 uuor

334 2055 497 2124 dimiserit
525 2056 637 2125 uirum
657 2079 758 2124 suum
786 2069 819 2125 et
844 2057 910 2126 ulii
929 2057 1085 2148 nupserit
1110 2057 1321 2140 moechatur,
1342 2057 1548 2125 adulterium
1573 2078 1668 2124 com·

334 2164 449 2232 mittit.
465 2163 592 2231 Eadem
611 2163 765 2232 doctrina
784 2163 935 2232 traditur
950 2168 1028 2233 bue.
1046 2155 1191 2248 16,18.'1
1207 2167 1283 2233 Cor.
1303 2171 1394 2247 7,10.
1414 2171 1472 2246 11;
1490 2163 1532 2230 de
1546 2162 1662 2230 llatth.

332 2277 412 2353 5,32
431 2269 650 2355 et19,9vide
667 2294 756 2363 quae
773 2272 891 2339 notavi
908 2259 946 2339 in
961 2274 1151 2340 Commeat.
1167 2275 1181 2339 1
1195 2294 1231 2362 p.
1256 2276 1321 2338 225
1334 2293 1407 2360 seq.
1424 2274 1452 2338 ll
1462 2294 1496 2362 p.
1515 2276 1577 2338 rto
1592 2291 1662 2358 seq.

317 2441 319 2443 ,
332 2378 441 2445 Etiam
459 2377 515 2445 hic
528 2377 696 2445 adnotant
710 2377 819 2469 aliqui
833 2383 1057 2470 protestantes
1068 2377 1238 2446 adulterio
1258 2377 1440 2446 commisso
1463 2374 1579 2443 dirimi
1592 2397 1665 2442 ma-

331 2485 530 2551 trimonium
545 2483 651 2574 idque
664 2506 686 2551 a
699 2490 806 2552 llarco
826 2506 896 2552 non
915 2484 1028 2553 notari
1046 2483 1131 2575 quia
1144 2483 1182 2551 id
1196 2506 1237 2552 ex
1251 2483 1301 2550 rei
1316 2489 1439 2552 natura
1453 2482 1666 2569 intelligatur

331 2591 387 2680 (ol.
419 2589 541 2672 Weiss,
562 2591 665 2682 Keil).
688 2590 740 2658 llli
753 2590 854 2682 plane
870 2590 977 2659 verba
991 2590 1115 2658 Christi
1131 2594 1333 2680 pervertunt
1349 2611 1357 2658 :
1372 2589 1466 2681 quod
1484 2593 1569 2656 Deus
1583 2610 1665 2655 cou-

330 2698 458 2779 iunxit,
486 2697 587 2765 homo
606 2718 675 2764 non
693 2701 842 2787 separet!
863 2702 953 2786 Ergo
978 2696 1169 2766 meandum
1191 2719 1247 2764 eos
1267 2697 1372 2764 homo
1388 2702 1538 2787 separat,
1561 2695 1663 2762 homo

329 2805 429 2873 solvit
441 2802 620 2871 vinculum
634 2809 668 2870 et
681 2804 821 2895 quidem
830 2805 888 2872 ille
901 2805 1009 2895 quiin
1021 2803 1241 2872 matrimonio
1251 2803 1458 2872 adulterium
1468 2800 1660 2871 committit.

330 2915 418 2997 Ergo
436 2914 575 3000 peccato
593 2910 774 2977 commisso
792 2916 908 3000 posset
925 2904 1003 3002 quis
1022 2910 1115 2993 licite
1139 2895 1235 2978 aliud
1262 2909 1462 2977 contrahere
1488 2909 1663 2976 matrimo-

329 3016 425 3083 nium
439 3021 474 3084 et
488 3015 583 3106 quod
597 3016 634 3083 in
657 3021 771 3084 vetere
790 3016 867 3105 lege
883 3038 954 3086 non
976 3015 1103 3085 licebat
1126 3016 1192 3083 nisi
1214 3015 1317 3083 variis
1330 3014 1397 3082 illis
1415 3014 1458 3084 de
1471 3014 1588 3082 libello
1606 3037 1661 3082 re·

329 3122 426 3213 pudii
440 3122 640 3204 observatis,
658 3123 695 3190 in
709 3145 799 3191 novo
811 3123 948 3191 foedere
968 3124 1072 3191 homo
1087 3128 1233 3214 peccato
1247 3121 1394 3190 admisso
1408 3122 1517 3189 multo
1529 3120 1662 3188 facilius

328 3229 522 3319 perliceret!
543 3229 610 3296 Alii
622 3229 743 3297 saltem
756 3230 807 3297 illi
826 3229 888 3321 qui
907 3252 980 3299 non
998 3227 1168 3298 commisit
1189 3228 1398 3297 adulterium
1421 3230 1473 3297 ius
1491 3228 1571 3296 novi
1586 3249 1659 3294 ma-

327 3334 478 3404 trimonii
511 3337 638 3404 servari
660 3335 781 3403 volunt
805 3344 902 3428 parte
927 3336 1082 3405 adultera
1107 3337 1231 3419 eiecta;
1256 3336 1304 3403 ita
1325 3359 1358 3402 v.
1387 3357 1422 3423 g.
1448 3335 1546 3403 docet
1571 3332 1660 3404 Coei·

328 3447 460 3532 partem
483 3444 698 3511 innocentem
717 3441 841 3511 nullibi
858 3443 896 3509 in
919 3464 946 3510 s.
968 3443 1091 3510 litteris
1112 3441 1321 3534 reprehendi
1344 3442 1387 3510 de
1406 3442 1514 3510 altero
1540 3441 1658 3509 matri-

327 3550 440 3617 monio
459 3549 563 3631 inito,
585 3548 793 3640 vituperium
812 3554 846 3617 et
868 3571 1015 3640 poenam
1041 3550 1103 3617 soli
1126 3548 1219 3641 parti
1245 3549 1366 3616 noxiae
1392 3549 1565 3638 imputari.
1592 3547 1657 3615 Sed

327 3656 412 3746 quid
421 3655 504 3723 dicit
519 3656 692 3724 Christus?
704 3655 915 3747 quicumque
927 3656 1071 3724 dimittit
1082 3662 1149 3724 ete.
1165 3655 1372 3723 adulterium
1383 3656 1580 3740 committit,·
1599 3655 1656 3722 sed

324 3761 353 3828 si
362 3762 570 3830 adulterium
579 3764 772 3846 committit,
787 3764 816 3831 si
831 3763 1044 3845 moechatur,
1057 3762 1234 3853 quomodo
1249 3768 1418 3852 apeocato
1429 3768 1463 3830 et
1474 3783 1581 3853 poena
1595 3762 1657 3828 im-

325 3870 438 3935 munis
452 3891 522 3936 esse
541 3870 672 3960 potest?
692 3892 804 3941 nonne
819 3873 1042 3960 praeceptum
1055 3873 1125 3938 est:
1143 3891 1212 3937 non
1227 3869 1484 3937 moechaberis?
1502 3872 1656 3937 Ceterum

323 3975 351 4041 si
364 3974 533 4043 adulterio
554 3977 744 4044 solveretur
762 3976 941 4044 vinculum
965 3998 1006 4043 ex
1031 3981 1144 4044 mente
1161 3974 1303 4057 Christi,
1325 3975 1494 4066 quomodo
1507 3981 1653 4054 llarcus,

326 4086 443 4163 Lucas,
460 4082 583 4149 Paulus
596 4082 633 4150 id
651 4083 841 4172 potuissent
858 4084 1037 4151 omittere?
1055 4083 1124 4151 alia
1139 4081 1269 4173 quibus
1285 4103 1327 4149 ea
1345 4083 1522 4175 explicatio
1542 4080 1655 4171 explo-

323 4189 416 4255 ditur
433 4194 467 4256 et
481 4188 652 4278 quomodo
665 4189 852 4280 antiquitus
866 4190 974 4258 verba
988 4189 1112 4257 Christi
1126 4187 1196 4256 sint
1212 4187 1401 4274 intellecta,
1417 4188 1493 4255 vide
1509 4189 1543 4255 in
1561 4192 1655 4255 Com·

325 4300 428 4362 ment.
445 4295 559 4363 llatth.
582 4294 606 4361 l.
625 4318 656 4362 c.
1473 4305 1475 4310 '

363 4539 540 4611 Quaerunt,
559 4554 618 4598 cur
631 4555 661 4596 v.
679 4539 717 4598 12
733 4539 881 4599 additum
896 4537 938 4599 sit
954 4537 994 4599 de
1011 4537 1145 4601 muliere
1164 4538 1348 4600 dimittente
1367 4544 1400 4600 et
1418 4544 1523 4601 utrum
1546 4540 1652 4602 bacca

324 4636 448 4697 Christo
465 4636 548 4697 dicta
564 4635 628 4696 sint
644 4653 685 4695 an
707 4636 746 4697 ab
763 4636 956 4716 evangelista
971 4654 1009 4699 ex
1028 4637 1173 4699 doctrina
1192 4637 1309 4699 Christi
1329 4638 1477 4700 conclusa
1492 4644 1524 4698 et
1536 4639 1651 4699 addita.

324 4734 501 4811 Opinantur
515 4734 601 4796 enim
615 4733 711 4812 aliqui
728 4735 805 4812 quia
824 4734 910 4814 apud
925 4734 1059 4797 ludaeos
1078 4735 1138 4797 soli
1152 4736 1221 4798 viro
1236 4737 1439 4816 competebat
1454 4741 1592 4816 potestas
1607 4736 1653 4796 di-
