3960 5654
332 472 379 532 ,26
889 492 985 535 uano.
1010 472 1103 542 l,l·2.

264 665 267 669 .
340 621 373 682 S.
392 623 471 684 Hier.
488 627 599 687 scribit
615 641 622 681 :
639 621 780 684 solemus
795 644 852 686 nos
865 624 1033 704 completis
1048 626 1208 699 opusculis
1224 626 1263 686 ad
1279 622 1516 687 distinctionem
1532 619 1578 682 rei
1594 626 1669 686 alte

340 718 405 781 rius
419 725 563 784 medium
584 722 785 798 interponere
805 723 939 800 explicit,
957 726 1010 783 aut
1025 718 1166 798 feliciter,
1183 728 1237 784 aut
1256 721 1378 797 aliquid
1399 721 1582 784 istiusmodi
1602 722 1666 801 (ep.

339 820 412 893 28,l
426 821 465 881 al.
483 820 556 887 l38;
572 817 610 876 cl.
625 818 750 901 Sclieqp,
771 819 886 896 Weiss).
904 822 964 882 Sed
978 819 1056 878 haec
1070 821 1233 897 explicatio
1247 819 1322 878 satis
1338 825 1386 879 est
1401 822 1515 883 ieiuna.
1533 818 1564 877 Si
1582 821 1668 879 enim

329 917 578 992 ¹inscriptionem
594 916 711 978 dixeris
727 918 776 979 vel
792 917 933 990 titulum,
949 933 1067 995 quaero
1083 917 1121 975 ad
1138 919 1213 997 quid
1233 916 1399 991 reseratur.
1418 920 1497 979 Num
1513 916 1553 976 ad
1566 920 1668 976 lotum

340 1012 476 1074 librum?
490 1014 630 1088 proiecto
646 1035 720 1076 non.
741 1017 824 1074 Num
841 1015 878 1074 ad
895 1017 998 1076 solum
1013 1014 1175 1074 exordium
1191 1034 1219 1073 v.
1236 1014 1334 1073 2-13?
1349 1015 1457 1090 utique
1473 1017 1532 1075 hoc
1547 1014 1608 1074 erit
1623 1013 1669 1072 di-

339 1108 487 1171 cendum.
504 1113 543 1170 lit
557 1130 630 1174 cum
646 1132 674 1173 v.
695 1117 732 1173 ll
746 1117 778 1171 et
793 1112 942 1192 deinceps
958 1131 1018 1173 non
1035 1119 1187 1189 sequatur
1201 1111 1263 1173 ulla
1279 1111 1461 1189 inscriptio,
1479 1114 1576 1172 etiam
1591 1112 1668 1171 haec

338 1208 501 1283 responsio
515 1228 578 1270 non
594 1216 700 1289 potest
712 1209 849 1268 admitti.
868 1213 964 1271 llulto
981 1210 1084 1269 minus
1103 1209 1232 1271 concedi
1249 1214 1353 1286 potest
1374 1209 1602 1288 evangelistam
1618 1209 1666 1268 in-

338 1302 452 1365 choare
467 1307 584 1368 librum
600 1325 694 1368 suum
706 1306 801 1365 modo
817 1307 870 1367 illo
887 1326 902 1368 e
917 1309 1010 1368 trivio
1024 1313 1055 1366 et
1070 1312 1212 1386 tempore
1226 1308 1402 1384 posteriore
1415 1307 1514 1384 petito
1532 1326 1539 1366 ε
1558 1307 1669 1387 incipit

329 1388 553 1480 ³evangelium3
574 1423 638 1481 qua
658 1404 865 1481 explicatione
884 1406 960 1482 quid
981 1405 1081 1483 magis
1104 1406 1245 1466 ieiunum
1266 1409 1297 1478 e,t
1319 1421 1605 1483 supervacaneum,
1628 1422 1667 1464 ne

334 1497 441 1576 ‚dicam
457 1502 593 1580 puerile,
612 1502 781 1582 excogitari
802 1504 928 1580 potest?
943 1505 980 1561 Et
996 1520 1161 1581 perperam
1177 1520 1234 1580 pro
1250 1520 1286 1562 ea
1301 1521 1358 1562 nos
1373 1503 1544 1563 remittunt
1558 1501 1598 1561 ad
1613 1503 1666 1563 Os.

339 1599 401 1671 l,l.
417 1601 494 1658 Nam
512 1600 554 1658 ibi
571 1617 636 1658 non
653 1600 770 1660 dicitur
785 1603 899 1679 incipit,
917 1605 990 1672 etc,
1008 1602 1062 1661 sed
1082 1618 1194 1661 sensus
1216 1605 1264 1660 est
1281 1618 1287 1659 :
1305 1617 1377 1661 cum
1393 1604 1476 1661 Deus
1493 1599 1667 1678 prophetae

331 1694 563 1756 allocutionem
581 1697 690 1758 indere
706 1698 870 1775 inciperet,
889 1699 920 1758 id
936 1699 1021 1775 quod
1038 1700 1143 1759 statim
1160 1699 1198 1756 ab
1215 1698 1307 1758 initio
1321 1699 1361 1757 ab
1377 1715 1415 1758 eo
1431 1698 1617 1776 postulavit,
1634 1696 1667 1757 id

332 1810 354 1857 a
373 1811 436 1871 quo
458 1796 757 1856 communicationis
779 1796 902 1855 divinae
926 1796 1054 1856 initium
1075 1796 1271 1867 sumebatur,
1293 1800 1359 1855 erat
1378 1795 1564 1855 mandatum
1582 1794 1665 1855 hoc:

227 1888 230 1895 '
331 1890 429 1960 rade,
447 1896 507 1952 etc.
525 1892 615 1970 (Lxx
629 1892 699 1974 ἀρχὴ
711 1895 789 1969 λόγου
804 1891 902 1972 Κυρίου
919 1893 983 1971 πρὸς
1000 1893 1100 1965 Ὠυηέ;
1118 1899 1258 1953 ceterum
1274 1893 1345 1953 vide
1362 1910 1469 1954 meum
1488 1894 1665 1953 Comment.

337 1987 371 2047 in
385 1989 498 2067 proph.
516 1991 593 2050 min.
612 1993 623 2051 l
640 2011 670 2070 p.
688 1993 751 2069 22).
768 1993 869 2063 Quare
885 1992 1077 2070 principium
1096 1992 1175 2052 Osee
1197 1991 1442 2069 explicationem
1458 2008 1555 2067 quam
1571 2008 1667 2069 supra

329 2084 411 2145 dedi
427 2089 603 2148 confirmat.

218 2170 223 2198 ³
377 2183 440 2243 Alii
461 2185 504 2246 ila
524 2187 684 2264 iungunt:
707 2188 833 2248 initium
852 2188 1006 2266 evangelii
1027 2189 1049 2247 l.
1067 2187 1137 2248 Chr.
1157 2188 1249 2261 (sicut
1264 2188 1416 2264 seriptum
1432 2192 1496 2259 est,
1516 2185 1592 2264 etc.)
1608 2185 1667 2247 luit

329 2281 480 2363 =loannes;
506 2285 637 2362 proinde
663 2305 691 2344 v.
718 2290 730 2346 l
762 2286 945 2345 immediate
969 2286 1169 2346 reseruntad
1192 2305 1220 2343 v.
1245 2289 1263 2344 -t
1283 2290 1315 2345 et
1334 2284 1462 2345 oracula
1482 2284 1667 2363 prophetica

336 2379 515 2456 parenthesi
531 2382 650 2442 inclusa
669 2383 751 2443 inter
764 2386 820 2442 v.l
839 2389 870 2443 et
890 2387 908 2442 t
924 2385 1019 2443 inseri
1041 2384 1164 2454 volunt,
1178 2384 1220 2442 ita
1233 2384 1265 2443 S.
1284 2381 1358 2462 Cpr.
1376 2382 1456 2442 hier.
1474 2381 1557 2460 (loco
1573 2399 1667 2461 supra

328 2469 454 2556 allato),
472 2479 544 2540 Vict.
559 2487 622 2541 ant.
641 2482 672 2540 in
688 2487 748 2542 cat.
764 2483 811 2541 Cr.
828 2501 863 2540 :«
881 2483 1032 2542 loannem
1048 2483 1195 2541 ultimum
1213 2480 1440 2559 prophetarum
1456 2480 1582 2541 initium
1596 2497 1666 2540 esse

223 2564 224 2568 ¹
335 2576 490 2653 evangelii
505 2578 581 2638 dicit
597 2581 718 2640 llarcus
733 2604 761 2650 »,
776 2580 954 2656 eodemque
967 2579 1063 2638 modo
1083 2577 1224 2656 Tempe,
1240 2596 1336 2655 quem
1353 2584 1460 2638 tamen
1473 2577 1557 2638 baud
1571 2579 1665 2655 ‘pauci

213 2675 215 2682 '
333 2669 462 2733 laudant
480 2693 536 2752 pro
558 2677 767 2755 explicatione
787 2696 882 2755 quam
904 2695 999 2755 supra
1017 2678 1199 2754 adoptatam
1220 2677 1360 2737 vidimus
1380 2677 1419 2736 ab
1435 2678 1579 2746 lrenaeo,
1597 2676 1665 2736 Ori-

334 2786 426 2847 gene,
443 2777 521 2844 etc.;
537 2781 569 2834 al
584 2792 764 2853 perperam;
780 2776 861 2836 clare
878 2776 964 2835 enim
981 2776 1111 2835 scribit:
1129 2775 1255 2845 Ἰουὶυυηυ
1275 2775 1361 2853 ἀρχὴν
1375 2766 1442 2832 οἶνοι
1453 2778 1500 2831 τοῦ
1513 2774 1665 2850 εὐαγγελίου

334 2871 380 2925 τοῦ
394 2869 458 2927 itio
478 2875 523 2928 τοῦ
540 2873 609 2932 Θεοῦ
626 2873 706 2952 qap&
721 2874 920 2950 eandemque
936 2874 1172 2952 amplectuntur
1186 2873 1384 2933 iunctionem
1402 2873 1490 2932 Patr.
1512 2870 1662 2947 Vollmer,

335 2965 502 3044 Fritzcclte,
527 2969 717 3045 Laclnzonn,
744 2973 846 3050 Hilziq
866 2971 917 3050 (cl.
941 2973 1063 3049 Meyer).
1083 2974 1123 3031 nt
1143 2969 1325 3032 incredibile
1345 2971 1471 3030 videtur
1492 2971 1664 3030 Marcuma

335 3066 492 3125 structura
505 3067 546 3126 ila
561 3068 706 3128 intricata
721 3070 892 3147 incepisse;
910 3070 984 3129 dein
1004 3070 1072 3147 ipsa
1086 3069 1215 3129 oracula
1229 3068 1416 3148 prophetica
1432 3068 1520 3146 quasi
1536 3085 1594 3145 per
1608 3086 1663 3146 pa·

336 3161 499 3222 renlhesin
514 3165 631 3225 inserta
646 3166 788 3244 proiecto
804 3185 869 3226 non
889 3184 963 3227 eum
979 3169 1032 3244 qui
1050 3168 1088 3226 iis
1105 3167 1238 3227 debetur
1257 3167 1362 3227 locum
1379 3171 1548 3244 occupant.
1566 3166 1664 3226 Multo

332 3257 455 3320 facilius
471 3269 519 3321 est
532 3268 627 3340 atque
643 3265 908 3343 significationem
925 3265 1056 3342 praebet
1066 3264 1238 3324 meliorem
1254 3265 1386 3343 iungere
1403 3282 1410 3323 :
1427 3264 1555 3323 initium
1572 3281 1659 3323 ovan-

330 3357 406 3434 gelii
423 3360 583 3421 eratsicut
598 3363 751 3440 scriplum
765 3369 822 3434 est,
840 3368 919 3432 etc.;
936 3362 978 3421 ita
994 3363 1151 3421 sententia
1164 3362 1234 3421 lluit
1246 3363 1315 3421 sine
1332 3361 1563 3439 impedimento
1580 3366 1611 3420 et
1624 3362 1662 3421 ad

334 3471 448 3515 nomen
468 3460 549 3516 initii
566 3460 680 3519 melius
701 3461 848 3520 convenit
867 3460 1041 3537 descriptio
1058 3477 1140 3537 quae
1160 3460 1191 3518 in
1211 3459 1350 3519 oraculis
1370 3459 1550 3519 continetur
1567 3476 1662 3536 quam

333 3551 437 3613 dicere
453 3555 603 3616 loannem
620 3542 717 3617 luisse
733 3559 878 3630 initium;
896 3576 970 3617 sane
987 3576 1024 3617 eo
1041 3559 1072 3616 in
1091 3575 1186 3618 sensu
1201 3563 1437 3636 exspectaretur
1451 3557 1566 3616 merito
1581 3556 1662 3617 alius

328 3639 460 3711 ¹dicendi
480 3654 610 3723 modus,
628 3671 726 3732 quem
746 3673 853 3715 revera
871 3657 904 3716 S.
923 3657 996 3733 Cyr.
1018 3655 1130 3734 selegit
1146 3673 1153 3714 :
1167 3653 1291 3722 Ἰωάννης
1307 3653 1358 3732 γὰρ
1374 3645 1406 3724 ἧν
1419 3654 1550 3732 ἃρχηγόςς
1568 3672 1662 3732 porro

332 3747 373 3807 ad
391 3751 513 3809 initium
535 3752 642 3828 potius
663 3753 955 3814 accommodaretur
973 3753 1079 3813 dicere
1104 3770 1176 3813 cum
1198 3753 1231 3813 S.
1256 3753 1327 3812 Bos.
1354 3771 1363 3810 .·
1390 3753 1511 3820 Marcus
1533 3752 1661 3813 initium

333 3848 488 3926 evangelii
502 3849 575 3909 lecit
591 3850 716 3910 loannis
733 3851 1002 3929 praedicationem
1019 3849 1058 3929 (c.
1076 3853 1209 3910 Eunom.
1224 3850 1245 3909 l.
1260 3850 1309 3926 c).

332 3947 338 3982 ⁷
372 3946 479 4022 Neque
495 3952 603 4007 contra
619 3949 861 4027 explicationem
877 3949 980 4008 datam
997 3949 1090 4009 obiici
1108 3952 1212 4025 potest
1224 3948 1335 4009 deesse
1350 3948 1520 4008 articulum
1536 3949 1569 4007 in
1585 3966 1660 4009 voce

333 4042 402 4120 tetri
416 4050 447 4102 el
465 4044 575 4105 deesse
592 4047 626 4104 in
643 4063 679 4105 ea
698 4048 856 4106 sententia
874 4047 1021 4123 copulam
1043 4045 1410 4124 grammaticalequuo
1431 4046 1508 4106 haec
1524 4047 1660 4107 maxime

229 4222 231 4227 Α
334 4142 458 4201 obstare
475 4149 583 4203 censet
602 4143 718 4222 Scleqq
740 4145 795 4222 qui
819 4151 984 4222 propterea
1006 4162 1074 4203 eam
1091 4145 1266 4204 sententiae
1286 4149 1476 4204 structuram
1495 4151 1660 4222 tamquam

330 4255 395 4298 non
413 4257 557 4318 graecam
581 4241 719 4301 damnat.
745 4244 784 4302 At
802 4261 874 4302 cum
895 4243 1000 4302 Graeci
1023 4260 1092 4302 eam
1112 4243 1345 4320 adoptaverint,
1368 4247 1452 4302 certe
1473 4260 1535 4301 non
1554 4247 1661 4321 potest

328 4352 402 4396 'esse
417 4337 521 4397 aliena
535 4341 574 4399 ab
591 4340 695 4400 indole
711 4341 837 4418 linguae
852 4357 992 4417 graecae.
1011 4342 1048 4398 Et
1064 4357 1172 4399 revera
1188 4340 1359 4399 articulum
1375 4357 1467 4417 posse
1483 4340 1593 4401 deesse
1606 4341 1660 4400 de-

331 4435 385 4494 bet
400 4436 433 4493 in
448 4438 560 4512 quavis
575 4439 789 4516 explicatione
809 4438 938 4497 concedi
960 4455 1064 4515 neque
1085 4438 1153 4497 eius
1169 4440 1212 4497 rei
1231 4438 1346 4497 desunt
1357 4439 1504 4516 exempla
1518 4439 1571 4517 (cl.
1596 4436 1659 4498 Wi-

329 4550 396 4607 ncr,
415 4534 608 4594 Grammalilr
634 4537 688 4596 des
710 4541 898 4596 neutestam.
917 4534 1155 4612 Sprachidioms
1182 4542 1197 4610 ξ
1218 4535 1268 4613 tu)
1288 4541 1320 4594 et
1339 4540 1423 4596 recte
1444 4541 1553 4596 monet
1572 4537 1659 4596 Butt-

331 4648 423 4690 mann
447 4632 479 4689 in
499 4632 588 4692 libris
605 4637 679 4695 novi
703 4641 772 4695 test.
796 4633 1051 4711 frequentissime
1072 4633 1175 4692 omitti
1193 4634 1361 4694 articulum
1378 4634 1421 4693 ibi
1441 4635 1492 4694 ubi
1511 4652 1567 4694 nos
1583 4651 1657 4695 eum

331 4746 485 4808 ponamus
500 4736 530 4789 et
546 4732 598 4791 ubi
617 4750 726 4792 revera
746 4752 781 4793 ex
799 4733 903 4792 indole
917 4732 1042 4809 linguae
1060 4749 1187 4808 graecae
1206 4732 1373 4810 ponendus
1389 4738 1474 4792 esset
1488 4732 1660 4809 (Gramma-

330 4827 377 4886 tik
393 4826 448 4886 des
463 4835 599 4889 neulest.
621 4830 915 4909 Sprachgebrauchs
933 4848 963 4908 p.
987 4829 1046 4906 il).
1066 4831 1172 4907 Neque
1191 4847 1299 4889 verum
1321 4837 1368 4889 est
1388 4830 1536 4908 copulam
1556 4849 1659 4909 gram-

331 4925 510 4985 maticalem
530 4946 589 4987 esse
604 4929 697 4988 simul
717 4931 848 5008 intelligi
866 4931 935 4989 loco
952 4928 1123 5006 praedicati
1138 4929 1383 5006 grammaticalis
1399 4929 1537 5005 ideoque
1552 4930 1658 4989 omitti
