3960 5654
865 523 954 567 uuae.
979 512 1007 580 i,
1032 511 1081 570 35.
1503 480 1506 484 Ι
1580 507 1635 571 1³1

309 662 391 721 nutu
409 656 591 727 voluntatis
605 662 726 724 ttuctus
742 661 965 725 tumescentes
980 663 1128 738 coercet,
1145 657 1323 724 dominum
1341 681 1443 748 quem
1457 659 1639 725 daemones

308 769 488 833 trementes
502 767 741 855 deprecantur,
763 761 940 831 dominum
964 768 1052 829 vitae
1072 764 1131 852 qui
1153 771 1303 830 mortuos
1326 768 1637 843 resuscitationem

311 892 344 936 se
360 873 506 939 ostendit
527 891 686 959 suprema
706 875 869 959 potestate
885 871 1078 962 praeditum
1100 872 1142 936 iis
1166 872 1201 937 in
1223 870 1323 937 rebus
1343 871 1467 959 quibus
1487 872 1643 938 homines

313 1000 417 1066 quam
437 979 582 1044 maxime
596 977 815 1066 impotentiae
835 978 1078 1043 admonentur.
1096 977 1181 1055 Quid
1196 978 1288 1043 enim
1304 978 1461 1042 homines
1475 978 1590 1044 valent
1606 978 1641 1042 in

312 1091 430 1151 ventos
445 1091 478 1149 et
500 1091 727 1172 tempestates,
749 1083 834 1171 quid
857 1092 976 1150 contra
996 1083 1204 1149 daemonum
1224 1085 1363 1149 astutias
1382 1090 1416 1148 et
1435 1084 1541 1166 vires,
1558 1082 1642 1173 quid

314 1197 433 1257 contra
448 1189 586 1256 morbos
601 1198 633 1257 et
646 1195 809 1257 mortem?
822 1192 917 1256 Hisce
933 1190 1106 1256 miraculis
1118 1189 1278 1280 discipuli
1293 1189 1529 1271 instituuntur,
1548 1196 1585 1255 ut
1597 1189 1647 1255 di·

314 1298 428 1361 vinam
444 1299 515 1362 lesu
533 1304 691 1363 naturam
706 1304 907 1381 agnoscant,
926 1297 954 1362 si
974 1301 1079 1363 licum
1098 1318 1198 1362 suum
1215 1302 1312 1362 vocat
1333 1304 1484 1384 patrem,
1507 1297 1534 1362 si
1550 1318 1582 1362 v.
1607 1316 1642 1382 g.

312 1402 395 1468 dicit
415 1427 423 1467 ε
441 1407 539 1470 Pater
558 1426 653 1470 meus
666 1425 771 1490 usque
788 1403 889 1469 modo
909 1410 1071 1492 operatur
1085 1408 1120 1468 et
1133 1424 1198 1489 ego
1212 1425 1334 1492 operor
1354 1403 1459 1491 (toan.
1481 1401 1589 1491 ait).

668 1611 692 1675 [t
714 1612 762 1661 De
784 1610 906 1663 sedata
925 1613 1128 1674 tempestato
1146 1609 1293 1675 43540.

352 1781 427 1837 bii.
443 1780 477 1829 Et
493 1782 532 1829 ait
547 1777 602 1831 iliis
615 1782 643 1829 iu
656 1781 703 1829 itia
717 1781 881 1844 die,quum
894 1793 958 1830 sero
1046 1779 1119 1839 t,³5.
1158 1776 1204 1828 Καὶ
1233 1776 1302 1847 λέγει
1333 1775 1417 1838 αὺτοῖς
1450 1775 1474 1828 ἐν
1508 1774 1588 1848 ἐκείνῃ
1622 1785 1656 1848 τῇ

317 1869 508 1919 cssettactum
525 1883 530 1916 :
549 1872 841 1919 transeamuseomra.
859 1869 903 1919 ³6.
924 1869 958 1919 Et
1008 1864 1088 1936 ἡμέρᾳ
1114 1864 1183 1936 ὀψίας
1213 1866 1361 1936 γενομένης,
1392 1864 1534 1934 Διέλθωμεν
1561 1863 1594 1927 εἰς
1621 1865 1654 1917 rb

315 1959 486 2008 dimittentes
498 1958 621 2017 turham,
638 1962 783 2008 assumunt
795 1970 859 2007 eum
876 1960 914 2008 ita
928 1962 959 2008 ut
1009 1956 1094 2023 πέραν,
1124 1958 1168 2008 36.
1194 1955 1237 2006 καὶ
1264 1953 1363 2024 ἀφέντες
1386 1955 1429 2006 τὸν
1452 1954 1547 2024 ὄχλον,
1572 1973 1654 2024 παρα·

318 2051 379 2097 erat
393 2048 422 2095 in
441 2048 505 2096 navi
529 2052 580 2097 :et
599 2047 671 2096 aliae
690 2059 776 2097 naves
794 2049 876 2096 erant
895 2060 957 2097 cum
1008 2043 1178 2112 λαμὸάναιισιν
1202 2043 1276 2097 αὐτὸν
1295 2043 1328 2105 ὡς
1347 2039 1377 2110 ἦν
1396 2043 1422 2096 ἐν
1441 2048 1478 2113 τῷ
1500 2043 1591 2115 πλοίῳ·
1615 2041 1657 2094 καὶ

318 2136 380 2186 illo.
405 2136 449 2185 37.
479 2135 607 2186 attacta
637 2140 679 2185 est
704 2136 827 2200 procella
855 2149 959 2199 magna
1008 2131 1076 2184 ἀλλα
1094 2132 1171 2185 alcia
1190 2128 1220 2199 ἦν
1241 2131 1298 2203 μετ’
1322 2132 1407 2185 αὑτοῦ.
1430 2136 1474 2186 37.
1494 2132 1536 2184 καλ
1560 2133 1658 2201 γίνεται
1730 2144 1735 2150 ·

316 2228 405 2283 venti,
420 2228 448 2275 et
463 2224 563 2274 ttuctus
576 2225 701 2274 mittebat
712 2227 740 2273 in
755 2227 863 2285 navim,
880 2228 919 2275 ita
928 2229 958 2275 ut
1008 2221 1106 2293 λαῖλαψ
1116 2221 1215 2292 μιγάλη
1226 2221 1325 2292 ἀνέμου·
1338 2223 1379 2274 καὶ
1389 2221 1420 2274 τὰ
1433 2223 1531 2291 κύματα
1549 2219 1655 2274 ἀπέδιλ-

327 2315 488 2377 impieretur
516 2315 605 2364 navis.
629 2313 671 2364 38.
698 2314 731 2363 Et
755 2318 815 2364 erat
839 2316 899 2377 ipse
930 2316 959 2362 in
1009 2310 1051 2361 λιν
1068 2309 1100 2373 εἰς
1118 2311 1148 2363 rt
1169 2311 1275 2380 πλοῖον,
1303 2313 1368 2365 ὥστε
1393 2309 1440 2377 ἤδη
1464 2311 1609 2382 γεμίζεσθαι
1626 2309 1658 2362 t'o

318 2404 404 2466 puppi
419 2416 503 2466 super
525 2403 643 2453 cervical
662 2403 817 2462 dormiens;
834 2407 862 2452 et
881 2405 958 2453 exci-
1008 2398 1109 2454 πλοῖον.
1136 2404 1180 2454 38.
1212 2400 1255 2452 καὶ
1295 2398 1366 2460 αὐτὸς
1392 2396 1422 2466 ἦν
1448 2398 1474 2452 ἔν
1501 2403 1532 2471 τῇ
1559 2399 1657 2471 πρύμνῃ

319 2497 377 2540 iant
392 2506 470 2550 cum,
495 2492 685 2541 etdicuntilti
707 2505 712 2539 :
734 2491 876 2554 Magister,
901 2505 957 2543 nou
1009 2487 1049 2542 ἐπὶ
1068 2488 1096 2540 :b
1115 2488 1315 2559 προσκεφάλαιον
1329 2490 1463 2541 καθεύδων·
1486 2489 1527 2541 καλ
1545 2487 1655 2559 ἀγείρον-

323 2581 357 2630 ad
373 2586 401 2630 te
415 2583 535 2643 pertinet
553 2582 619 2643 quia
633 2580 772 2643 perimus?
794 2580 838 2630 39.
855 2581 889 2630 Et
907 2594 958 2630 cx·
1008 2597 1047 2630 σιν
1071 2576 1162 2642 αὐτὸν,
1189 2578 1232 2630 καλ
1253 2578 1368 2648 λέγουσιν
1393 2576 1472 2648 αὐτῷ,
1500 2576 1653 2643 Διδάσκαλε,

322 2682 442 2731 surgens
456 2672 641 2719 comminatus
654 2673 697 2720 est
718 2673 816 2728 vente,
840 2673 868 2719 et
888 2670 959 2719 dixit
1008 2666 1036 2718 σὺ
1056 2666 1125 2736 μέλει
1149 2686 1189 2719 σοι
1212 2669 1251 2720 tiu
1275 2666 1451 2737 ἀσσλλύμεθα;
1478 2671 1522 2721 39.
1543 2665 1585 2718 καὶ
1602 2668 1654 2719 διε-

320 2761 390 2807 mari
408 2772 413 2806 :
432 2759 958 2818 tace,0bmutesoc.l1tcessavitveu·
1007 2756 1102 2825 γερθελς
1121 2755 1268 2827 ἐπετίμησεν
1291 2762 1328 2827 τῷ
1345 2755 1445 2828 ἀνέμῳ,
1471 2755 1513 2808 καὶ
1535 2753 1604 2809 εἶπεν
1622 2765 1655 2827 τῇ

322 2856 379 2905 tus;
397 2850 424 2896 et
439 2847 512 2896 tacta
525 2851 569 2897 est
584 2849 769 2911 tranquillitas
782 2861 894 2910 magna.
914 2847 956 2896 40.
1009 2844 1136 2918 θαλάσσῃ,
1167 2848 1266 2909 Σιώπα,
1296 2846 1437 2916 πεφίμωσο.
1467 2845 1508 2896 καὶ
1533 2843 1653 2899 ἐκόπασεν

322 2936 356 2985 Et
373 2940 410 2985 ait
431 2937 510 2985 illis:
531 2936 597 2999 quid
619 2936 708 2985 timidi
733 2936 816 2985 estis?
839 2937 958 2986 necdum
1009 2933 1142 3004 ὁᾶνεμος,
1164 2935 1206 2986 καὶ
1225 2934 1323 3005 ἐγένετο
1348 2934 1448 3004 γαλήνη
1475 2934 1585 3004 μεγάλη.
1607 2937 1650 2988 iti.

319 3026 428 3074 habetis
438 3024 536 3074 sidem?
545 3029 572 3074 et
581 3026 835 3075 timuerunttimore
844 3037 956 3087 magno,
1008 3025 1050 3074 καὶ
1070 3020 1140 3076 εἶπεν
1158 3022 1257 3090 αὑτοῖς,
1271 3024 1302 3075 Ti
1315 3024 1393 3076 δειλαί
1412 3023 1466 3076 ἐστι
1474 3041 1482 3086 ,·
1496 3023 1565 3075 οὔπω
1585 3022 1654 3090 ἔχετε

317 3119 345 3164 et
361 3115 490 3164 dicebant
504 3114 539 3164 ad
555 3115 717 3164 alterutrum
734 3128 739 3161 :
760 3116 838 3176 quis,
860 3119 956 3177 putas,
1008 3112 1105 3176 πίστιν;
1124 3115 1167 3166 tt.
1183 3113 1226 3165 καὶ
1239 3112 1396 3183 ἐμοδήθησαν
1410 3112 1488 3182 ptius
1505 3114 1597 3183 μέγαν,
1611 3113 1654 3164 καὶ

320 3206 364 3253 est
384 3205 450 3263 iste,
467 3205 533 3266 quia
545 3206 573 3253 et
586 3207 723 3253 cantuset
735 3216 812 3253 mare
823 3203 958 3253 obediunt
1008 3200 1098 3272 ἀλεγαν
1109 3203 1168 3271 πρὸς
1180 3201 1321 3268 ἀλλήλους,
1332 3202 1374 3264 Τίς
1382 3203 1430 3272 ἀρα
1439 3197 1510 3263 οὗτός
1522 3200 1602 3266 ἐστιν,
1614 3203 1654 3255 tar

316 3294 359 3342 ei?
1008 3291 1049 3341 sal
1061 3291 1075 3342 δ
1086 3291 1177 3361 ἄνεμος
1192 3291 1261 3356 καὶὴ
1278 3291 1389 3343 θάλασσα
1402 3291 1518 3345 banacim
1535 3290 1614 3362 αὺεῷ;

352 3479 384 3527 tn
400 3492 426 3527 v.
453 3478 485 3528 36
503 3474 619 3543 πλοιαρια
634 3480 662 3526 in
678 3477 729 3527 EF
740 3478 763 3528 G
776 3477 830 3528 HL
843 3478 895 3528 SU
906 3479 931 3526 V
944 3480 970 3528 at
987 3480 1025 3541 pt.
1041 3479 1073 3528 ln
1088 3494 1115 3529 v.
1130 3479 1163 3529 ³7
1181 3486 1209 3530 et
1229 3479 1328 3530 fluctus
1349 3481 1490 3530 coiciebant
1512 3494 1548 3543 eg
1563 3493 1646 3545 corp;

319 3568 507 3618 ascendebant
520 3568 542 3625 i;
557 3567 780 3616 immittebantur
792 3581 818 3617 e.
835 3568 866 3616 in
881 3579 907 3616 v.
927 3567 959 3617 io
979 3583 1002 3615 τι
1016 3564 1096 3616 δειλσι
1110 3583 1164 3617 εσσε
1179 3585 1256 3627 ουτως
1271 3567 1356 3620 acti
1371 3583 1426 3619 unc
1440 3571 1456 3620 9
1472 3570 1498 3618 ai
1513 3582 1578 3620 omn
1592 3569 1650 3620 tere

317 3671 362 3718 syr
377 3670 413 3720 go
429 3657 474 3715 Ti;
492 3656 540 3706 sed
554 3671 630 3712 ουτως
645 3668 691 3705 om
706 3665 726 3709 a·
739 3656 760 3705 B
775 3653 860 3706 ubi
874 3658 895 3705 it
903 3657 971 3719 vulg
984 3670 1037 3720 cop
1052 3659 1117 3707 aeth
1132 3659 1169 3706 W
1182 3659 1220 3717 u;
1237 3658 1336 3708 eodem
1347 3658 1429 3708 modo
1442 3661 1550 3723 priores
1565 3661 1652 3709 testes

321 3746 422 3795 babent
437 3763 487 3802 πως
498 3761 542 3793 ουκ
552 3761 622 3810 epate
637 3759 731 3804 πιστιν;
748 3746 775 3794 bi
792 3758 858 3795 vero
872 3760 950 3794 ονπω.

361 3953 403 4013 [te
426 3953 623 4036 tempestate
644 3946 761 4012 sedata
785 3946 930 4012 retertur
949 3948 1063 4013 Matth.
1088 3953 1181 4028 ata.
1208 3954 1313 4015 23-2'1
1337 3953 1369 4014 et
1389 3953 1466 4015 Luc.
1490 3953 1644 4026 &bi-25.

315 4055 498 4121 Matthaeus
513 4053 645 4119 nullum
663 4059 795 4142 tempus
810 4054 979 4139 assignat,
997 4075 1117 4120 verum
1138 4054 1344 4121 miraculum
1362 4056 1427 4121 boc
1444 4062 1593 4121 recenset
1608 4077 1647 4121 eo

315 4162 401 4239 loco,
425 4161 484 4226 ubi
498 4161 617 4226 seriem
641 4159 884 4225 miraculorum
903 4161 1014 4225 omnis
1029 4161 1164 4246 generis
1184 4169 1301 4228 narrat
1315 4160 1360 4228 ad
1377 4162 1510 4227 Domini
1525 4168 1645 4251 poten-

315 4271 396 4334 tiam
408 4265 707 4333 demonstrandam
720 4266 860 4331 inomni
878 4288 994 4332 rerum
1009 4266 1142 4332 ordine.
1159 4267 1258 4358 Apud
1278 4274 1401 4334 Lucam
1418 4269 1557 4357 ponitur
1571 4275 1647 4358 post

316 4373 513 4464 parabolam
523 4372 566 4438 de
580 4375 767 4439 seminante
778 4380 811 4438 et
823 4379 896 4461 post
910 4395 1083 4440 accessum
1095 4373 1258 4455 fratrum,
1276 4374 1333 4441 sed
1345 4373 1481 4463 ponitur
1493 4379 1647 4464 tempore

313 4480 574 4547 indeterminato
591 4502 598 4543 ε
618 4480 744 4545 iactum
765 4484 813 4545 est
827 4486 942 4544 autem
957 4481 992 4545 in
1009 4502 1077 4547 una
1091 4478 1239 4547 dierum.
1258 4485 1385 4547 Marcus
1400 4487 1534 4570 tempus
1546 4502 1645 4548 accu-

317 4590 420 4654 ratius
433 4587 612 4672 designare
628 4585 763 4652 videtur
776 4609 807 4652 v.
826 4594 867 4653 35
884 4599 917 4651 et
931 4586 981 4652 ait
995 4585 1064 4653 illis
1079 4585 1189 4653 inille
1205 4586 1275 4666 die,
1294 4609 1372 4653 cunt
1391 4609 1463 4653 sero
1481 4599 1565 4654 esset
1574 4589 1648 4675 sac-

316 4707 405 4777 tum,
418 4717 505 4783 quae
517 4692 679 4782 temporis
688 4692 874 4759 declaratio
884 4694 1003 4761 referri
1017 4693 1138 4783 nequit
1153 4693 1241 4761 adv.
1255 4701 1309 4761 33,
1325 4700 1367 4761 at
1378 4696 1509 4785 quippe
1524 4694 1649 4785 quibus

318 4803 351 4867 id
367 4803 563 4868 enuntiatur
577 4798 670 4888 qnod
691 4804 778 4866 lesus
796 4799 927 4867 solebat
946 4801 1076 4878 tacere;
1100 4823 1211 4890 neque
1230 4802 1397 4888 assignari
1418 4803 1542 4891 poterit
1560 4801 1651 4868 idem

318 4908 389 4975 dies
404 4908 445 4974 de
464 4930 530 4997 quo
547 4914 599 4988 'sd
623 4908 921 4987 narratiotexitur;
942 4929 1022 4974 nam
1038 4931 1126 4998 quae
1146 4930 1186 4975 eo
1204 4909 1314 5000 capite
1332 4916 1583 5002 proponuntur,
1604 4907 1654 4978 ita
