3960 5654
179 518 239 578 336
721 534 812 578 uiae
836 515 884 585 13,
911 515 971 575 1-8.

177 668 381 759 praecedent
412 669 445 729 et
479 664 595 753 paucis
626 665 696 754 ipse
730 670 802 734 eius
829 663 995 732 adventus
1027 665 1249 746 describitur;
1285 664 1511 732 admonentur

177 783 291 842 autem
318 778 356 836 ut
374 769 418 835 ad
446 770 543 857 signa
565 770 624 836 illa
648 774 781 839 animos
803 770 982 838 advertant
1001 795 1032 836 v.
1052 779 1170 839 20-31.
1188 770 1252 836 Sed
1270 794 1348 839 cum
1363 771 1434 837 dies
1448 770 1509 836 ad-

177 885 296 946 ventus
318 876 446 943 nemini
468 879 672 963 innotescat,
703 902 788 970 opus
818 884 866 943 est
892 884 928 942 ut
956 900 1091 968 semper
1112 880 1179 945 sint
1200 880 1310 966 parati
1329 877 1510 965 vigilantes

145 1005 152 1020 ·
176 992 210 1052 et
227 991 361 1049 orantes
381 1008 412 1048 v.
429 991 545 1051 32-37.

220 1089 446 1157 adverterunt
474 1091 579 1178 aliqui
613 1098 760 1159 liarcum
792 1112 859 1156 non
896 1112 967 1156 esse
1001 1090 1140 1157 solitum
1170 1089 1344 1175 longiores
1374 1089 1509 1159 Domini

175 1218 346 1264 sermones
374 1198 518 1277 reterre;
555 1220 661 1285 quare
690 1198 921 1264 coniectarunt
947 1197 1038 1264 hunc
1068 1217 1259 1264 sermonem
1291 1192 1405 1263 ortum
1437 1218 1509 1264 esse

175 1303 222 1369 ita
240 1309 276 1369 ut
295 1305 406 1371 brevis
430 1302 600 1392 quaedam
615 1303 828 1394 apocalypsis
849 1325 976 1390 magna
998 1302 1259 1392 interpolatione
1273 1303 1361 1369 iacta
1384 1304 1419 1368 in
1434 1323 1509 1371 eam

174 1409 313 1476 demum
341 1410 529 1477 orationem
560 1410 810 1477 extenderetur.
846 1409 910 1475 Sed
940 1410 1025 1477 haec
1051 1409 1230 1476 arbitraria
1259 1409 1506 1476 coniectantur.

174 1521 257 1582 Nam
286 1539 355 1584 non
384 1522 434 1583 est
460 1516 600 1581 omnino
627 1539 746 1582 verum
769 1521 913 1583 iiarcum
939 1516 1065 1582 nullibi
1095 1516 1267 1602 longiores
1286 1516 1414 1583 reierre
1436 1535 1508 1581 ser-

175 1645 311 1707 mones;
344 1624 422 1690 vide
449 1628 585 1703 t,3-33;
622 1628 759 1704 v,6-aa;
795 1628 953 1704 9,38-θ9;
991 1629 1144 1705 ian-11.
1177 1626 1279 1689 Porro
1308 1644 1386 1688 cum
1420 1625 1509 1688 lesus

174 1731 315 1797 testibus
337 1730 412 1796 aliis
436 1728 654 1814 evangelistis
678 1731 814 1817 saepius
839 1728 1016 1817 discipulis
1041 1728 1249 1818 praedixerit
1274 1729 1509 1795 tribulationes

173 1845 207 1902 et
229 1836 481 1926 persecutiones
510 1873 555 1884 —
582 1857 671 1923 quae
696 1835 909 1902 annuntiatio
933 1857 973 1903 eo
994 1837 1106 1921 magis
1133 1840 1206 1902 erat
1227 1834 1415 1902 necessaria
1440 1857 1508 1923 quo

175 1945 283 2030 magis
311 1942 441 2008 notioni
465 1941 701 2008 adhaerebant
726 1943 825 2027 regni
851 1943 1010 2008 messiani
1038 1941 1194 2028 gloriosi,
1222 1942 1367 2031 —quis
1392 1940 1509 2007 credet

173 2071 244 2115 rem
271 2048 355 2114 tanti
376 2048 542 2114 momenti
566 2055 599 2113 et
622 2055 736 2114 tantae
765 2070 901 2137 quoque
925 2047 1045 2115 mediis
1068 2047 1105 2114 in
1127 2047 1369 2115 afflictionibus
1387 2069 1507 2114 conso-

173 2155 307 2221 lationis
340 2154 394 2220 vel
424 2154 458 2219 in
487 2154 720 2221 catechesibus
746 2157 834 2221 Petri
862 2176 932 2222 esse
959 2155 1118 2221 omissam
1152 2154 1207 2220 vel
1230 2154 1274 2221 ab
1298 2154 1508 2241 evangelista

173 2262 387 2347 neglectam?
417 2265 456 2326 Et
483 2259 576 2349 quod
606 2261 758 2326 Christus
782 2262 878 2327 toties
906 2262 1038 2328 monuit
1063 2260 1106 2327 de
1135 2283 1196 2327 suo
1228 2261 1376 2327 adventu
1403 2267 1437 2326 et
1464 2259 1506 2326 de

171 2368 368 2454 vigilantia,
388 2367 542 2456 prolecto
569 2388 635 2432 non
657 2373 706 2433 est
725 2367 904 2456 probabile
925 2367 969 2434 ab
993 2367 1159 2434 alterutro
1183 2389 1254 2433 esse
1269 2367 1503 2456 praeteritum,

172 2481 209 2540 ut
234 2474 322 2540 nibil
352 2474 465 2540 dicam
495 2480 644 2562 quantae
676 2475 831 2540 utilitatis
858 2474 959 2539 luerit
995 2495 1060 2563 pro
1094 2473 1381 2541 christifidelibus
1418 2475 1505 2540 seire

171 2585 280 2647 iesum
299 2581 438 2646 ruinam
455 2581 550 2646 urbis
567 2586 600 2646 et
620 2581 739 2670 templi
765 2580 967 2670 praedixisse
987 2589 1019 2645 et
1044 2602 1122 2647 suos
1146 2583 1316 2648 monuisse
1334 2602 1379 2647 ne
1398 2579 1505 2646 scele-

171 2693 322 2754 ratorum
342 2688 494 2754 interitui
509 2688 775 2754 involverentur.
799 2691 843 2753 Eo
859 2687 1020 2753 vaticinio
1032 2688 1157 2754 iterum
1170 2688 1345 2755 constabat
1357 2708 1503 2773 regnum

170 2795 374 2860 messianum
389 2816 455 2859 non
470 2815 540 2860 esse
560 2794 627 2859 tale
645 2794 746 2882 quale
762 2794 875 2860 iudaei
889 2793 1140 2883 exspectabant.

474 2991 499 3055 a)
522 2991 771 3042 Praedicuntur
789 2991 1029 3042 tribulationes
1051 2991 1200 3055 1³‚1-1a.

209 3170 279 3230 iai.
297 3169 331 3218 Et
345 3182 431 3233 quum
445 3168 628 3231 egrederetur
641 3168 675 3218 dc
690 3170 810 3231 templo,
904 3169 974 3228 l.‘i‚l.
1005 3165 1052 3216 liei
1077 3164 1268 3236 ἐκπορευομένου
1298 3164 1372 3218 αὐτοῦ
1406 3165 1433 3219 iz
1460 3172 1503 3219 τοῦ

170 3261 208 3308 ait
223 3259 262 3308 ilii
277 3272 350 3308 imus
361 3271 396 3307 cx
411 3257 555 3319 discipulis
569 3258 628 3306 suis
646 3271 651 3304 :
666 3256 808 3320 Magister,
861 3253 940 3323 ίιμοῦ,
961 3254 1031 3318 λέγει
1049 3253 1116 3324 αὐτῷ
1136 3252 1170 3315 εἷς
1194 3260 1243 3307 τῶν
1267 3256 1384 3322 μαθητῶν
1409 3254 1500 3319 αὐτοῦ,

169 3345 809 3410 aspicequalesiapidesetqualesstrueturae.
861 3343 1015 3407 Διδάσκαλε,
1037 3342 1074 3396 ns
1102 3344 1210 3396 ποταποὶ
1232 3344 1298 3396 λίθοι
1325 3344 1368 3396 καί
1392 3345 1504 3398 maarai

205 3437 230 3486 θ.
248 3436 282 3485 Et
295 3434 467 3498 respondens
482 3435 629 3492 Iesus‚ait
643 3435 683 3484 illi
701 3449 707 3483 :
725 3435 811 3485 Vides
860 3431 1001 3502 οἰκοδομαί.
1031 3437 1058 3488 θ.
1087 3433 1129 3484 καὶ
1158 3433 1172 3484 θ
1203 3431 1298 3498 Ἰησοῦς
1323 3431 1393 3487 εἶτεν
1420 3433 1501 3505 αὐτῷ,

170 3525 222 3574 iras
241 3537 340 3574 omnes
360 3536 479 3586 magnas
503 3522 727 3574 aedificationes?
745 3524 807 3573 Non
861 3521 960 3582 Βλέπεις
978 3522 1067 3582 ταύτας
1093 3522 1136 3583 τὰς
1161 3521 1273 3592 μεγάλοις
1300 3521 1446 3593 οίιοδομάςς
1472 3522 1501 3576 οὖ

174 3614 348 3676 relinquetur
362 3613 434 3675 lapis
446 3624 529 3674 super
541 3612 737 3677 lapidem,qui
752 3626 808 3662 non
861 3609 894 3680 μὴ
918 3609 995 3682 ἀφεθῇ
1024 3607 1074 3663 ὦδε
1101 3610 1171 3673 λίθος
1189 3610 1229 3664 lai
1255 3611 1331 3675 λίθον,
1360 3614 1387 3673 θς
1414 3612 1442 3664 οὗ
1466 3611 1500 3682 μὴ

169 3701 339 3752 destruatur.
860 3698 997 3770 καταλυθῇ.
1019 3704 1047 3754 3.
1078 3699 1125 3751 Καὶ
1152 3701 1291 3771 καθημένου
1319 3699 1394 3753 αὐτοῦ
1413 3699 1446 3762 εἷς
1473 3701 1501 3754 r'o

204 3790 230 3842 (l.
247 3790 281 3840 Et
296 3803 382 3853 quum
392 3789 503 3839 sederet
514 3792 542 3839 ln
555 3793 649 3839 monte
665 3790 808 3840 Olivarum
858 3790 914 3857 ὄρος
932 3794 981 3840 τῶν
1001 3787 1092 3841 ἐλαιῶν
1112 3790 1242 3842 κατέναντι
1267 3798 1308 3843 τοῦ
1332 3789 1412 3859 ἱεροῦ,
1439 3789 1500 3856 ἔτη-

168 3885 265 3931 contra
281 3879 427 3941 templum,
451 3879 663 3941 interrogabant
681 3892 746 3929 eum
767 3893 808 3930 se·
860 3880 926 3946 ριέντι
945 3877 1021 3930 αὐτὸν
1040 3876 1100 3930 κατ’
1120 3877 1182 3930 ίθίον
1202 3878 1293 3948 Πέτρος
1311 3880 1353 3930 τοί
1384 3877 1501 3938 ’ίάκωθος

168 3971 287 4034 paratim
303 3968 417 4027 Petrus,
433 3970 460 4016 et
475 3967 610 4027 lacobus,
628 3973 656 4017 et
671 3968 807 4028 loannes,
858 3966 899 4018 zat
917 3967 1033 4033 Ἰωάννης
1057 3967 1099 4018 καί
1125 3965 1241 4038 iuopia,
1268 3971 1293 4021 i.
1323 3967 1400 4020 Εἰτὸν
1421 3967 1498 4038 ἡμῖν,

168 4061 196 4109 et
210 4057 364 4109 Andreas:
389 4056 413 4106 i.
436 4056 596 4116 DionobiS,
619 4057 732 4119 qiiando
755 4060 808 4106 isia
858 4056 918 4107 ,τότε
937 4060 1014 4108 ταῦτα
1036 4054 1121 4119 ἔοτοιι;
1142 4056 1184 4107 καί
1211 4057 1235 4108 τί
1257 4057 1286 4109 τ“ο
1309 4060 1412 4127 σημεῖον
1439 4059 1499 4110 ὅταν

168 4146 252 4198 ssent?
267 4151 295 4197 et
306 4146 382 4210 quod
396 4148 508 4209 signum
524 4147 590 4204 erit,
607 4145 720 4208 quando
735 4147 805 4195 hacc
858 4144 939 4216 μέλλῃ
971 4150 1049 4196 ταῦτα
1084 4145 1255 4198 σνντελεῖσθαι
1288 4146 1382 4211 πάντας
1413 4152 1437 4201 5.
1470 4146 1500 4199 ‘0

168 4239 262 4288 omnia
276 4237 411 4298 incipient
428 4233 646 4284 consummari?
663 4235 688 4284 5.
712 4234 747 4283 Et
762 4247 807 4284 re·
858 4233 884 4285 δέ
910 4231 1005 4300 Ἰησοῦς
1032 4231 1123 4303 ἤρξατο
1150 4233 1233 4303 λέγειν
1266 4234 1362 4300 αὐτοῖς,
1393 4236 1499 4289 Βλέπετε

167 4323 808 4390 spondenslesus,coepttdicerciliiszVidete
859 4324 892 4391 μη
912 4341 947 4383 τις
965 4321 1027 4393 ὑμᾶς
1044 4321 1169 4396 πλονηοη.
1198 4328 1224 4379 θ.
1251 4323 1340 4377 πολλοὶ
1359 4323 1502 4377 ἐλεύσονται

169 4414 282 4478 nequis
296 4411 475 4463 vosseducat
496 4426 502 4459 :
522 4412 547 4461 θ.
567 4412 646 4461 Mulli
661 4413 736 4461 enim
760 4426 808 4462 ve·
858 4410 898 4464 έτλ
925 4416 961 4482 τῷ
989 4410 1096 4480 ὀνόματί
1124 4433 1186 4482 μου,
1216 4413 1347 4484 λέγοντες,
1381 4415 1420 4466 ὅτι
1448 4416 1499 4483 iad

169 4505 246 4553 nient
257 4505 286 4551 in
300 4503 414 4552 nomine
425 4501 656 4560 meo,dlcenles,
675 4502 741 4564 quia
756 4514 809 4564 ego
859 4499 917 4570 είμι·
939 4501 980 4551 καὶ
1002 4500 1111 4563 πολλοὺς
1137 4502 1314 4567 πλανήσουσιν.
1337 4507 1362 4557 7.
1390 4505 1448 4556 ὅταν
1473 4503 1500 4556 δὲ

168 4604 247 4652 sum;
263 4596 292 4641 et
305 4591 409 4640 multos
430 4591 574 4640 seducent.
602 4591 627 4638 i.
650 4591 742 4648 Quum
757 4604 807 4639 au·
858 4588 963 4656 ἀκούητε
986 4589 1108 4658 πολέμους
1135 4593 1177 4644 καί
1205 4590 1278 4653 ἀκοὰς
1305 4591 1438 4663 πολέμων,
1464 4592 1497 4663 μὴ

168 4679 807 4742 dieritisautembellaetopinionesbeilorum,
859 4679 980 4748 θροεῖσθε·
1002 4680 1043 4731 δεῖ
1058 4683 1182 4751 γενέσθαι·
1204 4679 1262 4731 ἀλλ’
1282 4680 1352 4734 οὕτω
1370 4682 1399 4735 τθ
1418 4681 1498 4743 τελος.

169 4785 205 4822 ne
227 4768 401 4819 timueritis:
424 4771 532 4830 oportet
550 4769 624 4817 enim
646 4769 716 4818 liaeo
737 4767 808 4827 sieri,
860 4772 885 4822 8.
910 4766 1089 4837 Ἐγερθήσεται
1111 4770 1159 4840 γὰρ
1185 4769 1254 4831 έθνος
1277 4769 1318 4824 ἐπ’
1345 4769 1428 4835 έθνος,
1458 4773 1500 4823 καί

168 4860 219 4912 sed
231 4856 353 4909 nondum
367 4853 441 4904 linis.
861 4856 973 4924 βασιλεία
993 4857 1033 4911 ἐπὶ
1049 4859 1187 4928 βασιλείαν·
1209 4859 1307 4913 ἔσονται
1321 4861 1419 4932 σεισμοὶ
1436 4859 1499 4913 κατὰ

205 4951 230 5000 8.
248 4948 386 5009 Exsurget
397 4945 473 4995 enirn
483 4957 554 5009 gens
567 4949 665 4997 contra
680 4952 807 5011 gentem,
833 4904 838 5006 l
859 4947 965 5015 τόπους,
987 4947 1087 5002 έοονττι
1105 4948 1182 5020 λιμοὶ·
1202 4947 1267 5020 ἀρχὴ
1290 4949 1387 5004 ὠδίνων
1411 4958 1497 5005 ταῦτα.
