3960 5654
237 144 261 158 ,Ι
488 144 491 147 .
536 149 554 157 „
707 141 708 144 Ἰ
832 137 836 143 ,
903 150 906 155 ,
998 118 1165 157 ·='''a'¹=:v‚'.'„9„
1181 131 1219 157 p>
1253 137 1282 151 'U'
1303 116 1344 153 ..Ι-Ι
1364 112 1415 157 ,⁴¹1st
1452 117 1501 155 ἸμῖἸ
1522 125 1539 161 ν...
1591 153 1592 157 ¹
1661 120 1809 157 ν,ι,ι141ι1...’-Ι

231 152 246 164 ν,
329 143 352 177 ,4
394 171 398 179 ,
416 152 449 200 ,2⁴
481 154 491 194 θε
502 156 536 176 eva
551 160 582 175 νι..
615 157 641 178 *tr
661 160 722 198 ιι-ηζρ
740 157 778 197 ..15¹
787 143 865 215 ’ἐξίοι-νῦ
879 156 884 181 2
902 165 928 197 ὀ.
948 189 961 206 ¹1·
978 138 1587 229 ἓιὶηἱζὶῇῖῴφῖζᾫρςᾲᾕῷἐζῑξῆᾖῗρἰῄῗυκ
1599 156 1633 199 “a
1659 172 1672 178 ..
1687 145 1798 200 ’ν”νῆῗ

507 207 530 229 ‘.
734 210 824 223 ···.
867 204 933 230 =.'!·
968 222 974 227 .
1004 206 1020 224 ι·
1043 210 1123 239 ,ν·”«.,·
1165 207 1224 226 ν·
1255 202 1442 243 “‘.j.·.·.,''r'‘···
1524 203 1556 238 ζ’

1579 213 1595 233 Δι
1625 207 1628 212 “
1643 186 1809 244 ”''‘f¹¹‘l3'¹rp;'g'‘r⁸²''e'

345 509 385 569 86
903 527 992 572 xlae.
1016 510 1047 581 θ,
1069 509 1118 568 2³.

348 667 461 729 matur
476 662 528 727 vel
544 666 581 725 ut
601 659 763 725 transitus
783 684 803 728 a
825 663 938 751 quiete
962 659 1003 727 ad
1028 658 1200 744 agendum
1219 661 1419 747 designetur
1438 659 1586 751 (Weiss).
1610 661 1676 727 Sed

346 769 533 859 simplicius
547 764 731 832 dicendum
747 770 829 852 erit,
848 768 930 834 dum
946 787 1008 857 per
1021 769 1093 832 sata
1108 768 1341 850 ambularent,
1363 790 1471 835 unum
1487 765 1676 833 alterumve

345 876 510 963 incepisse
526 872 635 959 spicas
651 872 775 941 vellere
791 875 942 964 aliosque
956 871 1123 963 paulatim
1142 876 1244 942 etiarn
1259 879 1391 941 secutos
1406 897 1488 942 esse.
1506 871 1554 940 ad
1572 871 1607 937 id
1620 894 1677 938 eos

344 981 435 1047 lame
449 999 519 1043 esse
532 977 687 1062 inductos
698 985 827 1046 liarcus
839 981 978 1068 quidem
993 978 1149 1066 explicite
1165 1004 1231 1047 non
1243 978 1343 1058 dicit;
1361 987 1396 1046 at
1406 1003 1446 1048 ex
1459 979 1676 1070 responsione

343 1085 464 1153 Christi
477 1107 506 1149 v.
520 1091 562 1153 25
574 1094 692 1175 aperte
702 1085 1082 1173 consequituretstatim
1093 1087 1354 1176 abunoquoque
1366 1087 1425 1173 qui
1436 1109 1503 1154 non
1513 1086 1676 1176 opinione

343 1191 577 1279 praeiudicata
592 1191 819 1278 evangelistas
835 1193 924 1259 inter
941 1214 976 1259 se
991 1193 1203 1260 committere
1222 1191 1304 1259 velit
1323 1190 1611 1280 deprehenditur;
1633 1189 1678 1258 ad

343 1297 428 1384 quid
440 1299 531 1365 enirn
546 1298 700 1388 alioquin
716 1298 909 1386 exemplum
925 1297 1472 1386 havidisallegareturindigentis
1485 1305 1518 1365 et
1528 1298 1678 1366 esurien-

344 1401 408 1469 tis?
422 1408 529 1494 Atque
548 1406 658 1494 spicas
673 1401 798 1470 vellere
815 1427 854 1470 ex
868 1407 978 1472 alieno
994 1425 1079 1491 agro
1095 1405 1171 1492 lege
1189 1411 1263 1471 erat
1275 1403 1407 1471 licitum
1425 1425 1433 1471 :
1451 1405 1477 1469 si
1498 1403 1679 1471 intraveris

344 1508 380 1575 in
397 1518 547 1598 segetem
562 1510 664 1576 amici
678 1508 747 1591 tui,
765 1511 903 1598 franges
913 1510 1022 1599 spicas
1035 1516 1069 1578 et
1079 1534 1183 1580 manu
1194 1516 1363 1593 conteres3
1376 1510 1464 1578 lalce
1477 1517 1590 1576 autem
1606 1531 1678 1577 non

344 1624 465 1699 metes,
488 1617 586 1683 sicuti
610 1615 646 1682 in
667 1617 766 1682 vinea
790 1617 885 1684 licuit
910 1639 993 1683 uvas
1014 1617 1192 1700 comedere
1206 1616 1313 1705 (Dent.
1336 1623 1451 1698 ml.
1473 1618 1544 1705 25).
1567 1621 1678 1695 Qtrare

343 1724 514 1813 pharisaei
529 1721 563 1788 id
578 1722 687 1788 solum
705 1724 910 1811 exprobrant
923 1723 1016 1812 quod
1034 1724 1176 1792 sabbato
1195 1723 1341 1805 iaciunt,
1358 1745 1428 1790 non
1443 1722 1537 1814 quod
1550 1744 1622 1790 rem
1642 1724 1679 1788 in

344 1852 380 1896 se
394 1829 548 1896 illicitam
564 1829 706 1895 iaciunt.

382 2020 458 2070 Haec
469 2020 610 2070 sententia
622 2019 733 2070 videtur
751 2022 819 2070 satis
835 2021 962 2083 simplex.
984 2021 1174 2072 Nihilominus
1188 2023 1345 2085 complures
1365 2023 1504 2071 iactantur
1516 2022 1680 2070 controver-

345 2110 413 2159 siae.
431 2108 465 2158 Et
477 2110 597 2171 primurn
613 2108 726 2171 quidem
741 2111 807 2171 qttla
827 2111 855 2159 iu
876 2109 1018 2160 codicibus
1030 2110 1156 2174 pluribus
1170 2114 1198 2160 et
1210 2109 1379 2160 editionibus
1393 2109 1495 2174 legitur
1509 2104 1584 2157 ούεθν
1598 2123 1681 2176 παρπ-

344 2193 491 2264 πορεύεσθαι
505 2192 546 2245 aa
560 2199 609 2246 τῶν
624 2194 752 2264 οπορίρων
768 2199 786 2247 i.
803 2211 829 2248 e.
845 2200 923 2248 iuxta
943 2198 1065 2262 aliquid,
1088 2198 1123 2249 ad
1145 2200 1218 2250 latus
1241 2200 1359 2250 alicuius
1373 2198 1511 2249 insedere.
1528 2197 1610 2248 Unde
1629 2210 1681 2248 ex·

345 2286 451 2350 plicant
468 2299 520 2350 per
534 2286 642 2336 medias
661 2291 773 2350 segetes
787 2288 916 2337 incedere
929 2284 969 2337 ita
989 2292 1019 2338 ut
1041 2290 1125 2338 etiam
1139 2286 1312 2351 significetur
1326 2289 1479 2352 praeterire
1498 2287 1541 2337 vel
1562 2287 1681 2336 transire

346 2378 458 2439 segetes
472 2388 544 2439 quae
565 2389 599 2426 ex
614 2379 733 2439 utraque
747 2380 825 2439 parte
844 2377 916 2425 viam
936 2378 1063 2439 cingunt.
1080 2377 1110 2427 ld
1130 2377 1205 2441 quod
1221 2379 1319 2441 utique
1332 2378 1451 2441 cogitari
1465 2378 1558 2440 potest
1576 2377 1643 2439 quia
1656 2376 1681 2425 is

345 2467 394 2529 qrri
416 2477 466 2528 per
485 2466 598 2528 segetes
617 2467 669 2515 lter
688 2467 760 2527 agit,
778 2463 903 2528 protecto
921 2467 1005 2515 ctiam
1030 2466 1065 2516 ab
1084 2467 1203 2530 utraque
1222 2468 1300 2529 parte
1319 2466 1405 2516 habet
1424 2469 1536 2529 segetes
1554 2463 1681 2528 adeoque

347 2557 425 2604 iuxta
440 2567 488 2604 eas
501 2553 631 2605 incedere
645 2554 754 2618 concipi
768 2557 873 2618 potest,
885 2556 1013 2617 quamvis
1027 2553 1131 2618 duplex
1143 2554 1213 2605 haec
1226 2554 1412 2605 consideratio
1427 2556 1456 2604 et
1469 2554 1612 2618 expressio
1627 2552 1681 2603 ali·

348 2643 513 2708 quantulum
528 2644 599 2693 mira
613 2642 750 2694 videatur.
767 2642 859 2702 Quare
873 2644 975 2706 Schepp
991 2655 1088 2694 vocem
1102 2644 1182 2694 aliter
1196 2644 1403 2708 interpretatur,
1424 2643 1516 2694 Iesum
1531 2655 1593 2693 esse
1606 2643 1681 2691 vlam

350 2713 507 2796 ingressum
521 2745 539 2782 a
553 2733 598 2782 via
613 2734 678 2783 trita
690 2732 890 2796 divergentem.
908 2733 1022 2783 Plenior
1032 2735 1060 2783 et
1073 2734 1226 2796 simplicior
1240 2737 1282 2784 est
1294 2733 1384 2784 altera
1398 2732 1482 2783 lectio
1495 2726 1682 2796 διαπορεύεσθαι

349 2833 468 2884 quacum
492 2821 559 2872 Luc.
576 2821 619 2882 6,l
641 2823 770 2885 congruit
784 2827 811 2871 ct
826 2824 910 2872 etiam
928 2821 1027 2871 Malth.
1048 2821 1105 2883 tl,i
1128 2815 1256 2888 ἐπορεύθη.
1274 2822 1370 2873 Altera
1383 2822 1574 2872 controversia
1587 2822 1629 2870 est
1646 2818 1682 2870 de

348 2911 463 2959 notione
476 2904 539 2958 θθθν
557 2908 637 2960 ποιεῖν
652 2911 698 2960 vol
712 2907 845 2960 ὁδοποιεῖν.
870 2910 950 2974 Apud
971 2911 1094 2962 Graecos
1116 2911 1228 2975 quidem
1248 2911 1319 2961 haec
1341 2909 1427 2961 dictio
1449 2908 1590 2973 significat
1607 2910 1682 2959 viam

347 3000 483 3058 sternere,
500 3011 613 3063 parare,
631 3002 740 3050 munire
746 3013 753 3060 ;
777 3013 833 3063 quo
847 2999 1006 3064 significatu
1021 3003 1087 3050 sunt
1108 3001 1156 3065 qul
1173 3000 1343 3051 locutionem
1363 3000 1449 3050 etlam
1467 2999 1514 3048 hic
1527 2998 1681 3062 explicent;

349 3088 388 3137 ita
401 3088 501 3150 Schepp
515 3087 668 3151 discipulos
683 3090 805 3152 praeisse
820 3094 848 3139 et
861 3090 980 3139 Domino
995 3090 1071 3139 vlam
1084 3091 1218 3139 stravisse
1235 3089 1353 3153 stipulas
1367 3088 1485 3152 pedibus
1497 3089 1681 3151 proterentes,

348 3177 456 3226 culmos
470 3179 518 3239 qui
538 3190 588 3240 per
601 3179 676 3227 viam
689 3178 923 3241 portenderentur
936 3182 1113 3228 remorantes
1132 3178 1244 3242 aliaque
1259 3177 1459 3241 impedimenta
1478 3179 1619 3236 arcentes,
1635 3175 1684 3225 alti

351 3267 437 3315 immo
455 3267 675 3329 interpretantur
689 3278 738 3316 eos
756 3268 830 3315 viam
849 3279 964 3330 parasse
986 3279 1037 3329 per
1052 3266 1159 3317 medias
1181 3268 1292 3330 segetes
1308 3267 1454 3316 evulsione
1467 3278 1501 3314 ac
1514 3266 1684 3329 proiectione

352 3354 506 3417 spicarum,
532 3355 577 3405 vei
597 3356 670 3404 viam
694 3357 779 3418 spicis
799 3355 885 3405 tuisse
904 3356 1040 3404 consitam
1064 3367 1148 3417 quam
1168 3355 1224 3404 illis
1243 3354 1347 3405 evulsis
1367 3356 1491 3418 perviam
1514 3352 1685 3403 reddiderint

352 3440 396 3508 ici.
412 3443 509 3506 leger,
526 3444 703 3504 liottzmenn,
720 3443 888 3507 Hilgenfeld,
904 3444 1042 3503 Vollmer,
1057 3441 1204 3510 Schentet).
1222 3443 1284 3504 Qua
1298 3443 1485 3507 explicatione
1500 3442 1583 3492 simul
1598 3443 1685 3506 aliqui

352 3535 477 3593 utuntur,
494 3538 525 3583 ut
539 3534 656 3596 reperiri
671 3533 918 3584 contradictionem
933 3534 1006 3584 inter
1020 3534 1208 3597 evangelistas
1222 3534 1361 3593 clamant,
1376 3532 1442 3583 dum
1451 3532 1512 3582 scii.
1528 3530 1602 3595 apud
1613 3531 1685 3581 Mar-

351 3633 414 3670 cum
428 3622 522 3685 spicae
536 3622 704 3679 evelluntur,
721 3625 751 3673 ut
771 3624 817 3671 via
835 3627 929 3686 pateat
950 3635 1001 3685 per
1015 3626 1140 3686 segetes,
1157 3621 1230 3686 apud
1244 3621 1315 3672 duos
1327 3622 1399 3671 allos
1414 3623 1507 3671 autem
1522 3621 1588 3684 quia
1600 3619 1684 3671 disci-

351 3710 410 3773 puli
429 3710 503 3760 tame
515 3711 689 3761 laborabant.

387 3799 492 3850 Verum
516 3801 589 3850 hano
612 3800 827 3863 explicationem
846 3813 909 3850 esse
924 3800 1024 3850 lalsam
1045 3802 1152 3850 certum
1174 3801 1226 3850 eal.
1243 3795 1295 3850 Cui
1310 3799 1428 3849 enimin
1443 3802 1565 3849 mentem
1577 3798 1685 3849 veniret

353 3888 407 3938 sibi
421 3890 495 3938 viam
509 3893 635 3939 sternere
650 3901 700 3953 per
713 3889 821 3939 medias
840 3892 951 3952 segetes
965 3890 1050 3952 spicis
1061 3887 1182 3939 evulsis?
1196 3887 1266 3937 Eam
1288 3900 1348 3938 rem
1368 3900 1431 3938 esse
1451 3888 1577 3937 illicitam
1599 3887 1686 3950 Uener

354 3978 457 4027 latetur
471 3980 498 4027 et
512 3980 591 4042 putat
615 3978 777 4041 pharisaeos
790 3977 994 4041 reprehendere
1015 3977 1092 4042 quod
1116 3991 1174 4027 rem
1189 3979 1218 4027 in
1232 3990 1263 4028 se
1286 3978 1412 4027 illicitam
1435 3977 1552 4027 sabbato
1572 3975 1683 4026 iaciant.

358 4066 413 4118 Sed
426 4069 450 4117 si
465 4081 510 4117 res
524 4071 584 4117 erat
599 4068 710 4127 illicita,
729 4068 869 4130 quomodo
883 4066 1010 4118 Christus
1024 4068 1112 4130 potuit
1135 4069 1170 4116 iis
1191 4067 1367 4131 permittere,
1387 4067 1472 4115 immo
1487 4078 1536 4115 eos
1556 4067 1590 4116 ab
1610 4066 1686 4116 omni

352 4157 570 4218 reprehensione
585 4156 752 4207 detenderet
765 4156 836 4207 Dein
847 4157 924 4206 nulla
938 4159 1030 4220 potest
1042 4155 1110 4219 fingi
1121 4157 1286 4215 necessitas,
1298 4157 1329 4206 ut
1342 4168 1392 4219 per
1406 4167 1505 4218 agrum
1519 4155 1604 4217 spicis
1617 4167 1686 4206 con-

353 4247 437 4295 situm
452 4246 526 4295 viam
540 4247 593 4295 sihi
616 4247 772 4309 aperirent;
790 4248 902 4308 insupcr
916 4246 1007 4309 qualis
1027 4244 1125 4295 luisset
1146 4244 1225 4295 labor
1246 4247 1321 4294 viam
1344 4256 1444 4308 parare
1459 4244 1565 4295 evulsis
1584 4242 1686 4307 spicis?

350 4346 415 4383 nam
427 4337 517 4397 spicas
526 4341 648 4385 maturas
658 4335 778 4385 evellere
792 4347 846 4383 non
859 4338 901 4384 est
915 4334 986 4384 adeo
996 4333 1091 4395 iacile;
1101 4339 1247 4397 praeterea
1261 4335 1308 4397 qui
1321 4346 1371 4396 per
1385 4334 1469 4384 talem
1481 4346 1580 4396 agrurn
1592 4337 1685 4383 trans-

356 4424 396 4472 ire
411 4423 508 4483 vellet,
525 4437 593 4474 sane
607 4426 699 4488 spicas
712 4437 768 4474 non
783 4425 871 4473 multo
886 4436 948 4472 curn
973 4424 1069 4473 labore
1088 4423 1234 4483 evelleret,
1248 4422 1299 4472 sed
1313 4422 1433 4485 pedibus
1452 4425 1598 4472 conterens
1612 4424 1685 4471 riam

355 4511 409 4561 sibi
424 4514 554 4575 aperiret.
576 4514 678 4563 Nonne
698 4527 743 4563 res
764 4513 847 4576 plane
861 4512 978 4562 ridicula
992 4514 1066 4562 esset
1081 4510 1231 4575 discipulos
1245 4513 1421 4574 occuparint
1441 4512 1527 4575 spicis
1541 4517 1568 4561 et
1587 4510 1686 4561 culmis

355 4601 462 4651 evulsis
476 4603 551 4651 viam
575 4603 695 4653 Domino
717 4601 875 4652 munirent?
890 4600 984 4660 Quare
1002 4597 1061 4650 ύθθν
1075 4599 1156 4650 ποιεῖν
1170 4613 1205 4652 eo
1226 4614 1310 4651 sensu
1325 4601 1413 4665 accipi
1432 4600 1516 4650 debet
1538 4613 1593 4663 quo
1612 4599 1687 4663 apud

356 4689 487 4751 prolanos
501 4693 650 4753 scriptores
660 4688 826 4742 dicitur-teht
840 4687 964 4740 ποιεῖσθαι
974 4692 1029 4741 iter
1044 4690 1135 4740 lacere
1152 4688 1194 4755 (ct.
1210 4691 1284 4755 llirp.
1300 4691 1423 4750 Scirona,
1439 4689 1492 4738 rit.
1510 4688 1583 4748 Keil,
1603 4690 1687 4740 Weiss

357 4777 517 4844 sistatque
533 4792 631 4829 resera
645 4794 679 4830 ca
694 4779 899 4845 significatione
913 4781 1014 4830 dicitur
1027 4775 1086 4827 θθθν
1100 4777 1181 4828 ποιεῖν
1196 4778 1269 4843 apud
1280 4779 1354 4829 Lxx
1370 4779 1430 4830 iud.
1447 4777 1507 4836 ti‚8
1522 4782 1550 4828 et
1565 4778 1600 4828 ad
1618 4790 1686 4828 ean-

359 4868 421 4917 dem
438 4869 580 4918 notioncm
605 4868 723 4919 retertur
733 4870 805 4934 apud
826 4871 878 4920 ier.
896 4869 976 4929 ‘iaie
992 4865 1104 4928 βελτίους
1115 4864 1233 4929 ποιήσατε
1253 4864 1295 4927 τὰς
1309 4863 1385 4927 decbr
1408 4863 1493 4935 ὑμῶν,
1508 4880 1572 4917 narn
1587 4880 1687 4918 sensus

356 4960 413 5018 est,
425 4960 456 5007 ut
470 4957 633 5008 melioribus
647 4960 700 5009 vtis
714 4960 858 5018 incedant,
876 4973 961 5010 scnsn
977 4961 1073 5024 utique
1083 4959 1231 5020 translato,
1246 4963 1277 5010 ut
1289 4959 1387 5008 relicta
1398 4959 1444 5007 via
1468 4958 1623 5021 iniquitatis
1637 4969 1687 5020 per
