3960 5654
863 375 954 421 uxnc.
979 359 1029 428 lt,
1053 357 1102 415 21.
1592 353 1650 412 373

318 510 498 580 lieritatem
518 508 673 597 proditor
695 509 738 574 sit
761 508 938 576 admissus.
963 507 1137 572 Existimat
1160 504 1293 593 Schepq
1315 506 1403 570 torte
1422 503 1530 569 alludi
1545 500 1588 568 ad
1604 501 1652 566 ri·

317 625 389 685 tum
409 638 533 684 coenae
551 615 735 705 pasclraliS,
753 616 800 682 ita
816 624 854 683 ut
871 613 1023 681 Christus
1042 615 1164 678 innuat
1183 634 1262 677 eum
1280 632 1350 676 esse
1369 609 1576 698 proditorem
1591 608 1651 696 qui

317 727 484 814 particeps
504 724 548 788 sit
570 744 695 790 coenae
714 723 884 789 institutae
912 719 957 784 ad
977 718 1179 786 memoriam
1205 716 1418 785 liberationis
1437 737 1476 780 ex
1496 722 1649 804 Aegypto

316 839 349 899 et
364 829 608 896 beneficiorum
625 829 679 894 [lei
697 827 935 896 revocandam.

357 935 463 1003 Simul
480 936 576 1003 addit
599 958 661 1001 cni·
684 937 793 1002 sciens
817 943 850 1002 et
869 933 985 999 volens
1004 956 1039 999 se
1066 931 1240 1021 permittat
1260 929 1348 995 tradi
1368 952 1400 994 v.
1424 935 1463 994 21
1491 941 1523 994 et
1544 927 1650 993 Filius

315 1041 451 1132 quidem
487 1043 631 1110 lerninis
659 1035 896 1130 vadient-(a,
917 1041 1058 1129 proprie
1090 1029 1251 1119 discedit,
1286 1060 1303 1102 c
1338 1035 1405 1102 vita
1437 1035 1525 1113 scil,
1565 1033 1651 1099 sicut

314 1149 477 1238 scriptam
498 1164 545 1217 est
559 1150 599 1217 dc
619 1169 766 1230 co;cum
790 1153 877 1214 lesus
895 1148 1039 1236 repetito
1060 1144 1221 1234 apostolis
1240 1143 1432 1232 passionem
1455 1148 1489 1207 et
1505 1147 1647 1207 mortem

314 1277 410 1321 suam
431 1257 648 1346 praedixisset
664 1256 775 1342 (9‚au;
799 1261 910 1333 10‚33.
939 1261 994 1321 t5.
1021 1252 1136 1318 llattb.
1165 1256 1283 1331 to,m;
1310 1255 1427 1329 trum
1454 1254 1573 1330 taem
1592 1255 1646 1327 20,

317 1362 429 1450 17-19)
447 1342 618 1452 quae'sibi
644 1385 664 1427 a
688 1359 902 1451 principibus
926 1358 1146 1426 sacerdotum
1171 1364 1258 1423 esset
1282 1354 1477 1434 inserenda,
1501 1377 1539 1420 ea
1567 1375 1648 1420 voce

312 1469 413 1535 simul
433 1471 513 1535 satis
538 1467 665 1534 indicat
691 1490 794 1557 quem
809 1467 936 1532 exitum
955 1465 1105 1555 proditio
1130 1465 1173 1529 sit
1199 1463 1371 1530 habitura.
1396 1461 1429 1529 Si
1453 1462 1586 1549 itaque,
1613 1469 1649 1527 ut

313 1576 420 1663 aliqui
443 1581 622 1663 putarunt,
651 1575 750 1641 ludas
777 1573 838 1639 soli
862 1565 957 1640 lucro
980 1572 1149 1661 pecuniae
1173 1570 1309 1636 inhians
1333 1568 1507 1654 cogitabat
1534 1590 1646 1635 secum

313 1687 419 1748 lesum
434 1683 494 1746 etsi
512 1682 896 1747 tradereturevasurum
912 1701 983 1745 esse
999 1702 1038 1744 ex
1053 1678 1186 1744 insidiis
1196 1683 1230 1743 et
1245 1675 1398 1767 periculo
1417 1676 1533 1764 (prout
1547 1697 1647 1764 saepe

311 1788 378 1853 iam
405 1790 587 1872 evasisset),
612 1789 675 1854 lrac
702 1795 815 1854 tamen
841 1809 921 1853 voce
946 1785 978 1851 ei
999 1787 1112 1851 omnis
1133 1784 1302 1850 excusatio
1329 1783 1466 1849 sceleris
1487 1782 1647 1870 adempta

311 1902 371 1960 est.
393 1897 443 1960 tlti
464 1902 537 1984 post
557 1896 836 1961 resurrectionem
857 1894 1018 1983 apostolis
1038 1899 1073 1957 et
1091 1891 1267 1980 discipulis
1285 1913 1325 1956 ex
1341 1890 1487 1957 oraculis
1506 1888 1645 1955 demon-

309 2006 391 2067 strat
408 2001 594 2090 oportuisse
611 2009 647 2067 ut
657 2008 831 2090 pateretur
846 2001 935 2088 (Luc.
955 2004 1070 2078 Mb.
1093 1999 1149 2085 tt)
1161 2005 1194 2064 et
1210 1997 1259 2063 uti
1270 1996 1362 2062 idem
1375 1996 1479 2063 etiam
1496 1996 1530 2061 in
1547 1995 1645 2061 horto

312 2109 445 2173 monuit
458 2108 587 2194 (ltatth.
606 2109 736 2194 eost),
759 2107 806 2184 ita
820 2107 889 2173 iam
904 2107 969 2172 hoc
985 2107 1057 2172 loco
1072 2105 1230 2194 explicite
1249 2105 1367 2170 statuit
1378 2125 1413 2168 se
1427 2103 1590 2168 libentem
1605 2125 1645 2168 ae

312 2214 480 2280 volentem
501 2222 624 2280 cuncta
645 2237 716 2280 esse
735 2214 930 2280 subiturum
953 2235 1042 2301 quae
1068 2212 1112 2277 de
1136 2235 1171 2278 se
1197 2211 1429 2300 praefigurata
1449 2210 1528 2275 sint.
1554 2214 1643 2286 Quae

309 2320 423 2408 itaque
443 2321 641 2407 ingrediens
657 2321 826 2386 mundum
842 2327 923 2386 teste
937 2319 1094 2408 apostolo
1111 2317 1363 2407 spoponderat:
1384 2339 1460 2384 ecce
1475 2318 1591 2397 venio,
1609 2317 1643 2382 in

310 2427 480 2493 volumine
501 2428 581 2492 libri
593 2429 756 2516 scriptum
771 2433 819 2492 est
838 2428 882 2492 de
906 2448 976 2506 me,
1001 2433 1038 2491 ut
1061 2426 1189 2491 laeiam
1213 2429 1297 2490 lleus
1320 2423 1526 2489 voluntatem
1549 2430 1642 2489 tuam

311 2534 422 2619 (Hebr.
454 2536 554 2616 lost),
586 2535 669 2601 baec
687 2536 803 2600 animo
834 2554 1002 2619 generoso
1026 2554 1128 2620 opere
1156 2530 1361 2620 exsequitur.
1394 2529 1503 2597 Simul
1530 2536 1642 2597 autem

308 2640 475 2728 supplicio
504 2641 674 2729 proposito
697 2639 876 2705 scelestum
901 2639 1095 2727 apostolum
1124 2638 1221 2704 docet
1252 2644 1418 2726 quantam
1448 2637 1642 2703 incursurus

306 2748 348 2811 sit
367 2746 638 2824 damnationem,
664 2769 725 2812 cue
738 2759 852 2812 aretem
868 2746 1002 2811 bantini
1016 2746 1072 2812 illi
1081 2767 1144 2834 per
1165 2766 1265 2832 quem
1286 2744 1391 2810 Filius
1406 2743 1553 2809 bominis
1572 2758 1640 2808 tru-

306 2851 415 2931 detur,
436 2876 495 2920 vae
512 2855 594 2941 quia
612 2856 731 2939 ingens
746 2852 896 2919 admittit
913 2853 1022 2919 scelus
1038 2853 1184 2917 maxime
1205 2853 1332 2918 abusus
1351 2849 1459 2916 libero
1479 2850 1638 2929 arbitrio,

307 2959 455 3025 admittit
470 2962 627 3047 quamvis
647 2967 696 3024 tot
708 2958 1002 3025 admonitionibus
1018 2958 1173 3025 eruditus
1191 2967 1223 3023 et
1239 2965 1287 3023 tot
1308 2962 1378 3024 lesu
1398 2958 1578 3023 conatibus
1596 2958 1641 3024 ad

306 3067 570 3154 resipiscentiam
586 3067 629 3131 sit
644 3066 818 3131 invitatus.
836 3065 931 3142 Quod
948 3066 1055 3151 igitur
1071 3066 1128 3130 ille
1145 3066 1245 3152 plena
1260 3064 1416 3130 libertate
1430 3072 1464 3130 et
1478 3064 1640 3130 electione

306 3180 380 3238 erat
393 3173 559 3251 tacturus,
583 3174 646 3238 boc
663 3177 747 3238 Deris
763 3172 932 3261 praevidit
945 3179 978 3237 et
995 3173 1150 3260 praevisa
1165 3172 1224 3237 illa
1240 3171 1370 3237 malitia
1384 3173 1486 3236 etiam
1498 3193 1537 3236 ea
1553 3193 1639 3259 quae

306 3279 461 3344 homines
485 3301 641 3366 perverse
663 3287 772 3364 agunt
793 3279 987 3344 subservire
1011 3279 1090 3344 lacit
1109 3278 1259 3344 consiliis
1281 3280 1361 3343 suis.
1389 3277 1454 3344 Sed
1481 3279 1561 3366 quia
1583 3278 1639 3345 ille

305 3392 422 3474 peccat
438 3386 520 3451 dum
534 3386 643 3473 potuit
658 3407 725 3451 uon
736 3408 893 3474 peccare,
911 3386 1033 3450 merito
1047 3392 1079 3450 et
1096 3388 1180 3450 iuste
1197 3407 1257 3451 cae
1272 3385 1304 3450 ei
1316 3384 1453 3460 dicitur,
1473 3385 1564 3473 quod
1579 3407 1638 3451 uae

305 3491 444 3557 ulterius
459 3491 652 3557 declaratur
668 3515 675 3558 :
693 3491 819 3557 bonum
834 3492 933 3578 (erat)
950 3493 997 3573 ei,
1015 3492 1127 3557 sinon
1140 3506 1222 3557 esset
1237 3503 1335 3557 nattis
1348 3491 1447 3557 bomo
1461 3492 1538 3572 illc,·
1556 3523 1570 3552 a
1588 3492 1636 3557 xi-

303 3596 402 3663 detur
419 3598 501 3663 mibi
521 3597 738 3664 sentiendum
754 3621 831 3664 cum
852 3598 951 3664 beato
969 3599 1176 3684 Hieronymo
1192 3606 1225 3663 et
1245 3598 1343 3665 beato
1363 3600 1525 3684 Gregorio
1544 3599 1635 3686 (prod

303 3705 423 3770 melius
442 3705 640 3790 eligendum
665 3712 750 3770 esset
772 3704 934 3770 damnato
961 3727 1030 3770 non
1056 3727 1125 3770 esse
1151 3728 1255 3794 quam
1275 3707 1323 3772 sic
1342 3727 1428 3784 esse,
1451 3707 1538 3771 sicut
1556 3705 1637 3771 dicit

302 3818 454 3876 sanctum
470 3813 688 3896 evangelium
704 3839 718 3869 »
738 3811 845 3898 (Alb.)
861 3819 894 3877 et
910 3813 1002 3876 [leda
1019 3813 1142 3900 repetit
1159 3813 1263 3878 verba
1277 3817 1313 3878 S.
1334 3813 1428 3877 Hier.
1446 3812 1503 3900 (ad
1518 3814 1632 3878 llatth.

303 3918 418 4003 abab)
436 3941 442 3984 :
464 3948 478 3977 «
496 3919 696 4006 simpliciter·
714 3917 843 3984 dictum
858 3925 908 3983 est
922 3919 1031 3984 multo
1042 3918 1164 3984 melius
1177 3942 1247 3985 esse
1259 3941 1327 3984 non
1342 3920 1521 3985 subsistere
1532 3941 1634 4009 quam

302 4023 390 4088 male
403 4024 598 4103 subsisterc;
615 4047 759 4112 poenam
775 4024 941 4113 praedicit
956 4033 992 4090 nt
1003 4047 1105 4113 quom
1117 4025 1229 4113 pudor
1239 4048 1306 4092 non
1321 4025 1448 4091 vicerat
1462 4027 1635 4111 corrigant

300 4130 499 4195 denuntiata
521 4132 687 4219 supplicia
715 4163 743 4196 n.
770 4130 936 4196 Subtilius
966 4132 1092 4220 premit
1119 4133 1191 4198 Cui.
1215 4154 1330 4199 voccm
1353 4145 1486 4198 acutos:
1513 4163 1526 4192 u
1553 4135 1634 4221 quia

301 4246 452 4303 mortuus
468 4239 499 4302 in
516 4246 610 4303 utero
626 4239 743 4303 matris
756 4238 953 4304 incurrisset
971 4238 1076 4303 solam
1092 4262 1237 4327 poenam
1253 4238 1386 4320 damni,
1407 4239 1507 4305 modo
1519 4249 1632 4306 autem

301 4345 448 4409 incurret
461 4346 562 4409 otiam
579 4366 723 4433 poenam
737 4368 854 4411 sensus
866 4350 898 4410 et
915 4344 1019 4410 talem
1036 4368 1075 4410 ac
1090 4353 1219 4411 tantam
1236 4348 1270 4411 in
1285 4346 1418 4412 interno
1434 4376 1464 4412 n.
1478 4351 1632 4415 Ceterum

302 4451 398 4539 plura
415 4451 456 4516 de
474 4452 537 4518 boc
552 4452 653 4517 etlato
669 4452 790 4517 Christi
808 4451 885 4517 vide
902 4453 935 4516 in
952 4455 1141 4518 Commeat.
1162 4453 1275 4518 llattlr.
1298 4456 1324 4519 ll
1340 4476 1374 4541 p.
1394 4460 1470 4520 aaa.

339 4676 432 4733 Notat
448 4677 481 4732 N.
503 4673 558 4732 lin
575 4676 687 4752 (serm.
706 4676 789 4745 583.
805 4672 847 4734 ll.
862 4676 987 4753 sabat)
1005 4681 1124 4752 quanta
1140 4676 1335 4755 benignitate
1349 4678 1436 4738 lesus
1453 4697 1528 4739 usus
1544 4680 1585 4738 sit
1601 4679 1631 4738 in

299 4773 423 4841 ludam;
440 4798 453 4825 κ
475 4791 536 4832 non
552 4791 663 4850 aspera
679 4790 735 4832 nec
750 4780 858 4851 aperta
874 4773 1012 4851 impium
1031 4774 1247 4851 increpatione
1263 4774 1477 4846 contundens,
1496 4777 1550 4838 scil
1567 4777 1631 4837 leni
