3960 5654
77 553 78 557 ,
178 510 238 570 348
696 528 786 572 usuc.
811 510 859 577 13,
885 506 990 570 tete.

175 659 228 726 vel
249 662 412 726 infantem
426 663 597 741 gestantes
616 682 751 727 acursu
774 657 941 724 velociore
957 658 1193 748 prohibentur.
1217 687 1233 721 «
1262 657 1509 746 lmpedimenta

176 787 288 833 rerum
317 765 449 828 monuit
480 765 706 855 relinquenda
734 790 765 832 v.
794 773 845 831 15.
881 770 937 845 16;
966 763 1212 854 impedimenta
1241 766 1390 832 filiorum
1412 786 1509 829 com-

175 869 338 960 patiendo
361 870 530 959 praedixit
555 895 586 937 v.
615 882 670 946 17;
699 870 942 962 impedimenta
965 881 1155 959 temporum
1184 875 1338 938 oratione
1358 870 1507 937 tollenda

174 975 274 1041 docet
301 1004 316 1033 u
345 977 449 1066 (Coi.)
475 1002 506 1046 v.
531 985 570 1044 18
591 994 683 1046 orote
705 1001 781 1046 vero
805 989 841 1041 ut
867 977 974 1044 lu'eme
995 999 1062 1043 uon
1084 976 1191 1063 fiant,
1212 999 1280 1064 quo
1305 985 1457 1068 tempore
1476 983 1510 1041 et

68 1097 70 1100 ·
176 1083 259 1167 iuga
279 1085 451 1150 molestior
471 1088 685 1176 maximeque
710 1083 874 1173 impedita
905 1093 938 1151 et
959 1083 1181 1151 commoratio
1204 1083 1241 1147 in
1262 1085 1433 1151 montibus
1452 1085 1506 1150 in-

176 1186 356 1260 clementia
370 1193 475 1270 aeris,
495 1194 588 1272 nive,
612 1192 780 1259 imbribus
795 1190 892 1256 valde
908 1190 1109 1280 peruiciosa.
1131 1189 1182 1257 Uti
1198 1188 1360 1256 Eusebius
1374 1198 1503 1270 narrat,

175 1294 357 1362 Christiani
382 1305 460 1364 aute
480 1301 616 1365 initium
640 1299 720 1364 belli
747 1297 863 1363 relicta
877 1299 962 1364 urbe
978 1295 1073 1362 sedes
1089 1318 1167 1362 suas
1182 1295 1309 1362 Pellam
1325 1299 1508 1363 transtule-

175 1408 255 1466 runt
277 1403 312 1469 in
341 1405 507 1494 oppidum
535 1412 627 1470 trans
660 1403 836 1470 lordauem
852 1406 887 1470 iu
915 1403 1183 1491 septemtrionali
1209 1402 1318 1467 limite
1345 1407 1504 1483 Peraeae;

174 1535 190 1566 α
223 1509 269 1574 ita
301 1517 335 1576 et
363 1513 458 1596 regia
479 1511 563 1576 urbe
583 1532 670 1598 quae
693 1511 793 1575 totius
818 1512 929 1598 gentis
957 1517 1057 1597 caput
1080 1514 1130 1576 est
1148 1518 1182 1576 et
1206 1509 1361 1574 universa
1386 1508 1509 1575 ludaea

174 1615 253 1682 viris
276 1619 400 1682 sanctis
419 1616 597 1695 destituta,
624 1623 696 1682 tum
721 1617 860 1683 demum
880 1616 998 1682 divina
1019 1615 1094 1682 illos
1122 1615 1206 1682 ultio
1225 1615 1269 1681 ob
1291 1621 1340 1680 tot
1361 1613 1508 1680 admissa

173 1728 246 1788 tum
266 1723 301 1788 in
325 1725 515 1803 Christum,
543 1729 616 1787 tum
641 1724 675 1788 iu
700 1724 772 1789 eius
792 1722 962 1812 apostolos
990 1721 1117 1788 scelera
1144 1723 1310 1810 corripuit
1331 1727 1509 1808 totamque

170 1826 266 1894 illam
286 1830 470 1918 impiorum
491 1827 642 1895 sobolem
670 1829 822 1894 funditus
847 1827 973 1894 delevit
1000 1856 1014 1887 u
1041 1829 1091 1917 (h.
1112 1851 1142 1894 e.
1176 1834 1251 1910 3,5;
1282 1829 1330 1894 M.
1360 1833 1505 1908 eumn

174 1934 216 1999 cl.
240 1936 413 2023 Iosephus,
436 1934 519 2000 uell.
540 1935 610 2001 iud.
628 1942 719 2014 220.
742 1942 771 2000 1.
787 1942 824 2014 3;
843 1935 915 2000 Vita
930 1937 976 2021 7).

216 2045 284 2107 lam
299 2042 510 2109 calamitates
533 2041 609 2106 illas
631 2045 679 2108 ita
698 2041 834 2107 exhibet
856 2050 893 2106 ut
912 2042 997 2108 sicut
1011 2042 1234 2127 gravissimae
1247 2047 1327 2106 sunt
1340 2039 1389 2105 ita
1407 2039 1510 2105 simul

172 2146 320 2213 evadant
348 2153 449 2235 typus
478 2153 511 2213 et
536 2149 755 2235 praesagium
783 2148 1043 2214 tribulationum
1071 2146 1209 2214 illarum
1238 2170 1326 2235 quae
1351 2167 1509 2213 consum-

174 2255 356 2319 mationem
380 2255 505 2319 saeculi
536 2255 737 2320 antecedent
763 2277 794 2320 v.
821 2261 860 2319 19
880 2268 979 2320 eruut
998 2256 1088 2320 enim
1104 2253 1174 2320 dies
1197 2253 1252 2320 illi
1275 2251 1511 2319 tribulationes

172 2361 255 2427 tales
270 2358 386 2448 quoles
402 2382 471 2425 uou
489 2362 623 2446 suerint
648 2360 691 2427 ob
708 2362 804 2426 cuiue
822 2375 996 2427 erroneae
1010 2383 1116 2451 quom
1130 2359 1282 2427 condidit
1296 2363 1385 2425 Deus
1405 2381 1511 2448 usque

171 2487 282 2548 nunc,·
300 2489 422 2553 graece
446 2490 454 2534 :
481 2474 583 2533 erunt
606 2469 676 2533 dies
702 2468 753 2533 illi
778 2468 972 2546 tribulatio,
999 2469 1110 2556 qualis
1136 2489 1203 2534 nou
1233 2468 1321 2533 lacta
1349 2471 1399 2532 est
1420 2466 1511 2532 eius-

173 2573 264 2639 modi
284 2581 368 2653 etc.;
392 2579 428 2639 ut
448 2574 491 2641 sit
509 2575 677 2664 appositio
699 2575 744 2640 ad
759 2575 904 2663 epitasin
926 2575 1070 2654 faciens,
1092 2597 1168 2641 cum
1195 2574 1266 2640 dies
1280 2573 1510 2639 calamitatem

172 2687 268 2746 vocet
296 2680 506 2768 (Erosmus);
533 2683 682 2770 tempori
710 2681 917 2748 adscribitur
940 2705 992 2748 res
1016 2682 1163 2770 quaein
1187 2688 1340 2770 tempore
1361 2679 1414 2757 fit;
1441 2701 1512 2744 una

168 2793 202 2852 et
229 2788 391 2852 continua
415 2788 479 2853 erit
494 2787 683 2854 calamitas.
709 2795 817 2877 Atque
839 2789 930 2854 idem
952 2788 1119 2855 iudicium
1143 2788 1186 2854 de
1201 2787 1399 2854 calamitate
1417 2786 1511 2852 urbis

173 2891 250 2958 tulit
279 2893 437 2981 Iosephus
470 2894 553 2959 dum
580 2895 725 2962 scribit:
752 2895 837 2961 illud
864 2894 1014 2962 breviter
1044 2894 1111 2961 dici
1139 2899 1249 2983 potest
1267 2916 1377 2982 neque
1408 2893 1512 2959 aliam

173 2998 293 3064 urbem
316 2999 398 3064 talia
423 3021 617 3088 perpessam
644 3023 714 3066 esse
738 3024 848 3089 neque
877 3002 1055 3067 homiuum
1082 3023 1191 3088 genus
1222 3000 1316 3068 aliud
1346 2998 1390 3064 ab
1416 3001 1511 3064 omui

173 3128 256 3172 aevo
282 3106 479 3171 sceleratius
503 3107 664 3172 exstitisse
692 3107 785 3194 (Bell.
813 3106 884 3172 iud.
911 3116 1002 3186 5,1o.
1028 3109 1073 3193 5).
1104 3106 1195 3175 Unde
1224 3106 1316 3173 haud
1342 3106 1513 3171 immerito

171 3210 327 3277 observat
352 3211 496 3277 lsidorus
524 3213 692 3301 pelusiota
722 3237 729 3282 :
759 3236 800 3280 ue
826 3216 1009 3303 quisquam
1035 3215 1136 3280 fidem
1153 3214 1342 3300 denegaret
1359 3214 1511 3300 ipsorum

171 3318 438 3399 calamitatibus,
472 3321 630 3407 quamvis
661 3320 763 3386 fidem
803 3329 837 3387 et
869 3321 1067 3409 exemplum
1096 3321 1353 3410 superantibuS,
1384 3319 1511 3384 idcirco

171 3447 241 3490 non
273 3432 472 3491 extraneum
500 3426 650 3515 aliquem
683 3427 842 3514 (fortassis
870 3428 962 3494 enim
997 3427 1050 3494 vel
1078 3428 1190 3516 potius
1222 3427 1411 3493 necessario
1442 3447 1513 3489 non

171 3531 352 3597 invenisset
373 3532 491 3619 fidem)
517 3534 575 3599 scd
595 3533 769 3599 hominem
790 3558 829 3600 ex
854 3534 973 3601 cadem
998 3541 1099 3620 geute
1119 3533 1303 3600 oriundum
1323 3540 1357 3597 et
1376 3533 1510 3597 iustitu-

173 3643 284 3703 torum
305 3639 494 3726 patriorum
519 3640 810 3707 servantissimum
837 3641 971 3729 paravit
999 3646 1031 3707 et
1051 3641 1211 3708 instruxit
1230 3640 1370 3718 veritaS,
1389 3644 1425 3704 ut
1439 3645 1512 3723 stu-

173 3745 286 3832 penda
317 3744 374 3810 illa
405 3753 500 3830 gesta
532 3767 620 3833 quae
649 3746 780 3813 ludaeis
811 3756 1000 3813 evenerunt
1030 3749 1161 3833 tragico
1194 3746 1271 3813 stilo
1305 3744 1513 3811 describeret

171 3852 281 3939 (epist.
301 3858 395 3930 e,75;
417 3856 455 3918 ll.
478 3853 659 3939 78,1136);
676 3875 786 3941 oeque
803 3855 902 3940 fient.
926 3859 1121 3920 Sermonem
1142 3853 1274 3920 dellecti
1290 3852 1334 3918 ad
1355 3852 1512 3918 ultimam

172 3965 205 4023 et
220 3958 372 4024 omnium
401 3960 584 4023 maximam
607 3960 865 4026 tribulationem
893 3984 980 4050 quae
1003 3961 1140 4049 praevia
1162 3960 1276 4026 sutura
1297 3960 1340 4025 sit
1354 3979 1511 4023 consum-

174 4066 311 4131 mationi
332 4065 459 4131 saeculi
482 4071 638 4131 statuunt
660 4065 771 4146 Bedo,
795 4067 870 4132 Alo.
896 4068 969 4134 Coi.
994 4070 1157 4133 Erasmus
1176 4066 1280 4155 idque
1304 4067 1441 4144 merito,
1462 4065 1513 4129 uti

173 4194 211 4237 ex
231 4171 453 4260 sequentibus
476 4193 612 4261 quoque
634 4172 818 4259 colligitur.
839 4179 922 4240 Cum
937 4175 1027 4239 euim
1047 4174 1158 4262 quiin
1181 4173 1304 4240 ludaea
1322 4178 1400 4238 sunt
1414 4172 1513 4237 Chri-

173 4278 334 4344 stifideles
359 4279 477 4364 sugere
498 4280 578 4344 iussi
603 4279 687 4360 sint,
708 4279 731 4344 ii
752 4280 820 4345 iam
845 4281 1102 4347 considerantur
1123 4287 1217 4347 extra
1236 4281 1345 4346 aleam
1370 4284 1403 4344 et
1422 4279 1515 4366 peri-

172 4385 286 4449 culum
303 4385 413 4472 positi.
431 4391 539 4463 Quare
554 4387 646 4474 quod
664 4388 697 4451 iu
717 4410 749 4451 v.
775 4392 816 4451 20
835 4386 961 4452 dicitur
975 4409 1042 4453 nou
1057 4394 1165 4475 potest
1181 4387 1297 4452 referri
1314 4385 1356 4451 ad
1372 4384 1512 4450 calami-

174 4497 275 4556 tatem
293 4491 479 4570 iudaicam3
503 4495 636 4579 potiore
650 4493 751 4559 eliam
769 4494 896 4558 ratione
913 4515 980 4558 uon
1000 4500 1128 4583 spectat
1143 4493 1185 4559 ad
1197 4492 1324 4560 bellum
1339 4490 1512 4556 iudaicum

174 4596 265 4686 quod
287 4598 322 4662 iu
350 4621 380 4662 v.
400 4605 438 4664 21
467 4606 500 4663 et
525 4605 567 4663 22
583 4602 786 4666 continetur.
807 4599 868 4665 lllo
892 4600 982 4665 cuim
1003 4607 1156 4690 tempore
1183 4599 1225 4664 de
1249 4597 1515 4687 pseudochristis

174 4705 233 4793 qui
246 4703 327 4768 deut
338 4704 438 4788 sigua
454 4711 487 4770 et
500 4714 657 4793 portenta
670 4729 780 4773 sermo
794 4729 863 4772 esse
878 4706 996 4794 nequit
1010 4714 1042 4773 et
1055 4707 1139 4796 quid
1152 4706 1216 4773 sihi
1231 4706 1312 4772 velit
1322 4705 1513 4772 admonitio

174 4814 209 4877 in
229 4834 259 4874 v.
289 4815 327 4874 21
353 4812 527 4897 praeclare
547 4813 737 4879 illustratur
754 4812 844 4902 apud
862 4814 1065 4879 llatthaeum
1081 4820 1195 4893 md.
1212 4819 1265 4894 27,
1283 4813 1341 4879 ubi
1356 4814 1424 4878 sole
1445 4812 1512 4876 cla-

176 4918 245 4983 rius
260 4924 309 4983 est
322 4916 440 4982 referri
456 4917 500 4982 ad
517 4926 651 5008 tempus
666 4920 814 4986 secundo
827 4920 949 4985 Christi
963 4921 1122 4987 adventui
1140 4922 1329 5010 praevium.
1348 4920 1428 4986 lleiu
1445 4921 1513 4986 cla-
