<?xml version="1.0" encoding="UTF-8"?>
<!DOCTYPE html PUBLIC "-//W3C//DTD XHTML 1.0 Transitional//EN"
    "http://www.w3.org/TR/xhtml1/DTD/xhtml1-transitional.dtd">
<html xmlns="http://www.w3.org/1999/xhtml" xml:lang="en" lang="en">
 <head>
  <title>
</title>
<meta http-equiv="Content-Type" content="text/html;charset=utf-8" />
  <meta name='ocr-system' content='tesseract 3.04.00' />
  <meta name='ocr-capabilities' content='ocr_page ocr_carea ocr_par ocr_line ocrx_word'/>
</head>
<body>
  <div class='ocr_page' id='page_1' title='image "./commentariusinq01knabgoog_0045.png"; bbox 0 0 3960 5654; ppageno 0'>
   <div class='ocr_carea' id='block_1_1' title="bbox 343 505 1098 572">
    <p class='ocr_par' dir='ltr' id='par_1_1' title="bbox 343 505 1098 572">
     <span class='ocr_line' id='line_1_1' title="bbox 343 505 1098 572; baseline -0.004 -9"><span class='ocrx_word' id='word_1_1' title='bbox 343 506 384 564; x_wconf 83' lang='lat'>³0</span> <span class='ocrx_word' id='word_1_2' title='bbox 920 522 1012 566; x_wconf 79' lang='lat' dir='ltr'>xxxa.</span> <span class='ocrx_word' id='word_1_3' title='bbox 1036 505 1098 572; x_wconf 64' lang='lat' dir='ltr'>ht.</span> 
     </span>
    </p>
   </div>
   <div class='ocr_carea' id='block_1_2' title="bbox 271 651 1669 2340">
    <p class='ocr_par' dir='ltr' id='par_1_2' title="bbox 271 651 1669 2340">
     <span class='ocr_line' id='line_1_2' title="bbox 342 651 1662 744; baseline 0.005 -26"><span class='ocrx_word' id='word_1_4' title='bbox 342 655 527 744; x_wconf 88' lang='lat' dir='ltr'>prophetae</span> <span class='ocrx_word' id='word_1_5' title='bbox 554 659 622 720; x_wconf 88' lang='lat' dir='ltr'>iam</span> <span class='ocrx_word' id='word_1_6' title='bbox 652 651 866 737; x_wconf 78' lang='lat' dir='ltr'>assignarant</span> <span class='ocrx_word' id='word_1_7' title='bbox 894 655 984 743; x_wconf 85' lang='lat' dir='ltr'>(vide</span> <span class='ocrx_word' id='word_1_8' title='bbox 1012 657 1074 718; x_wconf 90' lang='lat' dir='ltr'>ler.</span> <span class='ocrx_word' id='word_1_9' title='bbox 1102 658 1256 732; x_wconf 60' lang='lat' dir='ltr'>aar-m.</span> <span class='ocrx_word' id='word_1_10' title='bbox 1283 660 1336 720; x_wconf 80' lang='lat' dir='ltr'>lla.</span> <span class='ocrx_word' id='word_1_11' title='bbox 1366 663 1461 737; x_wconf 68' lang='lat' dir='ltr'>root</span> <span class='ocrx_word' id='word_1_12' title='bbox 1490 659 1572 721; x_wconf 81' lang='lat' dir='ltr'>bau.</span> <span class='ocrx_word' id='word_1_13' title='bbox 1591 662 1662 739; x_wconf 85' lang='lat' dir='ltr'>s,5.</span> 
     </span>
     <span class='ocr_line' id='line_1_3' title="bbox 341 758 1668 850; baseline 0.002 -24"><span class='ocrx_word' id='word_1_14' title='bbox 341 762 439 830; x_wconf 82' lang='lat' dir='ltr'>llich.</span> <span class='ocrx_word' id='word_1_15' title='bbox 457 770 514 845; x_wconf 80' lang='grc'>7,9</span> <span class='ocrx_word' id='word_1_16' title='bbox 528 768 560 826; x_wconf 88' lang='lat' dir='ltr'>et</span> <span class='ocrx_word' id='word_1_17' title='bbox 575 758 742 845; x_wconf 80' lang='lat' dir='ltr'><strong>imprimis</strong></span> <span class='ocrx_word' id='word_1_18' title='bbox 759 766 798 828; x_wconf 88' lang='lat' dir='ltr'>is.</span> <span class='ocrx_word' id='word_1_19' title='bbox 815 768 889 839; x_wconf 86' lang='lat'>58,1</span> <span class='ocrx_word' id='word_1_20' title='bbox 909 783 978 847; x_wconf 93' lang='lat' dir='ltr'>seq.</span> <span class='ocrx_word' id='word_1_21' title='bbox 995 763 1113 838; x_wconf 73' lang='lat'>59‚12;</span> <span class='ocrx_word' id='word_1_22' title='bbox 1129 766 1336 846; x_wconf 70' lang='lat' dir='ltr'>carseta).</span> <span class='ocrx_word' id='word_1_23' title='bbox 1356 763 1527 829; x_wconf 87' lang='lat' dir='ltr'>Praedicat</span> <span class='ocrx_word' id='word_1_24' title='bbox 1541 759 1668 850; x_wconf 87' lang='lat' dir='ltr'>baptis-</span> 
     </span>
     <span class='ocr_line' id='line_1_4' title="bbox 343 864 1668 958; baseline -0.002 -22"><span class='ocrx_word' id='word_1_25' title='bbox 343 891 436 936; x_wconf 90' lang='lat' dir='ltr'>mum</span> <span class='ocrx_word' id='word_1_26' title='bbox 452 864 693 958; x_wconf 87' lang='lat' dir='ltr'>poenitentiae;</span> <span class='ocrx_word' id='word_1_27' title='bbox 709 868 852 934; x_wconf 89' lang='lat' dir='ltr'>lotiones</span> <span class='ocrx_word' id='word_1_28' title='bbox 866 864 959 953; x_wconf 88' lang='lat' dir='ltr'>apud</span> <span class='ocrx_word' id='word_1_29' title='bbox 976 864 1114 932; x_wconf 89' lang='lat' dir='ltr'>ludaeos</span> <span class='ocrx_word' id='word_1_30' title='bbox 1128 867 1322 957; x_wconf 85' lang='lat' dir='ltr'>frequentes</span> <span class='ocrx_word' id='word_1_31' title='bbox 1335 876 1431 934; x_wconf 88' lang='lat' dir='ltr'>erant</span> <span class='ocrx_word' id='word_1_32' title='bbox 1444 870 1487 934; x_wconf 94' lang='lat' dir='ltr'>ad</span> <span class='ocrx_word' id='word_1_33' title='bbox 1500 867 1668 934; x_wconf 82' lang='lat' dir='ltr'>leviticam</span> 
     </span>
     <span class='ocr_line' id='line_1_5' title="bbox 342 969 1669 1066; baseline -0.002 -24"><span class='ocrx_word' id='word_1_34' title='bbox 342 975 516 1066; x_wconf 89' lang='lat' dir='ltr'>quandam</span> <span class='ocrx_word' id='word_1_35' title='bbox 531 970 784 1039; x_wconf 78' lang='lat' dir='ltr'>immunditiem</span> <span class='ocrx_word' id='word_1_36' title='bbox 800 969 984 1036; x_wconf 87' lang='lat' dir='ltr'>tollendam</span> <span class='ocrx_word' id='word_1_37' title='bbox 999 972 1050 1037; x_wconf 91' lang='lat' dir='ltr'>vel</span> <span class='ocrx_word' id='word_1_38' title='bbox 1067 975 1282 1063; x_wconf 85' lang='lat' dir='ltr'>expiandam.</span> <span class='ocrx_word' id='word_1_39' title='bbox 1299 975 1424 1038; x_wconf 91' lang='lat' dir='ltr'>Novum</span> <span class='ocrx_word' id='word_1_40' title='bbox 1438 982 1549 1041; x_wconf 88' lang='lat' dir='ltr'>autem</span> <span class='ocrx_word' id='word_1_41' title='bbox 1560 995 1669 1060; x_wconf 87' lang='lat' dir='ltr'>genus</span> 
     </span>
     <span class='ocr_line' id='line_1_6' title="bbox 342 1076 1669 1169; baseline -0.002 -21"><span class='ocrx_word' id='word_1_42' title='bbox 342 1081 487 1169; x_wconf 86' lang='lat' dir='ltr'>baptista</span> <span class='ocrx_word' id='word_1_43' title='bbox 505 1076 650 1161; x_wconf 85' lang='lat' dir='ltr'>iuducit;</span> <span class='ocrx_word' id='word_1_44' title='bbox 670 1080 767 1145; x_wconf 90' lang='lat' dir='ltr'>docet</span> <span class='ocrx_word' id='word_1_45' title='bbox 780 1076 944 1142; x_wconf 90' lang='lat' dir='ltr'>lotionem</span> <span class='ocrx_word' id='word_1_46' title='bbox 959 1080 1085 1169; x_wconf 87' lang='lat' dir='ltr'>suscipi</span> <span class='ocrx_word' id='word_1_47' title='bbox 1105 1085 1286 1169; x_wconf 87' lang='lat' dir='ltr'>postquam</span> <span class='ocrx_word' id='word_1_48' title='bbox 1302 1079 1435 1143; x_wconf 88' lang='lat' dir='ltr'>animus</span> <span class='ocrx_word' id='word_1_49' title='bbox 1451 1079 1669 1147; x_wconf 86' lang='lat' dir='ltr'>detestatione</span> 
     </span>
     <span class='ocr_line' id='line_1_7' title="bbox 340 1184 1668 1277; baseline 0.001 -24"><span class='ocrx_word' id='word_1_50' title='bbox 340 1190 554 1276; x_wconf 86' lang='lat' dir='ltr'>pcccatorum</span> <span class='ocrx_word' id='word_1_51' title='bbox 570 1188 706 1252; x_wconf 85' lang='lat' dir='ltr'>civitae</span> <span class='ocrx_word' id='word_1_52' title='bbox 723 1189 858 1249; x_wconf 88' lang='lat' dir='ltr'>sanctae</span> <span class='ocrx_word' id='word_1_53' title='bbox 873 1184 1105 1252; x_wconf 85' lang='lat' dir='ltr'>desiderioest</span> <span class='ocrx_word' id='word_1_54' title='bbox 1119 1184 1288 1266; x_wconf 88' lang='lat' dir='ltr'>imbutus,</span> <span class='ocrx_word' id='word_1_55' title='bbox 1308 1192 1343 1249; x_wconf 88' lang='lat' dir='ltr'>ui</span> <span class='ocrx_word' id='word_1_56' title='bbox 1355 1206 1429 1274; x_wconf 89' lang='lat' dir='ltr'>spes</span> <span class='ocrx_word' id='word_1_57' title='bbox 1445 1188 1577 1276; x_wconf 86' lang='lat' dir='ltr'>concipi</span> <span class='ocrx_word' id='word_1_58' title='bbox 1594 1209 1668 1277; x_wconf 90' lang='lat' dir='ltr'>pos·</span> 
     </span>
     <span class='ocr_line' id='line_1_8' title="bbox 340 1289 1668 1381; baseline 0.002 -23"><span class='ocrx_word' id='word_1_59' title='bbox 340 1292 382 1358; x_wconf 88' lang='lat' dir='ltr'>sit</span> <span class='ocrx_word' id='word_1_60' title='bbox 396 1292 467 1357; x_wconf 84' lang='lat' dir='ltr'>lore</span> <span class='ocrx_word' id='word_1_61' title='bbox 483 1299 519 1358; x_wconf 89' lang='lat' dir='ltr'>ut</span> <span class='ocrx_word' id='word_1_62' title='bbox 535 1298 621 1359; x_wconf 61' lang='lat' dir='ltr'>lleus,</span> <span class='ocrx_word' id='word_1_63' title='bbox 633 1294 771 1380; x_wconf 88' lang='lat' dir='ltr'>peccata</span> <span class='ocrx_word' id='word_1_64' title='bbox 787 1289 936 1377; x_wconf 91' lang='lat' dir='ltr'>benigne</span> <span class='ocrx_word' id='word_1_65' title='bbox 949 1291 1127 1357; x_wconf 88' lang='lat' dir='ltr'>condonet.</span> <span class='ocrx_word' id='word_1_66' title='bbox 1151 1290 1278 1357; x_wconf 81' lang='lat' dir='ltr'>Dicitur</span> <span class='ocrx_word' id='word_1_67' title='bbox 1292 1291 1479 1381; x_wconf 86' lang='lat' dir='ltr'>baptismus</span> <span class='ocrx_word' id='word_1_68' title='bbox 1491 1296 1668 1381; x_wconf 89' lang='lat' dir='ltr'>poeniten·</span> 
     </span>
     <span class='ocr_line' id='line_1_9' title="bbox 341 1395 1668 1489; baseline 0.002 -25"><span class='ocrx_word' id='word_1_69' title='bbox 341 1397 421 1478; x_wconf 89' lang='lat' dir='ltr'>tiae,</span> <span class='ocrx_word' id='word_1_70' title='bbox 439 1401 521 1489; x_wconf 89' lang='lat' dir='ltr'>quia</span> <span class='ocrx_word' id='word_1_71' title='bbox 537 1402 570 1465; x_wconf 92' lang='lat' dir='ltr'>in</span> <span class='ocrx_word' id='word_1_72' title='bbox 584 1395 817 1464; x_wconf 89' lang='lat' dir='ltr'>testimonium</span> <span class='ocrx_word' id='word_1_73' title='bbox 833 1399 1061 1485; x_wconf 88' lang='lat' dir='ltr'>poenitentiae</span> <span class='ocrx_word' id='word_1_74' title='bbox 1076 1397 1324 1487; x_wconf 82' lang='lat' dir='ltr'>suscipiebatur</span> <span class='ocrx_word' id='word_1_75' title='bbox 1338 1397 1473 1486; x_wconf 84' lang='lat' dir='ltr'>(lons.);</span> <span class='ocrx_word' id='word_1_76' title='bbox 1490 1400 1668 1488; x_wconf 85' lang='lat' dir='ltr'>poeniten-</span> 
     </span>
     <span class='ocr_line' id='line_1_10' title="bbox 339 1502 1668 1594; baseline 0.002 -23"><span class='ocrx_word' id='word_1_77' title='bbox 339 1505 386 1571; x_wconf 89' lang='lat' dir='ltr'>tia</span> <span class='ocrx_word' id='word_1_78' title='bbox 394 1507 550 1573; x_wconf 90' lang='lat' dir='ltr'>autemiu</span> <span class='ocrx_word' id='word_1_79' title='bbox 562 1502 712 1569; x_wconf 90' lang='lat' dir='ltr'>idteudit</span> <span class='ocrx_word' id='word_1_80' title='bbox 722 1509 824 1590; x_wconf 91' lang='lat' dir='ltr'>atque</span> <span class='ocrx_word' id='word_1_81' title='bbox 836 1504 868 1570; x_wconf 95' lang='lat' dir='ltr'>id</span> <span class='ocrx_word' id='word_1_82' title='bbox 879 1504 1088 1570; x_wconf 87' lang='lat' dir='ltr'>desideratet</span> <span class='ocrx_word' id='word_1_83' title='bbox 1096 1506 1236 1593; x_wconf 88' lang='lat' dir='ltr'>appetit,</span> <span class='ocrx_word' id='word_1_84' title='bbox 1248 1512 1285 1571; x_wconf 88' lang='lat' dir='ltr'>ut</span> <span class='ocrx_word' id='word_1_85' title='bbox 1293 1505 1442 1572; x_wconf 90' lang='lat' dir='ltr'>remissio</span> <span class='ocrx_word' id='word_1_86' title='bbox 1451 1511 1668 1594; x_wconf 89' lang='lat' dir='ltr'>peccatorum</span> 
     </span>
     <span class='ocr_line' id='line_1_11' title="bbox 338 1609 1665 1703; baseline 0.001 -26"><span class='ocrx_word' id='word_1_87' title='bbox 338 1610 549 1691; x_wconf 86' lang='lat' dir='ltr'>obtineatur;</span> <span class='ocrx_word' id='word_1_88' title='bbox 577 1630 684 1699; x_wconf 88' lang='lat' dir='ltr'>quare</span> <span class='ocrx_word' id='word_1_89' title='bbox 713 1609 838 1676; x_wconf 88' lang='lat' dir='ltr'>dicitur</span> <span class='ocrx_word' id='word_1_90' title='bbox 862 1609 1092 1698; x_wconf 81' lang='lat' dir='ltr'>poeniteutiae</span> <span class='ocrx_word' id='word_1_91' title='bbox 1120 1611 1157 1676; x_wconf 85' lang='lat' dir='ltr'>in</span> <span class='ocrx_word' id='word_1_92' title='bbox 1179 1612 1411 1678; x_wconf 82' lang='lat' dir='ltr'>remissionem</span> <span class='ocrx_word' id='word_1_93' title='bbox 1432 1624 1665 1703; x_wconf 82' lang='lat' dir='ltr'>peccatorum.</span> 
     </span>
     <span class='ocr_line' id='line_1_12' title="bbox 338 1718 1667 1809; baseline 0.001 -25"><span class='ocrx_word' id='word_1_94' title='bbox 338 1718 438 1785; x_wconf 77' lang='lat' dir='ltr'>atiud</span> <span class='ocrx_word' id='word_1_95' title='bbox 458 1726 507 1785; x_wconf 91' lang='lat' dir='ltr'>est</span> <span class='ocrx_word' id='word_1_96' title='bbox 527 1722 639 1782; x_wconf 88' lang='lat' dir='ltr'>utrum</span> <span class='ocrx_word' id='word_1_97' title='bbox 657 1723 796 1804; x_wconf 88' lang='lat' dir='ltr'>peccata</span> <span class='ocrx_word' id='word_1_98' title='bbox 812 1739 929 1784; x_wconf 89' lang='lat' dir='ltr'>revera</span> <span class='ocrx_word' id='word_1_99' title='bbox 943 1718 1160 1783; x_wconf 88' lang='lat' dir='ltr'>remittantur</span> <span class='ocrx_word' id='word_1_100' title='bbox 1176 1740 1295 1785; x_wconf 89' lang='lat' dir='ltr'>nocue.</span> <span class='ocrx_word' id='word_1_101' title='bbox 1311 1724 1355 1785; x_wconf 87' lang='lat' dir='ltr'>Ex</span> <span class='ocrx_word' id='word_1_102' title='bbox 1372 1742 1402 1783; x_wconf 91' lang='lat' dir='ltr'>v.</span> <span class='ocrx_word' id='word_1_103' title='bbox 1425 1724 1444 1784; x_wconf 89' lang='lat'>8</span> <span class='ocrx_word' id='word_1_104' title='bbox 1459 1724 1551 1807; x_wconf 86' lang='lat' dir='ltr'>patet</span> <span class='ocrx_word' id='word_1_105' title='bbox 1566 1718 1667 1809; x_wconf 88' lang='lat' dir='ltr'>quale</span> 
     </span>
     <span class='ocr_line' id='line_1_13' title="bbox 338 1823 1668 1914; baseline 0.002 -24"><span class='ocrx_word' id='word_1_106' title='bbox 338 1824 519 1892; x_wconf 86' lang='lat' dir='ltr'>discrimen</span> <span class='ocrx_word' id='word_1_107' title='bbox 544 1823 692 1912; x_wconf 86' lang='lat' dir='ltr'>baptista</span> <span class='ocrx_word' id='word_1_108' title='bbox 714 1831 877 1908; x_wconf 88' lang='lat' dir='ltr'>agnoscat</span> <span class='ocrx_word' id='word_1_109' title='bbox 902 1824 990 1889; x_wconf 88' lang='lat' dir='ltr'>inter</span> <span class='ocrx_word' id='word_1_110' title='bbox 1013 1845 1111 1890; x_wconf 91' lang='lat' dir='ltr'>suum</span> <span class='ocrx_word' id='word_1_111' title='bbox 1135 1830 1169 1889; x_wconf 90' lang='lat' dir='ltr'>et</span> <span class='ocrx_word' id='word_1_112' title='bbox 1193 1828 1266 1891; x_wconf 90' lang='lat' dir='ltr'>lesu</span> <span class='ocrx_word' id='word_1_113' title='bbox 1290 1825 1471 1914; x_wconf 69' lang='lat' dir='ltr'>baptisma,</span> <span class='ocrx_word' id='word_1_114' title='bbox 1497 1827 1668 1914; x_wconf 85' lang='lat' dir='ltr'>Baptisma</span> 
     </span>
     <span class='ocr_line' id='line_1_14' title="bbox 338 1930 1667 2020; baseline 0 -23"><span class='ocrx_word' id='word_1_115' title='bbox 338 1932 471 1998; x_wconf 88' lang='lat' dir='ltr'>loannis</span> <span class='ocrx_word' id='word_1_116' title='bbox 497 1951 610 2018; x_wconf 87' lang='lat' dir='ltr'>perse</span> <span class='ocrx_word' id='word_1_117' title='bbox 634 1952 703 1996; x_wconf 92' lang='lat' dir='ltr'>non</span> <span class='ocrx_word' id='word_1_118' title='bbox 728 1930 927 1996; x_wconf 81' lang='lat' dir='ltr'>conterebat</span> <span class='ocrx_word' id='word_1_119' title='bbox 946 1931 1179 1997; x_wconf 90' lang='lat' dir='ltr'>remissionem</span> <span class='ocrx_word' id='word_1_120' title='bbox 1204 1953 1243 1996; x_wconf 88' lang='lat' dir='ltr'>eo</span> <span class='ocrx_word' id='word_1_121' title='bbox 1264 1930 1362 1997; x_wconf 92' lang='lat' dir='ltr'>modo</span> <span class='ocrx_word' id='word_1_122' title='bbox 1385 1953 1453 2019; x_wconf 94' lang='lat' dir='ltr'>quo</span> <span class='ocrx_word' id='word_1_123' title='bbox 1478 1931 1667 2020; x_wconf 87' lang='lat' dir='ltr'>baptismus</span> 
     </span>
     <span class='ocr_line' id='line_1_15' title="bbox 338 2036 1668 2124; baseline 0 -20"><span class='ocrx_word' id='word_1_124' title='bbox 338 2038 476 2115; x_wconf 89' lang='lat' dir='ltr'>Christi,</span> <span class='ocrx_word' id='word_1_125' title='bbox 502 2037 550 2102; x_wconf 89' lang='lat' dir='ltr'>uti</span> <span class='ocrx_word' id='word_1_126' title='bbox 569 2036 754 2102; x_wconf 89' lang='lat' dir='ltr'>benedicit</span> <span class='ocrx_word' id='word_1_127' title='bbox 774 2037 884 2102; x_wconf 81' lang='lat' dir='ltr'>Victor</span> <span class='ocrx_word' id='word_1_128' title='bbox 902 2043 972 2102; x_wconf 88' lang='lat' dir='ltr'>aut.</span> <span class='ocrx_word' id='word_1_129' title='bbox 995 2037 1031 2102; x_wconf 90' lang='lat' dir='ltr'>in</span> <span class='ocrx_word' id='word_1_130' title='bbox 1049 2044 1114 2104; x_wconf 88' lang='lat' dir='ltr'>cat.</span> <span class='ocrx_word' id='word_1_131' title='bbox 1140 2041 1193 2104; x_wconf 93' lang='lat' dir='ltr'>Cr.</span> <span class='ocrx_word' id='word_1_132' title='bbox 1213 2059 1220 2104; x_wconf 92' lang='lat'>:</span> <span class='ocrx_word' id='word_1_133' title='bbox 1247 2066 1262 2098; x_wconf 92' lang='lat'>«</span> <span class='ocrx_word' id='word_1_134' title='bbox 1280 2060 1349 2103; x_wconf 91' lang='lat' dir='ltr'>noa</span> <span class='ocrx_word' id='word_1_135' title='bbox 1368 2037 1496 2103; x_wconf 92' lang='lat' dir='ltr'>donum</span> <span class='ocrx_word' id='word_1_136' title='bbox 1517 2036 1668 2124; x_wconf 86' lang='lat' dir='ltr'>largiens</span> 
     </span>
     <span class='ocr_line' id='line_1_16' title="bbox 337 2143 1667 2234; baseline 0 -24"><span class='ocrx_word' id='word_1_137' title='bbox 337 2144 430 2234; x_wconf 90' lang='lat' dir='ltr'>quod</span> <span class='ocrx_word' id='word_1_138' title='bbox 444 2145 480 2208; x_wconf 93' lang='lat' dir='ltr'>in</span> <span class='ocrx_word' id='word_1_139' title='bbox 498 2144 691 2210; x_wconf 88' lang='lat' dir='ltr'>remissione</span> <span class='ocrx_word' id='word_1_140' title='bbox 707 2144 856 2209; x_wconf 89' lang='lat' dir='ltr'>consistit</span> <span class='ocrx_word' id='word_1_141' title='bbox 872 2143 931 2208; x_wconf 90' lang='lat' dir='ltr'>sed</span> <span class='ocrx_word' id='word_1_142' title='bbox 946 2165 1154 2232; x_wconf 86' lang='lat' dir='ltr'>praeparans</span> <span class='ocrx_word' id='word_1_143' title='bbox 1169 2144 1304 2210; x_wconf 90' lang='lat' dir='ltr'>animas</span> <span class='ocrx_word' id='word_1_144' title='bbox 1317 2165 1432 2210; x_wconf 90' lang='lat' dir='ltr'>eorum</span> <span class='ocrx_word' id='word_1_145' title='bbox 1450 2146 1508 2234; x_wconf 94' lang='lat' dir='ltr'>qui</span> <span class='ocrx_word' id='word_1_146' title='bbox 1530 2145 1667 2211; x_wconf 88' lang='lat' dir='ltr'>univer-</span> 
     </span>
     <span class='ocr_line' id='line_1_17' title="bbox 271 2245 1667 2340; baseline 0.001 -24"><span class='ocrx_word' id='word_1_147' title='bbox 271 2262 274 2267; x_wconf 84' lang='lat'>&#39;</span> <span class='ocrx_word' id='word_1_148' title='bbox 336 2272 450 2316; x_wconf 92' lang='lat' dir='ltr'>sorum</span> <span class='ocrx_word' id='word_1_149' title='bbox 466 2254 569 2316; x_wconf 85' lang='lat' dir='ltr'>Deum</span> <span class='ocrx_word' id='word_1_150' title='bbox 587 2255 684 2315; x_wconf 90' lang='lat' dir='ltr'>eraut</span> <span class='ocrx_word' id='word_1_151' title='bbox 697 2245 885 2339; x_wconf 83' lang='lat' dir='ltr'>suscepturi</span> <span class='ocrx_word' id='word_1_152' title='bbox 903 2276 918 2308; x_wconf 90' lang='lat'>»</span> <span class='ocrx_word' id='word_1_153' title='bbox 931 2256 964 2315; x_wconf 90' lang='lat' dir='ltr'>et</span> <span class='ocrx_word' id='word_1_154' title='bbox 977 2250 1021 2316; x_wconf 94' lang='lat' dir='ltr'>ad</span> <span class='ocrx_word' id='word_1_155' title='bbox 1033 2272 1104 2316; x_wconf 90' lang='lat' dir='ltr'>rem</span> <span class='ocrx_word' id='word_1_156' title='bbox 1121 2258 1216 2317; x_wconf 87' lang='lat' dir='ltr'>notat</span> <span class='ocrx_word' id='word_1_157' title='bbox 1229 2255 1282 2317; x_wconf 91' lang='lat' dir='ltr'>Ps.</span> <span class='ocrx_word' id='word_1_158' title='bbox 1304 2252 1394 2317; x_wconf 83' lang='lat' dir='ltr'>Hier.</span> <span class='ocrx_word' id='word_1_159' title='bbox 1413 2273 1425 2316; x_wconf 90' lang='lat'>.·</span> <span class='ocrx_word' id='word_1_160' title='bbox 1446 2280 1460 2312; x_wconf 91' lang='lat'>«</span> <span class='ocrx_word' id='word_1_161' title='bbox 1479 2250 1572 2340; x_wconf 91' lang='lat' dir='ltr'>quod</span> <span class='ocrx_word' id='word_1_162' title='bbox 1586 2273 1667 2317; x_wconf 93' lang='lat' dir='ltr'>cou-</span> 
     </span>
    </p>
   </div>
   <div class='ocr_carea' id='block_1_3' title="bbox 239 2356 1667 2448">
    <p class='ocr_par' dir='ltr' id='par_1_3' title="bbox 239 2356 1667 2448">
     <span class='ocr_line' id='line_1_18' title="bbox 239 2356 1667 2448; baseline -0.001 -24"><span class='ocrx_word' id='word_1_163' title='bbox 239 2404 242 2413; x_wconf 65' lang='grc'><strong>«</strong></span> <span class='ocrx_word' id='word_1_164' title='bbox 336 2365 527 2424; x_wconf 81' lang='lat' dir='ltr'>summetur</span> <span class='ocrx_word' id='word_1_165' title='bbox 541 2378 602 2445; x_wconf 88' lang='lat' dir='ltr'>per</span> <span class='ocrx_word' id='word_1_166' title='bbox 620 2378 798 2444; x_wconf 87' lang='lat' dir='ltr'>sponsum,</span> <span class='ocrx_word' id='word_1_167' title='bbox 816 2356 969 2422; x_wconf 89' lang='lat' dir='ltr'>initiatur</span> <span class='ocrx_word' id='word_1_168' title='bbox 984 2378 1046 2446; x_wconf 91' lang='lat' dir='ltr'>per</span> <span class='ocrx_word' id='word_1_169' title='bbox 1067 2358 1344 2448; x_wconf 80' lang='lat' dir='ltr'>paranymphum</span> <span class='ocrx_word' id='word_1_170' title='bbox 1362 2386 1391 2423; x_wconf 77' lang='lat' dir='ltr'>x.</span> <span class='ocrx_word' id='word_1_171' title='bbox 1410 2363 1447 2424; x_wconf 84' lang='lat' dir='ltr'>at</span> <span class='ocrx_word' id='word_1_172' title='bbox 1461 2359 1499 2425; x_wconf 86' lang='lat' dir='ltr'>S.</span> <span class='ocrx_word' id='word_1_173' title='bbox 1525 2356 1667 2423; x_wconf 78' lang='lat' dir='ltr'>Thomas</span> 
     </span>
    </p>
   </div>
   <div class='ocr_carea' id='block_1_4' title="bbox 336 2462 1739 2980">
    <p class='ocr_par' dir='ltr' id='par_1_4' title="bbox 336 2462 1739 2980">
     <span class='ocr_line' id='line_1_19' title="bbox 336 2462 1666 2555; baseline 0 -25"><span class='ocrx_word' id='word_1_174' title='bbox 336 2486 371 2554; x_wconf 89' lang='lat' dir='ltr'>p.</span> <span class='ocrx_word' id='word_1_175' title='bbox 388 2472 406 2530; x_wconf 86' lang='lat'><strong>3</strong></span> <span class='ocrx_word' id='word_1_176' title='bbox 420 2487 477 2552; x_wconf 91' lang='lat' dir='ltr'>qu.</span> <span class='ocrx_word' id='word_1_177' title='bbox 496 2469 538 2531; x_wconf 82' lang='lat'>38</span> <span class='ocrx_word' id='word_1_178' title='bbox 553 2468 618 2530; x_wconf 89' lang='lat' dir='ltr'>art.</span> <span class='ocrx_word' id='word_1_179' title='bbox 635 2469 654 2528; x_wconf 88' lang='grc'><strong>3</strong></span> <span class='ocrx_word' id='word_1_180' title='bbox 671 2462 768 2529; x_wconf 89' lang='lat' dir='ltr'>docet</span> <span class='ocrx_word' id='word_1_181' title='bbox 781 2463 987 2551; x_wconf 90' lang='lat' dir='ltr'>baptismum</span> <span class='ocrx_word' id='word_1_182' title='bbox 1005 2465 1139 2530; x_wconf 92' lang='lat' dir='ltr'>loannis</span> <span class='ocrx_word' id='word_1_183' title='bbox 1151 2463 1194 2530; x_wconf 94' lang='lat' dir='ltr'>ad</span> <span class='ocrx_word' id='word_1_184' title='bbox 1211 2466 1360 2551; x_wconf 91' lang='lat' dir='ltr'>gratiam</span> <span class='ocrx_word' id='word_1_185' title='bbox 1376 2486 1593 2555; x_wconf 89' lang='lat' dir='ltr'>praeparasse</span> <span class='ocrx_word' id='word_1_186' title='bbox 1607 2466 1666 2530; x_wconf 91' lang='lat' dir='ltr'>tri-</span> 
     </span>
     <span class='ocr_line' id='line_1_20' title="bbox 336 2569 1666 2660; baseline 0.002 -25"><span class='ocrx_word' id='word_1_187' title='bbox 336 2569 471 2660; x_wconf 91' lang='lat' dir='ltr'>pliciter</span> <span class='ocrx_word' id='word_1_188' title='bbox 494 2593 501 2638; x_wconf 90' lang='lat'>:</span> <span class='ocrx_word' id='word_1_189' title='bbox 522 2592 583 2660; x_wconf 89' lang='lat' dir='ltr'>per</span> <span class='ocrx_word' id='word_1_190' title='bbox 600 2569 791 2636; x_wconf 90' lang='lat' dir='ltr'>doctrinam</span> <span class='ocrx_word' id='word_1_191' title='bbox 807 2570 1027 2637; x_wconf 91' lang='lat' dir='ltr'>inducentem</span> <span class='ocrx_word' id='word_1_192' title='bbox 1044 2571 1197 2638; x_wconf 88' lang='lat' dir='ltr'>homines</span> <span class='ocrx_word' id='word_1_193' title='bbox 1209 2570 1253 2637; x_wconf 95' lang='lat' dir='ltr'>ad</span> <span class='ocrx_word' id='word_1_194' title='bbox 1273 2570 1374 2637; x_wconf 87' lang='lat' dir='ltr'>fidem</span> <span class='ocrx_word' id='word_1_195' title='bbox 1391 2571 1533 2654; x_wconf 87' lang='lat' dir='ltr'>Christi,</span> <span class='ocrx_word' id='word_1_196' title='bbox 1552 2593 1666 2638; x_wconf 90' lang='lat' dir='ltr'>assue-</span> 
     </span>
     <span class='ocr_line' id='line_1_21' title="bbox 336 2671 1666 2768; baseline 0.001 -26"><span class='ocrx_word' id='word_1_197' title='bbox 336 2676 491 2744; x_wconf 85' lang='lat' dir='ltr'>faciendo</span> <span class='ocrx_word' id='word_1_198' title='bbox 507 2678 661 2743; x_wconf 89' lang='lat' dir='ltr'>homines</span> <span class='ocrx_word' id='word_1_199' title='bbox 675 2677 719 2743; x_wconf 88' lang='lat' dir='ltr'>ad</span> <span class='ocrx_word' id='word_1_200' title='bbox 738 2676 840 2743; x_wconf 92' lang='lat' dir='ltr'>ritum</span> <span class='ocrx_word' id='word_1_201' title='bbox 856 2678 1017 2766; x_wconf 84' lang='lat' dir='ltr'>baptismi</span> <span class='ocrx_word' id='word_1_202' title='bbox 1034 2678 1174 2759; x_wconf 85' lang='lat' dir='ltr'>Christi,</span> <span class='ocrx_word' id='word_1_203' title='bbox 1192 2700 1254 2767; x_wconf 89' lang='lat' dir='ltr'>per</span> <span class='ocrx_word' id='word_1_204' title='bbox 1266 2679 1507 2768; x_wconf 89' lang='lat' dir='ltr'>poeniteutiam</span> <span class='ocrx_word' id='word_1_205' title='bbox 1522 2671 1666 2767; x_wconf 85' lang='lat' dir='ltr'>pra&#39;epa·</span> 
     </span>
     <span class='ocr_line' id='line_1_22' title="bbox 337 2783 1739 2874; baseline 0 -24"><span class='ocrx_word' id='word_1_206' title='bbox 337 2784 445 2851; x_wconf 87' lang='lat' dir='ltr'>raudo</span> <span class='ocrx_word' id='word_1_207' title='bbox 461 2785 615 2851; x_wconf 90' lang='lat' dir='ltr'>homiues</span> <span class='ocrx_word' id='word_1_208' title='bbox 632 2783 676 2851; x_wconf 88' lang='lat' dir='ltr'>ad</span> <span class='ocrx_word' id='word_1_209' title='bbox 692 2784 948 2873; x_wconf 93' lang='lat' dir='ltr'>suscipiendum</span> <span class='ocrx_word' id='word_1_210' title='bbox 965 2785 1122 2851; x_wconf 84' lang='lat' dir='ltr'>ellectum</span> <span class='ocrx_word' id='word_1_211' title='bbox 1138 2783 1300 2874; x_wconf 87' lang='lat' dir='ltr'>baptismi</span> <span class='ocrx_word' id='word_1_212' title='bbox 1317 2784 1456 2865; x_wconf 87' lang='lat' dir='ltr'>Christi;</span> <span class='ocrx_word' id='word_1_213' title='bbox 1477 2784 1520 2851; x_wconf 84' lang='lat' dir='ltr'>cf.</span> <span class='ocrx_word' id='word_1_214' title='bbox 1536 2785 1666 2852; x_wconf 82' lang='lat' dir='ltr'>Suercz</span> <span class='ocrx_word' id='word_1_215' title='bbox 1735 2799 1739 2808; x_wconf 91' lang='grc'><strong><em>·</em></strong></span> 
     </span>
     <span class='ocr_line' id='line_1_23' title="bbox 339 2890 1663 2980; baseline 0.002 -24"><span class='ocrx_word' id='word_1_216' title='bbox 339 2892 374 2957; x_wconf 91' lang='lat' dir='ltr'>in</span> <span class='ocrx_word' id='word_1_217' title='bbox 388 2898 407 2958; x_wconf 86' lang='lat'>3</span> <span class='ocrx_word' id='word_1_218' title='bbox 424 2898 554 2980; x_wconf 88' lang='lat' dir='ltr'>partem</span> <span class='ocrx_word' id='word_1_219' title='bbox 572 2890 658 2980; x_wconf 92' lang='lat' dir='ltr'>disp.</span> <span class='ocrx_word' id='word_1_220' title='bbox 677 2897 719 2958; x_wconf 71' lang='lat'>25</span> <span class='ocrx_word' id='word_1_221' title='bbox 735 2899 814 2957; x_wconf 89' lang='lat' dir='ltr'>sect.</span> <span class='ocrx_word' id='word_1_222' title='bbox 833 2898 900 2956; x_wconf 76' lang='lat' dir='ltr'>‘let</span> <span class='ocrx_word' id='word_1_223' title='bbox 916 2891 1114 2957; x_wconf 83' lang='lat' dir='ltr'>Benedictus</span> <span class='ocrx_word' id='word_1_224' title='bbox 1127 2895 1196 2957; x_wconf 81' lang='lat' dir='ltr'>xiv</span> <span class='ocrx_word' id='word_1_225' title='bbox 1211 2892 1253 2957; x_wconf 95' lang='lat' dir='ltr'>de</span> <span class='ocrx_word' id='word_1_226' title='bbox 1271 2892 1361 2958; x_wconf 84' lang='lat' dir='ltr'>lestis</span> <span class='ocrx_word' id='word_1_227' title='bbox 1376 2895 1412 2959; x_wconf 88' lang='lat' dir='ltr'>ll.</span> <span class='ocrx_word' id='word_1_228' title='bbox 1429 2913 1503 2980; x_wconf 90' lang='lat' dir='ltr'>cap.</span> <span class='ocrx_word' id='word_1_229' title='bbox 1522 2897 1592 2958; x_wconf 76' lang='lat' dir='ltr'>an.</span> <span class='ocrx_word' id='word_1_230' title='bbox 1608 2898 1663 2958; x_wconf 74' lang='lat' dir='ltr'>at.</span> 
     </span>
    </p>
   </div>
   <div class='ocr_carea' id='block_1_5' title="bbox 257 3069 1667 5015">
    <p class='ocr_par' dir='ltr' id='par_1_5' title="bbox 334 3069 1667 3931">
     <span class='ocr_line' id='line_1_24' title="bbox 377 3069 1665 3150; baseline 0.002 -21"><span class='ocrx_word' id='word_1_231' title='bbox 377 3070 533 3148; x_wconf 88' lang='lat' dir='ltr'>Coniuugi</span> <span class='ocrx_word' id='word_1_232' title='bbox 546 3071 688 3148; x_wconf 72' lang='lat' dir='ltr'>potesta</span> <span class='ocrx_word' id='word_1_233' title='bbox 705 3074 738 3147; x_wconf 81' lang='grc' dir='ltr'>τῇ</span> <span class='ocrx_word' id='word_1_234' title='bbox 751 3069 843 3149; x_wconf 80' lang='grc' dir='ltr'>ἐρήμῳ</span> <span class='ocrx_word' id='word_1_235' title='bbox 858 3087 930 3130; x_wconf 92' lang='lat' dir='ltr'>cum</span> <span class='ocrx_word' id='word_1_236' title='bbox 951 3070 1073 3147; x_wconf 75' lang='grc' dir='ltr'>ἐγένεσσε</span> <span class='ocrx_word' id='word_1_237' title='bbox 1091 3071 1222 3130; x_wconf 90' lang='lat' dir='ltr'>loannes</span> <span class='ocrx_word' id='word_1_238' title='bbox 1238 3071 1374 3147; x_wconf 87' lang='lat' dir='ltr'>baptista</span> <span class='ocrx_word' id='word_1_239' title='bbox 1390 3071 1415 3150; x_wconf 79' lang='lat' dir='ltr'>(t</span> <span class='ocrx_word' id='word_1_240' title='bbox 1427 3069 1573 3148; x_wconf 69' lang='lat' dir='ltr'>paucitas)</span> <span class='ocrx_word' id='word_1_241' title='bbox 1592 3088 1665 3148; x_wconf 88' lang='lat' dir='ltr'>pro-</span> 
     </span>
     <span class='ocr_line' id='line_1_25' title="bbox 337 3166 1666 3246; baseline 0 -17"><span class='ocrx_word' id='word_1_242' title='bbox 337 3168 397 3230; x_wconf 92' lang='lat' dir='ltr'>diit</span> <span class='ocrx_word' id='word_1_243' title='bbox 416 3169 448 3227; x_wconf 92' lang='lat' dir='ltr'>iu</span> <span class='ocrx_word' id='word_1_244' title='bbox 465 3168 605 3236; x_wconf 88' lang='lat' dir='ltr'>deserto;</span> <span class='ocrx_word' id='word_1_245' title='bbox 624 3166 704 3227; x_wconf 89' lang='lat' dir='ltr'>haec</span> <span class='ocrx_word' id='word_1_246' title='bbox 723 3168 867 3246; x_wconf 86' lang='lat' dir='ltr'>acceptio</span> <span class='ocrx_word' id='word_1_247' title='bbox 886 3168 1026 3229; x_wconf 88' lang='lat' dir='ltr'>innuitur</span> <span class='ocrx_word' id='word_1_248' title='bbox 1042 3167 1248 3228; x_wconf 80' lang='lat' dir='ltr'>collocatione</span> <span class='ocrx_word' id='word_1_249' title='bbox 1268 3166 1330 3244; x_wconf 80' lang='lat' dir='ltr'>scit</span> <span class='ocrx_word' id='word_1_250' title='bbox 1348 3167 1473 3228; x_wconf 81' lang='lat' dir='ltr'>Ioannes</span> <span class='ocrx_word' id='word_1_251' title='bbox 1495 3171 1528 3227; x_wconf 80' lang='lat' dir='ltr'>ie</span> <span class='ocrx_word' id='word_1_252' title='bbox 1550 3168 1666 3229; x_wconf 83' lang='lat' dir='ltr'>deserto</span> 
     </span>
     <span class='ocr_line' id='line_1_26' title="bbox 334 3264 1662 3344; baseline -0.002 -17"><span class='ocrx_word' id='word_1_253' title='bbox 334 3269 365 3327; x_wconf 92' lang='lat' dir='ltr'>in</span> <span class='ocrx_word' id='word_1_254' title='bbox 386 3266 410 3326; x_wconf 92' lang='lat' dir='ltr'>it</span> <span class='ocrx_word' id='word_1_255' title='bbox 432 3267 504 3344; x_wconf 88' lang='lat' dir='ltr'>vulg</span> <span class='ocrx_word' id='word_1_256' title='bbox 525 3282 578 3342; x_wconf 89' lang='lat' dir='ltr'>syr</span> <span class='ocrx_word' id='word_1_257' title='bbox 594 3264 675 3343; x_wconf 81' lang='lat' dir='ltr'>(schl</span> <span class='ocrx_word' id='word_1_258' title='bbox 694 3267 719 3324; x_wconf 90' lang='lat' dir='ltr'>D</span> <span class='ocrx_word' id='word_1_259' title='bbox 740 3267 801 3324; x_wconf 84' lang='lat' dir='ltr'>Eus</span> <span class='ocrx_word' id='word_1_260' title='bbox 821 3266 881 3342; x_wconf 81' lang='lat' dir='ltr'>Cyr</span> <span class='ocrx_word' id='word_1_261' title='bbox 905 3265 984 3325; x_wconf 89' lang='lat' dir='ltr'>hier.</span> <span class='ocrx_word' id='word_1_262' title='bbox 999 3266 1084 3337; x_wconf 85' lang='lat' dir='ltr'>Quae</span> <span class='ocrx_word' id='word_1_263' title='bbox 1108 3265 1290 3326; x_wconf 90' lang='lat' dir='ltr'>coniunctio</span> <span class='ocrx_word' id='word_1_264' title='bbox 1314 3266 1408 3325; x_wconf 89' lang='lat' dir='ltr'>etiam</span> <span class='ocrx_word' id='word_1_265' title='bbox 1432 3283 1449 3324; x_wconf 89' lang='lat' dir='ltr'>a</span> <span class='ocrx_word' id='word_1_266' title='bbox 1473 3266 1550 3340; x_wconf 83' lang='lat' dir='ltr'>Keil,</span> <span class='ocrx_word' id='word_1_267' title='bbox 1573 3265 1662 3326; x_wconf 80' lang='lat' dir='ltr'>Weiss</span> 
     </span>
     <span class='ocr_line' id='line_1_27' title="bbox 335 3362 1664 3442; baseline -0.004 -18"><span class='ocrx_word' id='word_1_268' title='bbox 335 3364 468 3441; x_wconf 86' lang='lat' dir='ltr'>aliisque</span> <span class='ocrx_word' id='word_1_269' title='bbox 483 3364 644 3440; x_wconf 87' lang='lat' dir='ltr'>probatur.</span> <span class='ocrx_word' id='word_1_270' title='bbox 661 3363 693 3423; x_wconf 93' lang='lat' dir='ltr'>Si</span> <span class='ocrx_word' id='word_1_271' title='bbox 708 3363 863 3422; x_wconf 90' lang='lat' dir='ltr'>articulus</span> <span class='ocrx_word' id='word_1_272' title='bbox 878 3366 891 3419; x_wconf 81' lang='grc' dir='ltr'><strong>ὁ</strong></span> <span class='ocrx_word' id='word_1_273' title='bbox 905 3364 1062 3424; x_wconf 87' lang='lat' dir='ltr'>omittitur</span> <span class='ocrx_word' id='word_1_274' title='bbox 1075 3363 1251 3424; x_wconf 84' lang='lat' dir='ltr'>necessario</span> <span class='ocrx_word' id='word_1_275' title='bbox 1269 3362 1329 3440; x_wconf 91' lang='lat' dir='ltr'>legi</span> <span class='ocrx_word' id='word_1_276' title='bbox 1346 3363 1440 3423; x_wconf 89' lang='lat' dir='ltr'>debet</span> <span class='ocrx_word' id='word_1_277' title='bbox 1453 3363 1498 3420; x_wconf 75' lang='grc' dir='ltr'>καὶ</span> <span class='ocrx_word' id='word_1_278' title='bbox 1513 3364 1664 3442; x_wconf 79' lang='grc' dir='ltr'>κηρύσσων,</span> 
     </span>
     <span class='ocr_line' id='line_1_28' title="bbox 337 3460 1667 3540; baseline -0.001 -18"><span class='ocrx_word' id='word_1_279' title='bbox 337 3463 383 3523; x_wconf 91' lang='lat' dir='ltr'>uti</span> <span class='ocrx_word' id='word_1_280' title='bbox 398 3461 544 3540; x_wconf 90' lang='lat' dir='ltr'>plerique</span> <span class='ocrx_word' id='word_1_281' title='bbox 561 3465 657 3520; x_wconf 91' lang='lat' dir='ltr'>testes</span> <span class='ocrx_word' id='word_1_282' title='bbox 672 3461 800 3520; x_wconf 88' lang='lat' dir='ltr'>habent.</span> <span class='ocrx_word' id='word_1_283' title='bbox 815 3460 847 3520; x_wconf 89' lang='lat' dir='ltr'>Si</span> <span class='ocrx_word' id='word_1_284' title='bbox 864 3462 1003 3539; x_wconf 87' lang='lat' dir='ltr'>ponitur,</span> <span class='ocrx_word' id='word_1_285' title='bbox 1021 3461 1100 3521; x_wconf 91' lang='lat' dir='ltr'>illud</span> <span class='ocrx_word' id='word_1_286' title='bbox 1116 3460 1162 3517; x_wconf 75' lang='lat' dir='ltr'>xit</span> <span class='ocrx_word' id='word_1_287' title='bbox 1175 3461 1255 3521; x_wconf 90' lang='lat' dir='ltr'>bene</span> <span class='ocrx_word' id='word_1_288' title='bbox 1270 3465 1376 3538; x_wconf 89' lang='lat' dir='ltr'>potest</span> <span class='ocrx_word' id='word_1_289' title='bbox 1389 3461 1498 3522; x_wconf 89' lang='lat' dir='ltr'>deesse</span> <span class='ocrx_word' id='word_1_290' title='bbox 1511 3477 1583 3520; x_wconf 92' lang='lat' dir='ltr'>cum</span> <span class='ocrx_word' id='word_1_291' title='bbox 1597 3461 1619 3520; x_wconf 91' lang='lat' dir='ltr'><strong>B</strong></span> <span class='ocrx_word' id='word_1_292' title='bbox 1635 3466 1667 3521; x_wconf 91' lang='lat' dir='ltr'>et</span> 
     </span>
     <span class='ocr_line' id='line_1_29' title="bbox 336 3559 1667 3637; baseline -0.001 -18"><span class='ocrx_word' id='word_1_293' title='bbox 336 3559 497 3637; x_wconf 86' lang='lat' dir='ltr'>aliquibus</span> <span class='ocrx_word' id='word_1_294' title='bbox 512 3559 715 3629; x_wconf 89' lang='lat' dir='ltr'>minusculis;</span> <span class='ocrx_word' id='word_1_295' title='bbox 732 3563 801 3619; x_wconf 90' lang='lat' dir='ltr'>tum</span> <span class='ocrx_word' id='word_1_296' title='bbox 819 3559 904 3620; x_wconf 91' lang='lat' dir='ltr'>enim</span> <span class='ocrx_word' id='word_1_297' title='bbox 919 3560 999 3619; x_wconf 90' lang='lat' dir='ltr'>bene</span> <span class='ocrx_word' id='word_1_298' title='bbox 1015 3559 1086 3619; x_wconf 87' lang='lat' dir='ltr'>tluit</span> <span class='ocrx_word' id='word_1_299' title='bbox 1101 3560 1258 3619; x_wconf 90' lang='lat' dir='ltr'>sententia</span> <span class='ocrx_word' id='word_1_300' title='bbox 1271 3577 1277 3617; x_wconf 91' lang='lat'>:</span> <span class='ocrx_word' id='word_1_301' title='bbox 1291 3559 1407 3636; x_wconf 90' lang='lat' dir='ltr'>prodiit</span> <span class='ocrx_word' id='word_1_302' title='bbox 1418 3559 1552 3618; x_wconf 86' lang='lat' dir='ltr'>loannes</span> <span class='ocrx_word' id='word_1_303' title='bbox 1567 3559 1667 3636; x_wconf 86' lang='lat' dir='ltr'>bapti-</span> 
     </span>
     <span class='ocr_line' id='line_1_30' title="bbox 337 3656 1665 3735; baseline -0.002 -18"><span class='ocrx_word' id='word_1_304' title='bbox 337 3663 386 3718; x_wconf 90' lang='lat' dir='ltr'>sta</span> <span class='ocrx_word' id='word_1_305' title='bbox 400 3659 431 3716; x_wconf 90' lang='lat' dir='ltr'>iu</span> <span class='ocrx_word' id='word_1_306' title='bbox 446 3658 581 3728; x_wconf 86' lang='lat' dir='ltr'>deserto,</span> <span class='ocrx_word' id='word_1_307' title='bbox 602 3657 797 3735; x_wconf 87' lang='lat' dir='ltr'>praedicans,</span> <span class='ocrx_word' id='word_1_308' title='bbox 818 3661 898 3728; x_wconf 88' lang='lat' dir='ltr'>etc.;</span> <span class='ocrx_word' id='word_1_309' title='bbox 917 3658 943 3716; x_wconf 93' lang='lat' dir='ltr'>si</span> <span class='ocrx_word' id='word_1_310' title='bbox 959 3661 1065 3716; x_wconf 90' lang='lat' dir='ltr'>autem</span> <span class='ocrx_word' id='word_1_311' title='bbox 1081 3657 1126 3714; x_wconf 81' lang='grc' dir='ltr'>καὶ</span> <span class='ocrx_word' id='word_1_312' title='bbox 1139 3658 1294 3716; x_wconf 91' lang='lat' dir='ltr'>retinetur</span> <span class='ocrx_word' id='word_1_313' title='bbox 1313 3674 1384 3717; x_wconf 90' lang='lat' dir='ltr'>cum</span> <span class='ocrx_word' id='word_1_314' title='bbox 1404 3656 1578 3734; x_wconf 85' lang='lat' dir='ltr'>plerisque,</span> <span class='ocrx_word' id='word_1_315' title='bbox 1595 3662 1665 3716; x_wconf 90' lang='lat' dir='ltr'>tum</span> 
     </span>
     <span class='ocr_line' id='line_1_31' title="bbox 336 3755 1666 3834; baseline -0.002 -19"><span class='ocrx_word' id='word_1_316' title='bbox 336 3761 465 3834; x_wconf 90' lang='lat' dir='ltr'>propter</span> <span class='ocrx_word' id='word_1_317' title='bbox 482 3755 648 3815; x_wconf 87' lang='lat' dir='ltr'>articulum</span> <span class='ocrx_word' id='word_1_318' title='bbox 671 3755 804 3814; x_wconf 88' lang='lat' dir='ltr'>loannes</span> <span class='ocrx_word' id='word_1_319' title='bbox 827 3755 858 3813; x_wconf 91' lang='lat' dir='ltr'>in</span> <span class='ocrx_word' id='word_1_320' title='bbox 880 3760 1015 3833; x_wconf 87' lang='lat' dir='ltr'>utroque</span> <span class='ocrx_word' id='word_1_321' title='bbox 1037 3756 1168 3815; x_wconf 90' lang='lat' dir='ltr'>munera</span> <span class='ocrx_word' id='word_1_322' title='bbox 1190 3755 1345 3832; x_wconf 88' lang='lat' dir='ltr'>baptistae</span> <span class='ocrx_word' id='word_1_323' title='bbox 1363 3759 1395 3814; x_wconf 90' lang='lat' dir='ltr'>et</span> <span class='ocrx_word' id='word_1_324' title='bbox 1415 3755 1577 3830; x_wconf 84' lang='lat' dir='ltr'>praeconis</span> <span class='ocrx_word' id='word_1_325' title='bbox 1594 3771 1666 3815; x_wconf 91' lang='lat' dir='ltr'>cum</span> 
     </span>
     <span class='ocr_line' id='line_1_32' title="bbox 337 3852 725 3931; baseline -0.005 -17"><span class='ocrx_word' id='word_1_326' title='bbox 337 3854 445 3931; x_wconf 91' lang='lat' dir='ltr'>aliqua</span> <span class='ocrx_word' id='word_1_327' title='bbox 460 3853 571 3930; x_wconf 82' lang='lat' dir='ltr'>epitasi</span> <span class='ocrx_word' id='word_1_328' title='bbox 586 3852 725 3913; x_wconf 79' lang='lat' dir='ltr'>effertur.</span> 
     </span>
    </p>

    <p class='ocr_par' dir='ltr' id='par_1_6' title="bbox 257 3950 1667 5015">
     <span class='ocr_line' id='line_1_33' title="bbox 378 3950 1666 4030; baseline -0.002 -17"><span class='ocrx_word' id='word_1_329' title='bbox 378 3953 504 4013; x_wconf 87' lang='lat' dir='ltr'>Variam</span> <span class='ocrx_word' id='word_1_330' title='bbox 520 3950 762 4028; x_wconf 83' lang='lat' dir='ltr'>explicationem</span> <span class='ocrx_word' id='word_1_331' title='bbox 783 3951 893 4010; x_wconf 91' lang='lat' dir='ltr'>sortita</span> <span class='ocrx_word' id='word_1_332' title='bbox 912 3956 987 4011; x_wconf 90' lang='lat' dir='ltr'>sunt</span> <span class='ocrx_word' id='word_1_333' title='bbox 1006 3952 1101 4011; x_wconf 91' lang='lat' dir='ltr'>verba</span> <span class='ocrx_word' id='word_1_334' title='bbox 1116 3952 1297 4030; x_wconf 84' lang='lat' dir='ltr'>praedicans</span> <span class='ocrx_word' id='word_1_335' title='bbox 1315 3951 1493 4027; x_wconf 80' lang='lat' dir='ltr'>baptismum</span> <span class='ocrx_word' id='word_1_336' title='bbox 1512 3954 1666 4026; x_wconf 82' lang='lat' dir='ltr'>poeniten-</span> 
     </span>
     <span class='ocr_line' id='line_1_34' title="bbox 336 4049 1666 4128; baseline -0.005 -15"><span class='ocrx_word' id='word_1_337' title='bbox 336 4056 398 4113; x_wconf 87' lang='lat' dir='ltr'>tiae</span> <span class='ocrx_word' id='word_1_338' title='bbox 412 4055 444 4109; x_wconf 77' lang='lat' dir='ltr'>iri</span> <span class='ocrx_word' id='word_1_339' title='bbox 462 4052 666 4108; x_wconf 82' lang='lat' dir='ltr'>remissionem</span> <span class='ocrx_word' id='word_1_340' title='bbox 682 4055 889 4126; x_wconf 79' lang='lat' dir='ltr'>peccatorem,¹</span> <span class='ocrx_word' id='word_1_341' title='bbox 903 4049 935 4110; x_wconf 88' lang='lat' dir='ltr'>S.</span> <span class='ocrx_word' id='word_1_342' title='bbox 956 4049 1116 4128; x_wconf 66' lang='lat' dir='ltr'>Gregorius</span> <span class='ocrx_word' id='word_1_343' title='bbox 1137 4049 1224 4110; x_wconf 91' lang='lat' dir='ltr'>hom.</span> <span class='ocrx_word' id='word_1_344' title='bbox 1241 4050 1280 4108; x_wconf 71' lang='lat'>⁶20</span> <span class='ocrx_word' id='word_1_345' title='bbox 1300 4049 1331 4107; x_wconf 91' lang='lat' dir='ltr'>iu</span> <span class='ocrx_word' id='word_1_346' title='bbox 1353 4066 1457 4127; x_wconf 84' lang='lat' dir='ltr'>evang.</span> <span class='ocrx_word' id='word_1_347' title='bbox 1477 4067 1506 4106; x_wconf 91' lang='lat' dir='ltr'>n.</span> <span class='ocrx_word' id='word_1_348' title='bbox 1523 4051 1552 4117; x_wconf 73' lang='lat'>2,</span> <span class='ocrx_word' id='word_1_349' title='bbox 1570 4065 1666 4126; x_wconf 91' lang='lat' dir='ltr'>quem</span> 
     </span>
     <span class='ocr_line' id='line_1_35' title="bbox 260 4146 1666 4228; baseline -0.005 -17"><span class='ocrx_word' id='word_1_350' title='bbox 260 4195 263 4202; x_wconf 29' lang='grc' dir='ltr'><em>ι</em></span> <span class='ocrx_word' id='word_1_351' title='bbox 338 4150 423 4211; x_wconf 86' lang='lat' dir='ltr'>Beda</span> <span class='ocrx_word' id='word_1_352' title='bbox 437 4148 582 4228; x_wconf 89' lang='lat' dir='ltr'>sequitur</span> <span class='ocrx_word' id='word_1_353' title='bbox 595 4152 625 4207; x_wconf 90' lang='lat' dir='ltr'>et</span> <span class='ocrx_word' id='word_1_354' title='bbox 639 4146 739 4226; x_wconf 67' lang='lat' dir='ltr'>glossa</span> <span class='ocrx_word' id='word_1_355' title='bbox 753 4147 819 4206; x_wconf 86' lang='lat' dir='ltr'>ord.</span> <span class='ocrx_word' id='word_1_356' title='bbox 838 4147 902 4205; x_wconf 86' lang='lat' dir='ltr'>vim</span> <span class='ocrx_word' id='word_1_357' title='bbox 922 4147 1013 4225; x_wconf 88' lang='lat' dir='ltr'>ponit</span> <span class='ocrx_word' id='word_1_358' title='bbox 1030 4147 1060 4206; x_wconf 94' lang='lat' dir='ltr'>in</span> <span class='ocrx_word' id='word_1_359' title='bbox 1072 4147 1254 4227; x_wconf 84' lang='lat' dir='ltr'>praedicans</span> <span class='ocrx_word' id='word_1_360' title='bbox 1275 4166 1284 4206; x_wconf 93' lang='lat'>:</span> <span class='ocrx_word' id='word_1_361' title='bbox 1302 4147 1453 4224; x_wconf 91' lang='lat' dir='ltr'>quoniam</span> <span class='ocrx_word' id='word_1_362' title='bbox 1470 4146 1666 4225; x_wconf 90' lang='lat' dir='ltr'>baptismum</span> 
     </span>
     <span class='ocr_line' id='line_1_36' title="bbox 257 4234 1666 4327; baseline -0.006 -18"><span class='ocrx_word' id='word_1_363' title='bbox 257 4234 259 4238; x_wconf 23' lang='lat'>⁸</span> <span class='ocrx_word' id='word_1_364' title='bbox 338 4248 423 4327; x_wconf 94' lang='lat' dir='ltr'>quod</span> <span class='ocrx_word' id='word_1_365' title='bbox 441 4252 569 4324; x_wconf 89' lang='lat' dir='ltr'>peccata</span> <span class='ocrx_word' id='word_1_366' title='bbox 586 4244 738 4315; x_wconf 88' lang='lat' dir='ltr'>solveret,</span> <span class='ocrx_word' id='word_1_367' title='bbox 757 4246 833 4323; x_wconf 94' lang='lat' dir='ltr'>quia</span> <span class='ocrx_word' id='word_1_368' title='bbox 853 4245 926 4304; x_wconf 87' lang='lat' dir='ltr'>dare</span> <span class='ocrx_word' id='word_1_369' title='bbox 950 4263 1011 4305; x_wconf 92' lang='lat' dir='ltr'>non</span> <span class='ocrx_word' id='word_1_370' title='bbox 1027 4250 1151 4323; x_wconf 89' lang='lat' dir='ltr'>poterat</span> <span class='ocrx_word' id='word_1_371' title='bbox 1166 4245 1385 4323; x_wconf 73' lang='lat' dir='ltr'>praedicabat,</span> <span class='ocrx_word' id='word_1_372' title='bbox 1404 4242 1496 4303; x_wconf 75' lang='lat' dir='ltr'>auti.</span> <span class='ocrx_word' id='word_1_373' title='bbox 1515 4261 1526 4303; x_wconf 91' lang='lat'>.·</span> <span class='ocrx_word' id='word_1_374' title='bbox 1542 4243 1666 4320; x_wconf 87' lang='lat' dir='ltr'>praedi-</span> 
     </span>
     <span class='ocr_line' id='line_1_37' title="bbox 337 4340 1665 4423; baseline -0.005 -17"><span class='ocrx_word' id='word_1_375' title='bbox 337 4341 427 4407; x_wconf 87' lang='lat' dir='ltr'>cabat</span> <span class='ocrx_word' id='word_1_376' title='bbox 442 4344 673 4422; x_wconf 90' lang='lat' dir='ltr'>poenitentiam</span> <span class='ocrx_word' id='word_1_377' title='bbox 694 4340 780 4401; x_wconf 73' lang='grc' dir='ltr'>ἕνεκεν</span> <span class='ocrx_word' id='word_1_378' title='bbox 797 4341 926 4421; x_wconf 71' lang='grc' dir='ltr'>ἀφέσεως,</span> <span class='ocrx_word' id='word_1_379' title='bbox 943 4349 978 4402; x_wconf 88' lang='lat' dir='ltr'>ut</span> <span class='ocrx_word' id='word_1_380' title='bbox 994 4361 1049 4421; x_wconf 88' lang='lat' dir='ltr'>per</span> <span class='ocrx_word' id='word_1_381' title='bbox 1064 4344 1289 4423; x_wconf 88' lang='lat' dir='ltr'>poenitentiam</span> <span class='ocrx_word' id='word_1_382' title='bbox 1303 4343 1341 4402; x_wconf 87' lang='lat' dir='ltr'>de</span> <span class='ocrx_word' id='word_1_383' title='bbox 1357 4342 1492 4420; x_wconf 88' lang='lat' dir='ltr'>peccatis</span> <span class='ocrx_word' id='word_1_384' title='bbox 1508 4340 1665 4420; x_wconf 86' lang='lat' dir='ltr'>redarguti</span> 
     </span>
     <span class='ocr_line' id='line_1_38' title="bbox 338 4439 1666 4521; baseline -0.006 -15"><span class='ocrx_word' id='word_1_385' title='bbox 338 4450 369 4507; x_wconf 89' lang='lat' dir='ltr'>et</span> <span class='ocrx_word' id='word_1_386' title='bbox 394 4442 576 4521; x_wconf 89' lang='lat' dir='ltr'>compuncti</span> <span class='ocrx_word' id='word_1_387' title='bbox 601 4459 673 4502; x_wconf 88' lang='lat' dir='ltr'>euru</span> <span class='ocrx_word' id='word_1_388' title='bbox 704 4441 861 4501; x_wconf 79' lang='lat' dir='ltr'>ferventer</span> <span class='ocrx_word' id='word_1_389' title='bbox 885 4446 1073 4518; x_wconf 89' lang='lat' dir='ltr'>quaererent</span> <span class='ocrx_word' id='word_1_390' title='bbox 1103 4442 1155 4519; x_wconf 91' lang='lat' dir='ltr'>qui</span> <span class='ocrx_word' id='word_1_391' title='bbox 1180 4441 1265 4501; x_wconf 93' lang='lat' dir='ltr'>tollit</span> <span class='ocrx_word' id='word_1_392' title='bbox 1289 4445 1452 4518; x_wconf 88' lang='lat' dir='ltr'>peccatum</span> <span class='ocrx_word' id='word_1_393' title='bbox 1480 4439 1607 4510; x_wconf 88' lang='lat' dir='ltr'>mundi,</span> <span class='ocrx_word' id='word_1_394' title='bbox 1635 4443 1666 4498; x_wconf 92' lang='lat' dir='ltr'>et</span> 
     </span>
     <span class='ocr_line' id='line_1_39' title="bbox 342 4534 1664 4620; baseline -0.008 -16"><span class='ocrx_word' id='word_1_395' title='bbox 342 4540 471 4620; x_wconf 77' lang='lat' dir='ltr'>Tteopt.</span> <span class='ocrx_word' id='word_1_396' title='bbox 486 4559 497 4599; x_wconf 92' lang='lat'>.·</span> <span class='ocrx_word' id='word_1_397' title='bbox 511 4540 587 4599; x_wconf 88' lang='lat' dir='ltr'>haec</span> <span class='ocrx_word' id='word_1_398' title='bbox 603 4545 711 4600; x_wconf 90' lang='lat' dir='ltr'>autem</span> <span class='ocrx_word' id='word_1_399' title='bbox 728 4534 920 4618; x_wconf 87' lang='lat' dir='ltr'>praedicatio</span> <span class='ocrx_word' id='word_1_400' title='bbox 936 4539 1148 4617; x_wconf 89' lang='lat' dir='ltr'>poenitentiae</span> <span class='ocrx_word' id='word_1_401' title='bbox 1164 4556 1227 4616; x_wconf 90' lang='lat' dir='ltr'>quo</span> <span class='ocrx_word' id='word_1_402' title='bbox 1242 4539 1381 4599; x_wconf 78' lang='lat' dir='ltr'>ferebat?</span> <span class='ocrx_word' id='word_1_403' title='bbox 1396 4538 1426 4597; x_wconf 92' lang='lat' dir='ltr'>in</span> <span class='ocrx_word' id='word_1_404' title='bbox 1443 4538 1664 4597; x_wconf 89' lang='lat' dir='ltr'>remissionem</span> 
     </span>
     <span class='ocr_line' id='line_1_40' title="bbox 338 4635 1664 4720; baseline -0.006 -18"><span class='ocrx_word' id='word_1_405' title='bbox 338 4644 560 4720; x_wconf 81' lang='lat' dir='ltr'>peccatorum,</span> <span class='ocrx_word' id='word_1_406' title='bbox 583 4637 731 4698; x_wconf 89' lang='lat' dir='ltr'>videlicet</span> <span class='ocrx_word' id='word_1_407' title='bbox 754 4639 784 4696; x_wconf 91' lang='lat' dir='ltr'>in</span> <span class='ocrx_word' id='word_1_408' title='bbox 807 4639 876 4697; x_wconf 89' lang='lat' dir='ltr'>lesu</span> <span class='ocrx_word' id='word_1_409' title='bbox 900 4638 1067 4716; x_wconf 88' lang='lat' dir='ltr'>baptisma.</span> <span class='ocrx_word' id='word_1_410' title='bbox 1091 4639 1200 4714; x_wconf 87' lang='lat' dir='ltr'>Neque</span> <span class='ocrx_word' id='word_1_411' title='bbox 1227 4642 1332 4697; x_wconf 89' lang='lat' dir='ltr'>tamen</span> <span class='ocrx_word' id='word_1_412' title='bbox 1353 4637 1414 4696; x_wconf 91' lang='lat' dir='ltr'>dici</span> <span class='ocrx_word' id='word_1_413' title='bbox 1441 4639 1544 4713; x_wconf 89' lang='lat' dir='ltr'>potest</span> <span class='ocrx_word' id='word_1_414' title='bbox 1568 4635 1664 4694; x_wconf 92' lang='lat' dir='ltr'>istum</span> 
     </span>
     <span class='ocr_line' id='line_1_41' title="bbox 339 4734 1667 4817; baseline -0.005 -17"><span class='ocrx_word' id='word_1_415' title='bbox 339 4739 535 4817; x_wconf 90' lang='lat' dir='ltr'>baptismum</span> <span class='ocrx_word' id='word_1_416' title='bbox 555 4752 624 4795; x_wconf 92' lang='lat' dir='ltr'>esse</span> <span class='ocrx_word' id='word_1_417' title='bbox 645 4735 839 4814; x_wconf 86' lang='lat' dir='ltr'>baptismum</span> <span class='ocrx_word' id='word_1_418' title='bbox 858 4735 988 4807; x_wconf 86' lang='lat' dir='ltr'>Christi,</span> <span class='ocrx_word' id='word_1_419' title='bbox 1006 4737 1050 4796; x_wconf 93' lang='lat' dir='ltr'>ita</span> <span class='ocrx_word' id='word_1_420' title='bbox 1064 4740 1101 4796; x_wconf 92' lang='lat' dir='ltr'>ut</span> <span class='ocrx_word' id='word_1_421' title='bbox 1117 4736 1277 4796; x_wconf 91' lang='lat' dir='ltr'>diceretur</span> <span class='ocrx_word' id='word_1_422' title='bbox 1297 4735 1426 4795; x_wconf 90' lang='lat' dir='ltr'>loannes</span> <span class='ocrx_word' id='word_1_423' title='bbox 1441 4734 1616 4811; x_wconf 88' lang='lat' dir='ltr'>baptizasse</span> <span class='ocrx_word' id='word_1_424' title='bbox 1634 4738 1667 4793; x_wconf 89' lang='lat' dir='ltr'>et</span> 
     </span>
     <span class='ocr_line' id='line_1_42' title="bbox 338 4830 1665 4917; baseline -0.007 -19"><span class='ocrx_word' id='word_1_425' title='bbox 338 4836 537 4917; x_wconf 89' lang='lat' dir='ltr'>praedicasse</span> <span class='ocrx_word' id='word_1_426' title='bbox 557 4832 751 4911; x_wconf 86' lang='lat' dir='ltr'>baptismum</span> <span class='ocrx_word' id='word_1_427' title='bbox 769 4834 901 4907; x_wconf 90' lang='lat' dir='ltr'>Christi,</span> <span class='ocrx_word' id='word_1_428' title='bbox 923 4851 1016 4912; x_wconf 89' lang='lat' dir='ltr'>quam</span> <span class='ocrx_word' id='word_1_429' title='bbox 1036 4835 1278 4912; x_wconf 81' lang='lat' dir='ltr'>explicationem</span> <span class='ocrx_word' id='word_1_430' title='bbox 1298 4832 1455 4893; x_wconf 87' lang='lat' dir='ltr'>lateralia</span> <span class='ocrx_word' id='word_1_431' title='bbox 1476 4830 1508 4892; x_wconf 88' lang='lat' dir='ltr'>S.</span> <span class='ocrx_word' id='word_1_432' title='bbox 1531 4831 1665 4892; x_wconf 88' lang='lat' dir='ltr'>Thomas</span> 
     </span>
     <span class='ocr_line' id='line_1_43' title="bbox 338 4929 1663 5015; baseline -0.008 -18"><span class='ocrx_word' id='word_1_433' title='bbox 338 4951 465 5015; x_wconf 88' lang='lat' dir='ltr'>quoque</span> <span class='ocrx_word' id='word_1_434' title='bbox 481 4932 571 4992; x_wconf 82' lang='lat' dir='ltr'>alleri</span> <span class='ocrx_word' id='word_1_435' title='bbox 584 4931 617 5010; x_wconf 90' lang='grc' dir='ltr'>(Ι.</span> <span class='ocrx_word' id='word_1_436' title='bbox 635 4949 662 4993; x_wconf 90' lang='lat' dir='ltr'>c.</span> <span class='ocrx_word' id='word_1_437' title='bbox 680 4932 720 4992; x_wconf 92' lang='lat' dir='ltr'>ad</span> <span class='ocrx_word' id='word_1_438' title='bbox 735 4933 897 5012; x_wconf 87' lang='lat' dir='ltr'>primum),</span> <span class='ocrx_word' id='word_1_439' title='bbox 913 4933 968 4994; x_wconf 92' lang='lat' dir='ltr'>sed</span> <span class='ocrx_word' id='word_1_440' title='bbox 984 4951 1079 5011; x_wconf 88' lang='lat' dir='ltr'>quam</span> <span class='ocrx_word' id='word_1_441' title='bbox 1095 4934 1210 4994; x_wconf 88' lang='lat' dir='ltr'>merito</span> <span class='ocrx_word' id='word_1_442' title='bbox 1223 4950 1288 4993; x_wconf 93' lang='lat' dir='ltr'>non</span> <span class='ocrx_word' id='word_1_443' title='bbox 1304 4934 1435 5009; x_wconf 88' lang='lat' dir='ltr'>probant</span> <span class='ocrx_word' id='word_1_444' title='bbox 1448 4929 1569 5006; x_wconf 74' lang='lat' dir='ltr'>suarez,</span> <span class='ocrx_word' id='word_1_445' title='bbox 1583 4931 1663 4991; x_wconf 84' lang='lat' dir='ltr'>Icus.</span> 
     </span>
    </p>
   </div>
   <div class='ocr_carea' id='block_1_6' title="bbox 0 0 1984 5654">
    <p class='ocr_par' dir='ltr' id='par_1_7' title="bbox 0 0 1984 5654">
     <span class='ocr_line' id='line_1_44' title="bbox 0 0 1984 5654; baseline 0 0"><span class='ocrx_word' id='word_1_446' title='bbox 0 0 1984 5654; x_wconf 95' lang='lat' dir='ltr'> </span> 
     </span>
    </p>
   </div>
  </div>
 </body>
</html>
