3960 5654
60 556 65 563 ’
172 577 231 638 aro
692 590 784 636 mic.
810 572 858 645 io,
881 571 982 630 aona.

173 734 229 805 153
254 728 352 805 13‚13
382 726 445 787 etc.
477 725 573 791 Deut.
598 730 667 808 22.
693 730 730 802 6;
756 728 830 803 5,1;
863 726 931 802 6,2.
956 727 998 789 25
1018 725 1082 787 etc.
1106 724 1121 784 1
1149 724 1223 786 Par.
1245 726 1324 802 28,’1
1340 725 1373 785 et
1391 717 1501 807 alibi);

170 853 277 922 quare
289 828 410 893 merito
426 850 501 895 eam
521 831 693 897 notionem
713 830 769 895 hic
785 848 922 916 quoque
935 827 1100 908 retinent;
1117 826 1257 914 insuper
1270 848 1349 893 cum
1363 846 1502 916 praece-

170 928 367 1004 datlzonoro
378 949 516 1025 patrem
538 949 635 1003 tuum
652 949 686 1003 ct
704 947 865 1013 matrem,
888 933 925 999 id
941 934 1035 1023 quod
1060 933 1164 1002 Weiss
1177 932 1249 998 vult
1268 955 1275 999 :
1300 933 1345 1000 ab
1360 933 1414 998 his
1428 953 1501 998 om-

168 1042 271 1108 nibus
284 1041 404 1110 sedulo
424 1043 517 1125 cavi,
539 1043 735 1110 nullatenus
754 1046 873 1129 aptum
888 1043 948 1106 est.
968 1045 1125 1107 luvenem
1142 1044 1255 1107 autem
1272 1059 1391 1105 verum
1406 1038 1448 1104 de
1468 1058 1502 1104 se

167 1149 293 1215 fassum
308 1172 378 1216 esse
393 1151 568 1239 vitamque
584 1150 693 1236 egisse
707 1147 833 1213 bonam
847 1153 1065 1236 sanctamque
1077 1148 1230 1236 sequitur
1246 1168 1284 1212 ex
1303 1167 1335 1213 v.
1351 1150 1392 1211 21
1410 1147 1502 1210 Iesus

40 1280 41 1283 ¹
168 1268 282 1322 autem
290 1257 433 1323 intuitus
446 1279 524 1322 eum
537 1254 658 1322 dilexit
672 1275 770 1334 ciem,
787 1253 898 1320 oculis
914 1253 1078 1343 vultuque
1092 1251 1306 1319 dilectionem
1316 1250 1448 1342 prodit,
1465 1248 1503 1316 id

36 1365 42 1379 “
167 1361 261 1452 quod
280 1386 368 1430 unus
387 1363 484 1429 nobis
497 1362 601 1428 refert
614 1366 743 1426 Marcus
762 1382 783 1426 a
799 1364 897 1427 Petro
911 1360 970 1448 qui
986 1359 1104 1426 aderat
1116 1358 1271 1442 edoctus3
1289 1379 1395 1447 quare
1407 1362 1504 1435 vete<

168 1491 245 1535 rum
266 1469 408 1559 quidam
424 1474 585 1557 putant-es
603 1467 763 1533 iuvenem
779 1465 921 1533 subdole
944 1488 984 1532 ex
998 1470 1069 1533 lesu
1087 1465 1290 1556 quaesivisse
1309 1464 1502 1531 luculenter

168 1576 377 1654 refutantur;
405 1578 494 1642 lesus
518 1574 611 1640 enim
632 1573 762 1641 sciebat
780 1572 865 1663 quid
883 1578 969 1640 esset
990 1574 1027 1638 in
1044 1573 1184 1639 homine
1207 1573 1315 1662 (loan.
1337 1572 1448 1657 2,25);
1469 1580 1502 1637 et

168 1681 257 1749 dixit
276 1681 309 1748 ei
322 1704 333 1748 :
347 1704 456 1748 unum
473 1679 537 1746 tibi
554 1679 665 1763 deest;
681 1679 727 1747 ad
741 1680 823 1770 quid
843 1679 939 1746 istud
956 1680 988 1746 ei
1002 1680 1105 1763 desit,
1120 1679 1210 1746 clare
1229 1678 1370 1746 docetur
1385 1676 1498 1744 llatth.
1623 1724 1626 1729 ·

170 1795 281 1871 1920.
300 1794 339 1854 21
353 1811 360 1870 ;
378 1788 451 1877 ipse
468 1788 561 1854 enim
576 1786 775 1854 adolescens
788 1809 823 1853 se
838 1787 940 1854 sentit
954 1786 1085 1874 impelli
1100 1791 1133 1853 et
1147 1785 1301 1868 invitari,
1318 1790 1358 1851 ut
1368 1783 1500 1873 aliquid

168 1900 313 1986 praestet
328 1893 422 1983 quod
441 1895 477 1960 in
499 1892 669 1960 mandatis
683 1893 814 1983 quibus
835 1898 993 1960 tenentur
1011 1914 1127 1959 ornnes
1145 1914 1213 1959 non
1232 1893 1449 1958 contineatur
1468 1895 1502 1957 et

167 2006 257 2068 lesus
270 2001 354 2067 dicit
371 2022 379 2066 ι
395 2001 424 2066 si
440 2000 491 2067 vis
506 2000 676 2089 perfectus
695 2022 782 2081 esse,
803 2021 881 2066 oum
908 2007 1007 2066 antea
1029 1999 1191 2066 dixisset:
1212 1999 1239 2066 si
1258 1999 1308 2064 vis
1331 1998 1501 2065 advitam

166 2107 320 2195 ingredi,
343 2128 441 2173 serva
462 2105 634 2173 mandata.
656 2105 745 2184 Quid
761 2107 877 2196 itaque
891 2106 1110 2200 perfectionis
1123 2106 1166 2172 sit
1180 2105 1226 2172 ad
1241 2126 1345 2195 quam
1358 2104 1501 2171 tendant

166 2216 225 2304 qui
240 2235 275 2282 se
290 2214 428 2280 invitari
448 2235 469 2280 a
484 2218 551 2280 [teo
569 2219 603 2279 et
621 2213 760 2280 incitari
780 2214 1033 2303 persentiscunt
1046 2212 1198 2280 declarat
1211 2213 1362 2279 Christus
1375 2213 1468 2279 hiso'e
1489 2233 1497 2277 :

165 2320 250 2387 vade
266 2321 327 2410 (est
338 2320 426 2387 sicut
444 2319 663 2387 rabbinicum
679 2308 718 2408 *ᾖ
735 2320 840 2386 veluti
858 2320 1027 2409 particula
1042 2318 1300 2406 exhortationis)
1316 2340 1501 2409 quoecum-

165 2449 230 2512 que
246 2427 347 2494 habes
360 2426 466 2494 vende
490 2439 523 2492 et
541 2425 586 2492 da
601 2425 812 2516 pauperibus
833 2439 865 2493 et
879 2425 1015 2494 habebis
1032 2427 1229 2494 thesaurum
1241 2427 1278 2493 in
1297 2424 1410 2509 coelo;
1427 2446 1500 2492 me-

167 2535 266 2601 minit
279 2533 447 2614 thesauri,
470 2539 508 2601 ut
533 2532 615 2600 Vict.
641 2538 755 2616 notat,
775 2533 849 2620 agit
869 2534 963 2600 enim
986 2555 1063 2600 oum
1087 2532 1192 2600 divite
1215 2534 1274 2623 qui
1294 2554 1375 2624 opes
1388 2536 1497 2615 amat;

166 2663 272 2731 quare
283 2642 313 2708 ei
326 2640 475 2708 ostendit
490 2639 626 2707 divitias
635 2661 735 2707 veras
745 2645 850 2729 atque
866 2662 1032 2730 perennes
1042 2663 1189 2732 eumque
1199 2645 1314 2707 monet
1324 2646 1362 2706 ut
1373 2639 1501 2707 relictis

165 2748 263 2814 fluxis
282 2747 350 2814 illis
376 2770 416 2815 ac
438 2746 621 2834 fugacibus
646 2752 798 2814 mentem
826 2752 1000 2814 convertat
1022 2746 1067 2815 ad
1086 2752 1240 2815 aeternas
1258 2768 1382 2837 easque
1395 2747 1501 2833 longe

165 2855 332 2936 maiores;
347 2854 396 2921 ita
412 2854 704 2920 renuntiationem
722 2854 754 2921 ei
767 2854 906 2921 facilem
922 2853 1066 2921 reddere
1080 2854 1203 2922 studet.
1218 2855 1365 2922 Abiectis
1383 2855 1501 2943 itaque

165 2959 419 3052 impedimentis
436 2959 561 3050 quibus
576 2960 714 3027 animus
729 2965 840 3027 terrae
856 2962 955 3050 quasi
973 2961 1162 3029 adhaerere
1174 2966 1209 3028 et
1223 2960 1437 3048 agglutinari
1451 2981 1502 3026 so·

165 3067 227 3148 let,
251 3068 344 3149 vem',
371 3088 511 3156 sequere
539 3089 592 3133 mc
617 3093 633 3127 «
662 3067 956 3153 evangelizantem
976 3089 1122 3154 regnum
1148 3069 1220 3152 Dei,
1248 3090 1390 3158 sequere
1413 3067 1498 3149 vita,

163 3174 315 3241 moribus
330 3180 364 3240 et
383 3173 521 3254 officiis;
539 3173 574 3238 in
596 3173 661 3239 hac
684 3174 776 3239 enim
791 3174 933 3262 sequela
951 3174 1192 3262 perfectionem
1208 3174 1396 3265 assequeris
1416 3175 1501 3241 etin

163 3279 353 3347 imitatione
372 3281 441 3347 mei
460 3279 663 3369 implebitur
682 3278 891 3347 desidorium
914 3303 982 3370 quo
1008 3282 1057 3347 vis
1075 3281 1245 3370 perfectus
1263 3304 1333 3349 esse
1350 3303 1365 3343 a
1380 3281 1499 3371 (Cat).

165 3390 248 3454 Eum
272 3389 389 3477 itaque
411 3385 457 3453 ad
476 3385 721 3479 discipulatum
742 3387 886 3467 invitat,
912 3393 949 3454 ut
969 3379 1094 3455 relictis
1113 3388 1272 3455 omnibus
1287 3389 1449 3455 continuo
1468 3392 1501 3455 et

161 3501 254 3561 arcte
268 3494 333 3560 sibi
349 3492 546 3561 adhaereat.
566 3497 668 3561 Porro
684 3494 870 3560 Dominum
885 3495 979 3583 sequi
992 3498 1057 3575 est,
1074 3500 1113 3560 ut
1124 3494 1217 3562 Beda
1229 3495 1328 3579 dicit,
1341 3496 1414 3562 eius
1430 3516 1501 3562 esse

162 3601 370 3668 imitatorem
390 3605 423 3666 et
438 3622 500 3689 per
513 3600 657 3686 vestigia
675 3599 769 3669 illius
792 3599 909 3686 gradi,
931 3606 981 3667 est
1000 3602 1209 3669 voluntatem
1225 3624 1320 3669 suam
1341 3601 1445 3692 plane
1466 3602 1501 3668 in
1590 3654 1591 3657 ,

163 3705 322 3773 omnibus
341 3708 373 3773 ei
387 3706 571 3788 subiicere;
591 3733 608 3768 ιι
623 3706 757 3773 facilius
772 3707 926 3775 sacculus
947 3709 1181 3776 contemnitur
1200 3731 1305 3798 quam
1324 3709 1498 3787 voluntas;

163 3813 262 3880 multi
278 3812 416 3879 divitias
431 3813 665 3902 relinquentes
680 3814 861 3880 Dominum
882 3836 951 3881 non
965 3821 1156 3904 sequuntur
1176 3843 1193 3876 a
1212 3814 1343 3905 (Beda).

207 3918 304 3997 Quod
315 3920 468 3986 Christus
482 3920 518 3984 in
533 3918 700 4009 parabola
716 3918 802 3986 dixit
825 3920 961 4015 divitias
980 3943 1050 3989 esse
1069 3923 1183 4013 spinas
1202 3945 1291 4012 qnae
1313 3926 1501 3990 sementem

166 4024 374 4093 dominicam
387 4025 552 4092 suffocent
565 4025 669 4115 (vict.
685 4025 807 4115 Beda),
824 4028 892 4094 iam
905 4029 1058 4095 cernitur
1074 4028 1210 4121 impleri
1230 4029 1267 4096 in
1285 4030 1502 4097 adolescente

167 4156 199 4199 v.
220 4140 263 4199 22
287 4133 352 4223 qui
372 4132 591 4199 contristatus
613 4132 649 4198 in
668 4132 768 4199 verbo
788 4128 836 4196 ἐπὶ
856 4130 1002 4223 τῷλόγῳ
1022 4142 1164 4227 propter
1187 4158 1379 4204 sermonem
1401 4137 1501 4204 illum

167 4239 412 4307 abiitmoerens
424 4244 457 4306 et
467 4239 601 4321 dolens,
612 4250 688 4304 erat
702 4240 793 4306 enim
808 4240 934 4308 labens
946 4243 1071 4309 multas
1078 4242 1321 4333 possessionem·
1333 4242 1503 4310 desiderat

167 4346 307 4436 quidem
317 4345 579 4436 perfectionem
592 4350 627 4412 at
637 4345 734 4432 luget
744 4346 836 4434 quod
850 4349 910 4415 tali
924 4348 1033 4437 pretio
1046 4351 1089 4416 sit
1101 4350 1246 4417 emenda
1261 4351 1362 4439 quale
1372 4352 1502 4418 solvere

165 4460 305 4543 propter
329 4474 482 4520 amorem
504 4452 702 4520 divitiarum
724 4475 793 4518 non
813 4454 899 4521 vult.
923 4454 1016 4524 Unde
1040 4457 1112 4523 eius
1132 4458 1266 4524 animus
1283 4457 1389 4549 quasi
1411 4459 1502 4525 inter

168 4559 236 4626 duo
253 4558 422 4627 desideria
437 4560 643 4649 discerpitur
664 4565 697 4626 et
717 4560 806 4626 inter
825 4560 897 4627 duo
920 4560 1012 4628 bona
1029 4564 1147 4631 haeret
1161 4569 1194 4630 et
1208 4564 1301 4653 quod
1316 4571 1502 4654 utrumque

167 4687 236 4732 non
250 4670 360 4755 potest
368 4668 470 4733 simul
486 4667 613 4735 habere
621 4666 758 4733 tristitia
771 4667 926 4733 afficitur
939 4674 973 4735 et
986 4668 1117 4736 dolore.
1141 4674 1262 4737 Verum
1273 4671 1398 4738 accidit
1409 4672 1501 4761 quod

167 4773 371 4863 plerumque
389 4773 465 4839 fieri
488 4773 573 4840 solet
598 4774 805 4864 :praevalet
831 4773 918 4841 illud
945 4777 1036 4864 quod
1057 4799 1218 4867 praesens
1242 4785 1291 4845 est
1316 4800 1501 4869 sensusque

168 4879 313 4945 maxime
333 4880 485 4970 percellit
501 4903 584 4969 prae
607 4882 763 4971 praemio
785 4882 899 4949 futuro
925 4883 1017 4971 quod
1036 4885 1107 4952 sola
1126 4885 1397 4976 apprehenditur
1419 4885 1498 4952 fide.

126 4990 130 4997 '
169 4992 290 5053 Amore
317 4985 514 5080 divitiarum
540 4988 691 5055 irretitus
715 4989 835 5055 Christi
863 4990 1100 5092 invitationem
1122 4992 1362 5083 repudiaverat
1383 4992 1501 5061 adole-
