3960 5654
206 547 265 607 400
728 558 818 603 nnnc.
842 541 892 610 tl,
914 538 1018 601 uber.

201 700 363 753 adstabant,
384 695 512 744 dicebant
529 694 630 743 Petro:
650 695 723 746 Vere
737 710 772 747 ex
788 696 843 745 illis
894 707 958 759 τρῳ,
982 690 1090 757 Ἀληθῶς
1109 687 1133 750 ἐξ
1152 688 1232 741 αὐτῶν
1259 689 1293 743 εἷ·
1319 691 1362 743 ιιαλ
1384 688 1432 759 γὰρ
1459 690 1535 742 Γαλι-

200 803 248 839 es:
274 799 337 835 nam
360 784 542 834 etGalilaeus
563 796 603 833 es.
621 784 664 833 u.
682 785 733 836 ills
750 791 842 834 autem
893 777 965 840 λαῖας
991 778 1023 832 εἶ.
1051 783 1095 832 71.
1125 778 1139 829 θ
1165 777 1190 830 δὲ
1222 777 1311 848 ἤρξατο
1347 778 1535 850 ἀναθεματίζειν

199 877 291 937 coepit
310 874 557 928 anathematizare,
581 877 609 920 et
629 875 721 924 iurare
742 890 749 921 ε
772 873 844 931 Quia
866 853 870 882 '
894 867 1072 939 milipedam,
1092 866 1149 919 Ὅτι
1173 866 1216 918 ola
1245 865 1304 918 οἶδα
1333 869 1375 922 τὸν
1403 869 1535 939 ἄνθρωπον

199 964 294 1014 nescio
310 964 451 1011 hominem
464 963 563 1018 istum,
580 974 663 1024 quem
679 964 780 1011 dicitis.
798 958 841 1008 ii.
893 960 995 1019 τοῦτον,
1016 958 1044 1007 ὃν
1064 955 1159 1025 λέγετε.
1182 959 1225 1009 7‘2.
1246 955 1288 1006 καὶ
1307 956 1376 1019 εὗθὶνς
1401 958 1428 1011 ἐκ
1453 957 1535 1009 δευτέ-

199 1051 234 1100 Et
247 1053 341 1100 statim
357 1051 449 1114 gallus
471 1052 571 1098 iterum
593 1054 725 1101 cantavit.
742 1049 776 1098 Et
798 1059 841 1096 re·
893 1064 935 1113 pou
964 1044 1074 1112 ἀλέκτωρ
1100 1043 1235 1114 ἐφώνησεν.
1275 1044 1321 1096 llel
1349 1047 1492 1117 ἀνεμνήσθη
1521 1044 1536 1094 ὁ

198 1140 330 1189 cordatus
345 1143 388 1190 est
409 1140 508 1188 Petrus
531 1139 622 1198 verbi,
638 1140 713 1203 quod
734 1138 844 1188 dixerat
893 1133 985 1201 Πέτρος
1012 1132 1041 1184 rb
1070 1134 1137 1203 ῥῆμα
1154 1135 1187 1193 ὡς
1206 1131 1276 1185 εἶπεν
1303 1134 1369 1205 αὐτῷ
1387 1136 1401 1187 θ
1419 1136 1534 1202 Ἰησοῦς,

199 1229 339 1279 eilesus:
358 1231 540 1289 Priusquam
560 1229 652 1291 gallus
675 1226 840 1283 cantabis,
893 1222 951 1275 'On
979 1221 1035 1292 ιιρλν
1054 1221 1176 1292 ἀλέκτορα
1195 1223 1230 1283 δὶς
1259 1226 1387 1291 φωνῆσαι,
1423 1225 1473 1295 τρίς
1502 1243 1534 1294 με

200 1324 244 1367 ter
263 1332 308 1368 me
328 1318 455 1380 negabis.
473 1316 507 1365 Et
527 1320 619 1380 coepit
637 1317 713 1367 uere.
864 1342 868 1370 ι
891 1311 1035 1384 ἀπαρνήσῃ,
1056 1311 1096 1362 καὶ
1116 1311 1239 1365 tutatur
1259 1311 1371 1364 ἔκλαιεν.

238 1515 269 1562 ln
277 1529 303 1563 v.
314 1515 347 1564 bl
355 1528 419 1579 μετα
430 1528 473 1560 ταν
483 1512 538 1570 ναζ.
550 1511 662 1576 nebetta
676 1527 697 1557 ur
707 1522 726 1564 a·
735 1511 755 1560 B
765 1510 786 1561 C
798 1511 819 1560 L
830 1511 862 1560 Ti
873 1511 911 1560 W
924 1511 956 1560 H.
970 1510 1002 1559 ln
1011 1524 1037 1558 ν.
1046 1509 1078 1559 68
1089 1529 1118 1560 σν
1127 1527 1149 1559 τι
1162 1512 1212 1563 BC
1222 1512 1243 1561 L
1255 1513 1278 1561 N
1292 1512 1316 1562 U
1328 1509 1414 1576 taliq
1427 1515 1537 1564 minusc

199 1603 231 1652 Ti
244 1603 281 1652 W
294 1604 332 1662 113
347 1603 483 1652 omittitur
504 1617 544 1648 ιιαι
559 1598 673 1666 αλεετωρ
688 1615 725 1664 ιφ.
750 1601 777 1648 in
791 1612 812 1654 u
829 1600 880 1650 BL
895 1600 925 1649 17
941 1613 975 1649 ev
986 1612 1002 1648 c
1015 1612 1081 1662 cop;
1096 1600 1145 1649 sed
1158 1614 1219 1650 cum
1236 1602 1264 1650 in
1280 1601 1366 1664 longe
1379 1602 1441 1665 pler
1464 1602 1537 1654 codd

200 1694 308 1742 maiusc
323 1695 350 1741 et
365 1695 392 1739 in
412 1692 437 1739 al
458 1689 516 1739 lere
538 1704 604 1740 omn
619 1689 755 1739 habeatur
771 1691 798 1737 ct
813 1691 840 1737 in
855 1687 1035 1738 versionibus
1051 1694 1078 1737 et
1091 1689 1206 1752 insuper
1219 1692 1247 1739 tn
1263 1703 1290 1740 v.
1307 1690 1341 1740 'l‘t
1357 1692 1479 1754 supponi
1494 1693 1536 1740 vl-

199 1780 310 1840 deatur,
334 1778 511 1830 retinendum
524 1780 577 1828 erit
597 1791 660 1828 cum
675 1777 716 1826 Ti.
740 1777 770 1825 ln
794 1790 819 1825 v.
838 1777 871 1826 69
890 1772 966 1825 παλιν
982 1789 1038 1826 non
1054 1777 1173 1826 habetur
1186 1779 1215 1828 tn
1238 1780 1259 1828 B
1280 1780 1307 1829 Μ
1324 1780 1368 1830 50.
1387 1779 1397 1828 i
1408 1780 1460 1830 sah
1483 1791 1536 1843 cop

199 1871 282 1929 aeth;
297 1883 331 1919 ea
352 1881 420 1919 voce
439 1868 544 1917 omissa
558 1868 708 1930 explicatio
732 1865 856 1915 redditur
868 1866 991 1925 tacili0r;
1008 1878 1023 1915 c
1043 1864 1130 1914 attero
1144 1868 1261 1927 ancilla;
1278 1868 1361 1917 λιθία
1378 1868 1495 1929 ancilla;
1513 1870 1535 1920 B

198 1974 280 2016 ειπεν,
306 1959 436 2008 similiter
451 1957 501 2006 salt
521 1968 574 2019 cop
594 1957 674 2015 aeth;
697 1955 748 2004 rell
770 1951 858 2020 ηαξατο
880 1950 973 2020 λεγειν.
1000 1954 1032 2003 ln
1046 1969 1072 2002 v.
1094 1955 1127 2005 70
1141 1956 1194 2005 add
1206 1972 1247 2004 και
1261 1973 1276 2019 η
1292 1953 1404 2006 λαλιασε
1421 1957 1535 2025 operatu

199 2045 232 2111 (N
245 2043 327 2111 θηλοι)
343 2047 400 2096 ΑΝ
415 2047 438 2095 Χ
451 2042 522 2093 ruli
537 2058 592 2094 unc
609 2046 624 2095 θ
639 2046 665 2094 at
682 2045 743 2107 pler
755 2057 773 2106 q
785 2056 821 2107 go
835 2057 882 2106 syr
902 2043 965 2109 (ινιτ)
980 2056 1038 2092 arm
1054 2045 1133 2102 actii,
1156 2045 1182 2093 id
1198 2046 1273 2108 quod
1288 2059 1323 2095 ex
1340 2046 1428 2096 uaun
1444 2046 1532 2097 lluxit.

200 2137 233 2185 ln
248 2150 273 2183 ν.
293 2135 325 2185 72
340 2136 479 2185 omittitur
491 2131 559 2191 ενθνς
574 2134 602 2181 in
619 2133 672 2183 AC
685 2133 707 2181 N
720 2132 742 2181 Χ
755 2128 772 2178 Γ
785 2129 803 2176 Δ
816 2127 836 2179 ll
853 2145 907 2182 unc
920 2133 935 2181 7
949 2131 976 2180 al
990 2132 1050 2195 pler
1061 2134 1111 2181 sah
1124 2146 1176 2196 cop
1186 2146 1222 2196 go
1230 2148 1237 2193 ;
1255 2136 1393 2184 omittitur
1406 2151 1433 2184 ειι
1450 2132 1535 2184 δευτε-

198 2240 241 2290 ρσυ
255 2227 282 2272 in
298 2236 318 2278 u·
334 2224 371 2283 L;
385 2225 426 2272 uti
436 2225 532 2271 iterum
547 2222 626 2271 deest
641 2222 669 2270 in
682 2234 698 2270 c
710 2221 783 2269 med.
804 2220 836 2269 In
853 2219 907 2270 ssne
923 2220 945 2270 D
965 2235 1006 2268 και
1029 2216 1119 2287 aphro
1133 2217 1243 2288 κλαιεεν,
1260 2224 1301 2272 uti
1319 2226 1403 2273 etlam
1427 2227 1449 2274 it
1467 2226 1536 2288 vulg

199 2315 250 2363 sali
266 2326 313 2375 syr
324 2309 386 2377 (uir)
399 2325 458 2361 arm
471 2324 508 2375 go
525 2307 598 2374 (aeth
613 2314 640 2359 et
656 2308 758 2368 lievitt,
775 2323 848 2373 quae
863 2311 947 2360 lectio
963 2311 1060 2372 utique
1073 2310 1180 2361 lacitior
1194 2318 1247 2361 est.

245 2495 539 2574 Quemadmodum
565 2493 600 2558 in
625 2492 903 2559 antecedentibus
926 2492 1043 2560 sedulo
1071 2494 1217 2561 ostendit
1238 2496 1449 2582 evangelista
1465 2519 1535 2564 esse

200 2605 341 2692 impleta
361 2602 521 2668 vaticinia
541 2622 629 2689 quae
647 2605 736 2666 lesus
761 2599 869 2665 edidit
892 2599 935 2665 de
960 2622 995 2666 se
1017 2600 1131 2687 (10,33
1151 2602 1194 2666 cl.
1222 2606 1334 2681 1t‚53.
1363 2605 1417 2688 ct)
1440 2602 1535 2671 etde

198 2709 360 2776 scandalo
383 2708 630 2797 discipulorum
661 2709 790 2792 (ltffl.
817 2708 891 2794 50),
924 2708 970 2772 itu
998 2729 1090 2773 nunc
1114 2716 1231 2774 narrat
1255 2709 1431 2797 quomodo
1461 2716 1560 2778 lesu

198 2817 387 2906 praedictio
412 2815 454 2880 de
473 2815 564 2880 trina
590 2816 676 2879 Petri
698 2813 881 2899 negatione
904 2836 936 2878 v.
963 2820 1005 2879 30
1035 2814 1176 2881 minime
1202 2819 1294 2882 exitu
1315 2819 1474 2884 caruerit.
1498 2818 1534 2884 ld

196 2944 275 2990 cum
292 2923 418 2988 relerre
432 2920 634 3000 intenderit,
659 2921 725 2985 iam
746 2941 849 3008 supra
863 2942 896 2984 v.
915 2927 957 2987 st
975 2924 1109 2987 Petrum
1129 2944 1236 3010 usque
1253 2924 1288 2988 in
1304 2924 1430 2990 atrium
1445 2947 1534 3013 pon-

196 3030 297 3096 tificis
317 3030 508 3114 ingressum
520 3049 591 3093 esse
601 3027 747 3115 scripsit.
772 3025 822 3092 ud
841 3025 935 3114 quod
948 3025 1096 3093 adnectit
1109 3051 1140 3092 v.
1163 3035 1205 3094 66
1221 3042 1254 3095 et
1273 3052 1352 3095 cum
1370 3043 1453 3097 esset
1469 3035 1534 3100 Pe-

196 3150 268 3203 trus
287 3137 323 3201 in
347 3136 434 3201 atrio
458 3134 614 3200 deorsum
639 3161 654 3193 ιι
678 3133 864 3199 Matthaeus
888 3155 897 3197 ε
924 3133 1007 3199 foris
1032 3135 1067 3199 in
1095 3136 1200 3214 atrio;
1226 3138 1353 3202 atrium
1379 3138 1470 3204 enim
1502 3147 1536 3206 et

192 3245 280 3332 [oris
299 3247 387 3320 erat,
404 3243 430 3306 si
448 3241 493 3307 ad
508 3241 707 3307 interiorem
730 3238 866 3305 aedium
882 3246 1014 3328 partem
1036 3249 1180 3330 spectes,
1204 3248 1236 3308 et
1251 3241 1430 3324 deorsum,
1447 3247 1475 3311 si
1490 3246 1536 3312 ad

196 3352 406 3439 superiorem
420 3347 582 3437 adquam
602 3369 665 3436 per
683 3347 790 3413 scalas
804 3367 960 3413 ascensus
980 3347 1119 3435 patebat
1138 3376 1153 3408 ιι
1176 3349 1301 3436 (Patr.)
1323 3351 1431 3417 velex
1448 3353 1535 3419 atrio

198 3459 234 3523 in
253 3456 432 3534 conclave,
450 3456 570 3542 inquo
589 3452 799 3540 synedristae
812 3474 891 3519 cum
914 3457 987 3520 lesu
1009 3461 1122 3533 erant,
1140 3456 1355 3544 aliquantum
1370 3457 1535 3524 ascende-

198 3564 313 3644 batur,
336 3562 425 3628 venit
445 3583 515 3626 una
531 3582 575 3626 ex
591 3559 727 3625 ancillis
745 3559 1078 3637 commisererdotr's,
1095 3570 1207 3627 censet
1223 3565 1319 3630 Patr.
1341 3586 1415 3630 eam
1434 3566 1537 3632 luisse

198 3670 292 3737 illam
313 3670 422 3758 ipsam
438 3668 613 3734 ostiariam
633 3689 721 3755 quae
738 3672 874 3733 Petrum
894 3666 937 3732 ad
955 3668 1077 3733 ostium
1096 3668 1177 3734 loris
1192 3676 1338 3737 stantem
1358 3671 1393 3735 in
1409 3673 1535 3738 atrium

196 3776 448 3856 introduxeral;
477 3774 568 3862 apud
588 3794 706 3839 omnes
731 3772 957 3859 evangelistas
975 3775 1166 3860 negationis
1189 3775 1326 3842 initium
1349 3799 1369 3842 a
1393 3779 1535 3845 muliere

197 3885 344 3950 eflicitur
358 3905 389 3949 v.
413 3890 455 3948 67
471 3896 596 3947 etcum
613 3879 748 3945 vidisset
768 3884 907 3947 Petrum
923 3878 1178 3968 calefacientem
1197 3904 1231 3947 se
1252 3883 1419 3971 aspiciens
1435 3884 1535 3950 illum

196 3982 376 4078 ἐμθλέψασα
395 3989 477 4067 αὐτῷ
495 3988 519 4053 i.
542 4011 572 4053 e.
597 3988 722 4052 acriter
740 4009 819 4052 eum
834 3988 975 4068 intuita,
997 3987 1104 4053 oculis
1119 3990 1242 4054 ineum
1262 3989 1433 4076 defigens,
1455 3991 1534 4059 ait:

195 4111 227 4164 et
243 4110 279 4163 tu
301 4119 378 4162 eum
398 4098 474 4161 Iesu
494 4096 674 4161 Nazareno
695 4114 778 4159 eras.
801 4098 916 4159 Petrus
926 4095 974 4159 ita
990 4093 1100 4159 subito
1117 4096 1352 4184 interpellatus
1368 4099 1404 4163 in
1423 4098 1535 4165 medio

196 4205 273 4271 atrii
296 4200 623 4271 circumsedentibus
646 4200 721 4266 aliis
744 4201 835 4288 (Luc.
858 4201 981 4287 2235)
1002 4206 1167 4290 quantum
1194 4225 1257 4290 pro
1288 4226 1322 4269 se
1343 4205 1534 4293 periculum

197 4314 357 4378 exsistere
386 4315 497 4399 posset
522 4308 692 4397 extemplo
710 4307 957 4396 apprehendit;
982 4329 1087 4395 quare
1108 4307 1143 4373 id
1168 4309 1260 4397 quod
1276 4310 1401 4377 ancilla
1419 4311 1534 4377 innuit

197 4418 340 4484 omuino
361 4439 431 4483 ase
455 4422 608 4481 avertere
628 4414 741 4480 studet
760 4437 791 4478 v.
823 4421 865 4480 θθ
890 4427 927 4480 at
949 4416 1086 4503 neqocit
1099 4414 1157 4481 ille
1175 4415 1316 4483 diceus:
1341 4440 1449 4506 neque
1463 4419 1533 4485 scio

197 4547 306 4613 neque
322 4524 402 4590 novi
415 4522 501 4612 quid
514 4520 606 4587 dicus
624 4522 717 4586 nullo
738 4520 837 4586 ruodo
856 4520 1015 4606 intelligo
1033 4522 1117 4610 quid
1137 4523 1239 4589 verba
1254 4531 1313 4590 tua
1327 4525 1391 4590 sibi
1409 4526 1532 4604 velint;

199 4660 215 4692 ιι
233 4653 310 4697 ecce
330 4632 491 4696 columna
511 4629 704 4695 firmissima
723 4628 766 4694 ad
788 4628 887 4693 unius
901 4650 1005 4694 aurae
1020 4630 1204 4718 impulsum
1219 4638 1288 4696 tota
1309 4634 1530 4698 contremuit!

197 4740 257 4806 ubi
284 4745 334 4803 est
357 4737 416 4802 illa
437 4736 666 4825 promittentis
690 4735 834 4801 audacia
862 4741 895 4800 et
919 4734 961 4801 de
987 4758 1020 4802 se
1046 4738 1233 4826 plurimum
1264 4738 1483 4826 praefidentis
1516 4768 1530 4799 ν

197 4849 245 4965 (S.
265 4848 355 4933 Auq.
375 4850 473 4909 tract.
495 4849 556 4908 113
574 4844 609 4909 in
627 4847 717 4909 loan.
737 4844 782 4909 M.
806 4841 987 4931 35‚1933)?
