3960 5654
951 371 1043 430 nanc.
1067 368 1097 438 8,
1121 368 1171 428 39.
1672 372 1731 431 227

396 505 430 568 et
446 522 598 582 crucem,
617 499 805 569 edocentur
820 502 891 566 lore
910 506 946 566 ut
960 501 1050 566 intra
1067 500 1231 591 temporis
1247 501 1397 589 spatium
1414 502 1507 570 haud
1522 501 1608 569 adeo
1624 524 1732 570 remo·

395 614 467 676 tum
496 629 644 694 regnum
667 611 724 676 [lei
750 609 820 674 iam
839 614 1006 696 appareat
1025 609 1250 673 constitutum
1278 608 1312 673 in
1335 608 1473 676 virtute.
1501 610 1612 677 Animi
1637 610 1731 676 enim

394 713 557 783 fortitudo
575 719 608 779 et
626 714 784 782 alacritas
803 711 847 778 ad
866 735 952 803 opus
970 710 1110 780 difficile
1129 712 1403 799 aggrediendum
1425 715 1571 780 maxime
1586 722 1733 804 augetur

394 845 452 912 spe
462 841 632 887 successus
645 819 830 911 propinqui
845 820 1036 910 proposita;
1056 843 1088 885 v.
1105 826 1147 886 39
1164 831 1198 884 et
1211 819 1347 886 dicebat
1359 819 1427 887 illis
1440 842 1453 886 .·
1467 842 1569 886 omen
1581 821 1657 888 dico
1673 844 1732 889 eo·

394 926 458 1007 tis,
484 926 565 1016 quio
581 940 661 994 sacrat
679 924 821 1016 quidam
843 926 884 993 de
903 925 959 991 tic
978 925 1144 992 stantibus
1170 926 1233 1014 qui
1258 949 1328 992 non
1356 926 1543 1016 prestabant
1569 942 1730 1011 retortam,

392 1037 530 1125 gustare
548 1040 693 1101 mortem
716 1047 804 1096 anth
822 1049 891 1100 nan
914 1032 1050 1122 phrasis
1070 1040 1120 1099 est
1144 1031 1324 1099 rabbinica
1346 1033 1525 1123 frequens3
1549 1034 1592 1101 cl.
1616 1035 1731 1103 videre

392 1145 539 1206 mortem
554 1143 605 1207 Ps.
623 1145 744 1221 88‚t9;
760 1140 864 1206 ctiam
882 1160 1005 1226 graece
1020 1137 1146 1205 dicitur
1164 1136 1302 1227 γεύεσθαι
1317 1137 1434 1221 πόνων,
1454 1136 1592 1228 μόχθων,
1611 1139 1731 1216 πένθους

394 1243 504 1335 (Ρὶιιᾶ.
519 1250 558 1337 Ν,
573 1228 664 1329 att.
683 1246 788 1335 Soph.
809 1250 863 1312 Tr.
884 1251 982 1312 1101.
1002 1251 1080 1313 Eur.
1102 1244 1407 1332 Alc.1069);cum
1425 1268 1516 1314 mors
1535 1248 1730 1316 considere-

391 1359 636 1445 turtamquam
654 1375 706 1420 res
720 1374 839 1420 amara
853 1352 883 1441 (1
901 1356 992 1420 Sam.
1013 1350 1141 1441 1532),
1158 1375 1226 1442 quo
1241 1375 1342 1419 sensu
1354 1352 1489 1421 dicatur
1502 1362 1641 1442 gustare
1662 1377 1730 1423 non

391 1464 442 1524 est
454 1458 597 1527 dubium
614 1459 670 1550 (cl.
695 1459 812 1526 llatth.
835 1463 947 1539 1638.
965 1464 1044 1525 Luc.
1063 1464 1157 1541 937.
1175 1462 1265 1526 loan.
1283 1465 1377 1544 8‚52.
1400 1459 1500 1527 Hebr.
1518 1461 1601 1550 29),
1624 1461 1730 1529 donec

391 1566 530 1634 videant
548 1587 691 1655 requam
711 1566 776 1632 Dei
797 1566 931 1632 venacus
947 1565 983 1631 in
1005 1565 1130 1632 virtute
1146 1563 1329 1635 ἔιηλυθυῖαν
1344 1588 1489 1654 regnum
1510 1568 1656 1650 venisse;
1676 1591 1730 1636 re-

390 1693 499 1760 gnum
519 1673 577 1739 Dei
598 1672 652 1740 vel
666 1694 812 1760 reguum
836 1672 1044 1739 messianum
1059 1672 1281 1739 constituitur
1297 1672 1444 1740 Ecclesia
1456 1674 1599 1756 Christi;
1621 1697 1730 1764 quare

391 1777 630 1870 explicandum
649 1780 715 1846 erit
728 1801 806 1846 cum
821 1781 857 1847 S.
877 1780 1041 1868 Gregorio
1058 1779 1167 1867 (hom.
1190 1785 1271 1860 32,ss
1294 1781 1329 1846 in
1350 1802 1474 1867 evang.
1499 1782 1545 1847 M.
1570 1781 1728 1869 samaa)

390 1885 432 1953 de
449 1885 569 1956 eadem
582 1885 729 1953 Ecclesia
744 1891 954 1966 constructa,
973 1885 1118 1951 firmiter
1131 1886 1201 1952 iam
1213 1887 1399 1952 constituta
1410 1893 1444 1952 et
1458 1889 1589 1976 potenti
1605 1889 1737 1956 virtuto

389 1990 530 2060 dilatata
545 1996 579 2060 et
592 1998 711 2060 contra
727 1991 846 2059 mundi
866 1992 968 2058 huius
979 1992 1126 2078 gloriam
1140 1998 1267 2074 erecta,
1285 1992 1477 2082 eodemque
1493 1993 1595 2060 modo
1616 1995 1728 2077 Beda,

389 2099 479 2168 lons.
506 2102 626 2189 Iamy,
649 2098 784 2167 aetsctl
798 2098 978 2188 explicant.
1005 2102 1093 2165 Bene
1114 2098 1198 2165 dicit
1212 2101 1249 2166 S.
1275 2101 1376 2189 Greq.
1401 2121 1446 2166 :a
1465 2100 1523 2166 sed
1540 2123 1617 2167 cum
1637 2107 1731 2169 tanta

389 2205 550 2273 Dominus
563 2197 760 2274 subeundae
777 2207 895 2271 mortis
912 2211 1096 2295 praecepta
1115 2206 1248 2287 ederet,
1268 2205 1352 2296 quid
1368 2207 1596 2273 necessarium
1609 2208 1674 2275 luit
1692 2215 1730 2275 ut

386 2311 430 2380 ad
447 2312 535 2380 hanc
553 2313 665 2381 subito
682 2311 945 2403 promissionem
966 2311 1120 2380 veniret?
1138 2311 1232 2390 Quod
1256 2314 1283 2378 si
1302 2312 1475 2380 subtiliter
1490 2313 1725 2409 attendamus,

388 2426 517 2510 quanta
528 2420 779 2510 dispensatione
795 2420 927 2510 pietatis
941 2424 1067 2506 agatur
1081 2418 1317 2505 agnoscimus;
1336 2418 1514 2509 discipulis
1529 2420 1619 2487 enim
1636 2422 1729 2489 rudi-

387 2525 450 2593 bus
464 2527 566 2594 etiam
579 2512 621 2594 de
633 2526 805 2618 praesenti
817 2527 886 2592 vila
898 2523 1030 2616 aliquid
1042 2525 1312 2614 promittendum
1328 2525 1405 2608 luit,
1423 2533 1460 2593 ut
1473 2535 1610 2616 possent
1627 2528 1729 2596 robu-

386 2633 467 2700 stius
485 2634 521 2700 in
540 2634 655 2700 lutura
666 2633 848 2700 solidari...
873 2630 1062 2699 videndum
1083 2653 1232 2718 regnum
1249 2632 1308 2699 [lei
1326 2634 1499 2722 promittit
1513 2635 1548 2700 in
1564 2640 1672 2719 terra,
1690 2640 1728 2703 ut

387 2740 452 2807 hoc
471 2740 579 2807 abeis
601 2739 736 2808 fidelius
758 2741 793 2806 in
811 2738 905 2806 coelo
924 2745 1177 2829 praesumatur.
1204 2743 1249 2804 Ex
1273 2740 1346 2829 ipso
1368 2741 1486 2830 itaque
1504 2763 1614 2827 regno
1636 2743 1727 2831 quod

386 2847 455 2913 iam
476 2846 630 2914 videmus
654 2848 690 2913 in
715 2847 845 2914 mundo
868 2868 938 2912 esse
960 2845 1186 2913 sublimatum
1208 2867 1387 2935 speremus
1412 2868 1561 2934 regnum
1581 2847 1672 2937 quod
1691 2849 1726 2917 iu

386 2955 479 3021 coelo
498 2954 668 3021 credimus
687 2954 949 3045 percipiendum
972 2982 987 3012 ιι
1010 2953 1047 3041 (l.
1069 2976 1099 3020 c.
1122 2953 1233 3040 1237).

426 3142 480 3203 Sat
499 3142 591 3202 multi
612 3143 770 3221 explicant
791 3142 878 3202 hisce
901 3140 1063 3202 Christum
1085 3141 1274 3219 promittere
1299 3159 1390 3201 suam
1416 3144 1725 3222 transfigurationem

387 3239 489 3300 visum
510 3239 546 3299 iri
563 3240 602 3299 ab
621 3240 782 3317 aliquibus
801 3239 981 3317 discipulis;
1005 3240 1048 3298 ita
1063 3240 1245 3317 generatim
1266 3239 1288 3297 ii
1308 3240 1361 3316 qui
1380 3240 1725 3311 Matth.16‚‘.>8eodem

386 3336 482 3397 modo
497 3338 673 3415 accipiunt;
692 3338 731 3398 cl.
757 3335 890 3418 Tttcopt.
908 3335 1006 3396 lz'atb.
1024 3334 1095 3394 att.
1113 3334 1213 3395 Mala.
1233 3335 1315 3417 Lop.
1333 3335 1423 3415 Sqtu.
1439 3337 1527 3397 Patr.
1546 3339 1615 3417 (qui
1631 3341 1725 3403 simul

386 3434 425 3496 de
441 3436 670 3496 resurrectione
687 3452 814 3513 quoque
833 3442 862 3495 et
878 3435 1064 3495 ascensione
1085 3433 1335 3513 interpretatur).
1355 3438 1395 3495 at
1410 3435 1486 3496 haec
1502 3436 1616 3498 Christi
1629 3440 1726 3501 verba

385 3532 469 3611 apud
490 3535 628 3595 Marcum
644 3534 865 3595 multominus
881 3550 976 3610 quam
997 3532 1051 3592 illa
1071 3532 1156 3611 apud
1178 3532 1372 3592 Matthaeum
1393 3532 1432 3594 de
1449 3536 1725 3615 transfiguratione

385 3631 509 3710 concipi
524 3637 667 3710 possunt.
684 3630 853 3703 Quomodo
869 3631 955 3690 enim
972 3631 1114 3691 Christus
1132 3631 1377 3709 transfiguratus
1393 3630 1457 3692 dici
1472 3634 1573 3711 possit
1593 3652 1726 3714 regnum

387 3728 441 3789 Dei
461 3728 547 3808 quod
567 3730 601 3789 in
621 3730 739 3790 virtute
760 3729 898 3799 venerit,
915 3728 1004 3788 nullo
1027 3733 1120 3806 pacto
1141 3728 1277 3807 intelligi
1299 3733 1417 3807 potest.
1436 3730 1578 3809 Regnum
1602 3734 1656 3794 Dei
1677 3740 1727 3795 est

385 3842 520 3904 regnum
538 3829 747 3899 messianum,
764 3834 812 3887 cst
834 3827 972 3886 Ecclesia
991 3826 1126 3896 Christi;
1141 3825 1219 3887 haec
1239 3831 1349 3887 autem
1365 3844 1403 3888 eo
1420 3833 1563 3907 tempore
1581 3831 1724 3893 nondum

384 3930 452 3985 erat
464 3927 648 3999 constituta,
666 3942 740 4004 ergo
757 3925 857 3984 multo
874 3925 977 3985 minus
992 3925 1138 3984 nondum
1154 3926 1286 3984 renitet
1303 3927 1451 4004 apparuit
1469 3927 1501 3986 in
1514 3929 1648 4000 virtute,
1665 3947 1724 3992 ne·

386 4039 447 4100 que
462 4027 628 4101 propterea
643 4024 728 4101 quod
745 4023 815 4082 cius
827 4021 987 4082 Ecclesiae
1002 4021 1151 4083 fundator
1166 4028 1197 4082 ct
1212 4027 1311 4101 caput
1321 4040 1378 4102 per
1390 4024 1483 4086 breve
1497 4030 1625 4104 tempus
1639 4028 1724 4089 risus

386 4123 434 4180 est
457 4120 488 4180 in
506 4120 620 4198 gloria,
638 4123 698 4182 dici
720 4126 824 4199 potest
841 4121 880 4179 ab
904 4121 941 4179 iis
961 4121 1063 4180 visum
1082 4136 1153 4180 csse
1174 4137 1310 4199 regnum
1330 4122 1527 4182 messianum
1549 4123 1582 4183 in
1607 4126 1723 4188 virtute

385 4218 605 4278 constitutum.
624 4221 790 4279 Praeterea
804 4236 877 4278 cum
893 4218 1017 4278 dicatur
1031 4237 1037 4276 z
1053 4224 1127 4279 sunt
1144 4219 1243 4295 aliqui
1259 4236 1296 4278 ex
1312 4219 1352 4278 iis
1372 4221 1427 4297 qui
1443 4221 1653 4283 circumstant
1668 4225 1721 4303 qui

385 4333 449 4376 non
468 4316 652 4386 morientur,
668 4319 808 4378 donec...
828 4334 939 4377 sensus
960 4316 1132 4377 verborum
1153 4316 1267 4376 obvius
1288 4321 1336 4376 est
1357 4334 1365 4377 :
1384 4317 1527 4396 plerique
1547 4322 1725 4383 morientur

386 4419 555 4492 antequam
571 4415 648 4475 illud
667 4417 804 4476 eveniat.
821 4417 907 4475 Esset
921 4420 1026 4474 autem
1043 4414 1136 4492 plane
1153 4413 1326 4474 ridiculum
1343 4432 1451 4475 coram
1464 4418 1604 4478 conferta
1616 4421 1722 4480 multi·

385 4512 494 4573 tudine
514 4514 617 4574 dicere
635 4532 642 4574 :
660 4521 735 4574 sunt
747 4515 845 4592 aliqui
869 4531 906 4573 er
928 4512 1018 4572 vobis
1035 4513 1088 4589 qui
1110 4530 1175 4573 non
1190 4513 1369 4573 morientur
1383 4513 1568 4593 priusquam
1585 4534 1638 4577 sex
1653 4517 1722 4579 dies

385 4613 628 4687 praeterierunt;
649 4613 711 4672 iarn
726 4629 799 4672 vero
814 4612 956 4673 Christus
971 4629 1009 4671 ca
1028 4630 1055 4668 v.
1074 4611 1271 4688 3410quitur
1288 4610 1327 4672 ad
1344 4612 1471 4673 turbam
1485 4613 1530 4672 τὸν
1542 4615 1619 4694 ὄχλον
1636 4622 1667 4677 et
1682 4616 1722 4678 ad

386 4707 575 4789 discipulos,
593 4712 646 4772 cui
666 4711 824 4772 consertae
845 4709 1043 4771 inultitudini
1068 4709 1165 4788 igitur
1187 4709 1388 4771 sollemniter
1407 4714 1607 4774 annuntiaret
1630 4733 1637 4772 ε
1658 4720 1721 4777 tres

386 4822 423 4866 ex
437 4809 526 4869 vobis
539 4809 643 4870 adhuc
658 4827 716 4888 per
730 4827 783 4870 sex
797 4809 866 4869 dies
882 4810 996 4880 vivent,
1010 4808 1060 4869 vel
1074 4814 1139 4869 tres
1152 4826 1189 4869 ex
1206 4808 1297 4870 vohis
1310 4826 1373 4870 oon
1387 4811 1566 4873 morientur
1581 4818 1654 4873 ante
1668 4830 1722 4876 sex
