3960 5654
835 387 925 432 usae.
951 370 1000 439 15,
1024 369 1128 429 lit-li.
1592 369 1651 430 409

313 528 370 606 get
397 542 403 586 :
432 516 515 607 quid
540 518 681 597 faciam,
707 516 821 602 dieite,
839 522 914 607 regi
929 517 1134 584 ludaeorum
1149 519 1243 603 (vide
1263 519 1341 584 lect.
1362 519 1476 606 vahl?
1496 518 1595 585 lectio
1615 518 1650 583 in

314 632 483 692 Bservata
501 623 635 692 videtur
653 625 816 710 genuina,
836 648 899 692 eur
913 618 946 684 ὃν
960 627 1004 690 sit
1020 626 1187 691 insertum
1204 624 1305 691 facile
1320 630 1432 712 patet3
1451 631 1487 691 at
1498 620 1529 687 ὃν
1545 626 1652 714 λέγετε

313 734 381 799 iam
403 737 542 821 propter
563 756 596 799 ν.
621 740 639 798 9
662 733 917 820 repudiandum
943 740 1007 810 est;
1030 756 1061 798 v.
1081 738 1120 798 13
1144 746 1181 797 at
1202 730 1258 797 illi
1277 729 1400 796 iterum
1419 730 1653 798 clamaverunt

312 834 406 898 πάλιν
420 845 558 926 propter
570 862 602 905 v.
623 844 675 916 11,
694 838 752 904 ubi
763 841 913 905 elamore
928 839 1040 905 virum
1054 837 1266 904 homicidam
1278 836 1346 903 sibi
1357 836 1477 903 donari
1488 838 1652 926 petebant

313 947 399 1033 (het.
418 946 510 1034 att)
523 966 529 1023 ;
543 947 637 1036 prius
651 951 766 1011 autem
780 947 888 1011 solum
903 946 1097 1011 Barabbam
1115 966 1172 1009 eos
1192 944 1394 1033 postulasse,
1410 945 1513 1009 etiam
1533 944 1647 1009 llatth.

312 1057 411 1130 aaut
436 1061 610 1133 narratur3
629 1071 735 1137 quare
751 1052 806 1116 hie
822 1073 961 1138 quoque
982 1074 1021 1117 ex
1040 1052 1164 1116 iterum
1186 1051 1306 1135 colligi
1321 1053 1440 1138 nequit
1456 1049 1513 1138 (el.
1535 1050 1649 1137 lino)

312 1179 368 1223 eos
386 1160 498 1224 statim
513 1158 625 1246 prima
641 1157 712 1223 viee
727 1159 829 1224 etiam
845 1157 947 1223 simul
964 1180 1042 1224 cum
1057 1157 1211 1223 Barabba
1231 1156 1483 1223 crucifixionem
1503 1162 1575 1222 lesu
1590 1178 1649 1245 po-

311 1264 465 1345 stulasse;
489 1263 651 1352 crrccifiqe
671 1266 770 1329 erim!
793 1286 834 1329 en
856 1264 893 1329 in
917 1268 1051 1330 tantum
1071 1262 1250 1355 pontifices
1275 1262 1369 1352 plebi
1397 1262 1515 1328 mobili
1539 1262 1651 1351 impo-

312 1378 465 1438 suerunt.
482 1371 625 1438 Pilatum
647 1370 683 1435 id
699 1372 840 1437 minime
855 1379 1081 1459 exspectasse,
1103 1392 1222 1437 verum
1242 1369 1480 1456 indignatione
1502 1368 1651 1458 quadam

312 1485 344 1544 et
358 1477 650 1566 obstupefactione
669 1499 741 1544 esse
755 1483 966 1543 commotum
985 1477 1091 1566 ipsius
1107 1477 1213 1543 verba
1234 1475 1389 1567 produnt
1404 1498 1436 1541 v.
1462 1482 1500 1543 lt
1519 1475 1653 1542 Pilatus

312 1607 390 1650 uero
410 1583 542 1650 dicebat
559 1582 626 1649 illis
643 1605 655 1650 .·
671 1581 758 1672 quid
774 1584 865 1648 enim
884 1584 971 1650 mali
981 1585 1089 1667 fecit?
1103 1583 1197 1650 enim
1213 1583 1355 1649 denotat
1375 1582 1651 1669 indignationem

312 1690 369 1756 hic
389 1711 493 1779 quam
516 1690 666 1779 concipit
684 1689 726 1755 de
747 1712 783 1755 re
804 1689 870 1755 sibi
894 1689 1088 1778 inopinanti
1108 1712 1198 1778 quae
1217 1688 1341 1756 accidit
1367 1712 1374 1756 :
1397 1711 1458 1755 cur
1477 1689 1514 1754 id
1533 1688 1648 1756 vultis.

312 1796 396 1885 quid
412 1796 501 1861 enim
520 1796 598 1862 lecit
612 1796 716 1862 mali?
730 1792 888 1874 τί·κκκο’ν;
907 1796 982 1885 ipsa
996 1796 1219 1862 collocatione
1232 1795 1380 1862 habetur
1394 1795 1564 1885 emphasis
1579 1815 1648 1882 qua

311 1902 460 1969 declarat
480 1925 577 1968 suam
592 1901 874 1985 admirationem,
892 1904 920 1968 si
935 1902 1126 1993 quidquam
1141 1905 1174 1969 ei
1193 1896 1390 1992 impingere
1405 1902 1532 1990 possint
1550 1901 1648 1980 mali3

312 2022 348 2074 at
371 2009 424 2075 illi
444 2009 551 2097 maqis
573 2008 789 2090 clamabant,
810 2016 847 2075 ut
867 2009 1018 2075 elamore
1044 2009 1221 2076 vincerent
1243 2010 1304 2097 qui
1326 2008 1369 2074 de
1392 2009 1534 2074 veritate
1564 2005 1652 2072 nihil

312 2116 461 2181 obiicere
475 2114 650 2181 habebant
660 2114 767 2203 (Alb.)
784 2116 944 2204 cructfipe
955 2116 1053 2182 euml
1068 2115 1170 2182 ludex
1182 2122 1297 2182 autem
1310 2116 1456 2200 ignavus
1468 2120 1502 2180 et
1513 2134 1652 2180 suorum

311 2223 477 2289 scelerum
501 2223 709 2289 conscientia
733 2224 856 2288 timens
876 2223 993 2288 odium
1016 2225 1222 2311 primatum,
1245 2244 1288 2288 ne
1308 2221 1351 2288 ab
1375 2221 1415 2286 iis
1436 2225 1653 2287 accusaretur
1716 2284 1720 2292 ,

312 2329 406 2418 apud
432 2333 624 2409 Caesarem,
647 2352 725 2395 eum
746 2330 849 2396 etiam
874 2330 1024 2418 populus
1043 2329 1087 2394 ad
1106 2350 1209 2419 quem
1233 2350 1369 2395 eausam
1393 2327 1464 2416 ipse
1485 2326 1650 2392 detulerat

312 2438 423 2525 ipsum
439 2459 506 2503 non
520 2437 652 2503 iuvaret
669 2435 844 2502 iniustitia
860 2435 1015 2524 tutanda,
1032 2435 1123 2503 cedit
1137 2435 1277 2502 tandem
1290 2420 1399 2501 furori
1411 2433 1606 2524 principum
1622 2439 1654 2500 et

255 2534 259 2540 ”
312 2544 461 2609 insaniae
477 2544 657 2610 turbarum
673 2566 706 2608 ν.
727 2551 767 2610 15
786 2543 921 2609 Pilatus
936 2558 1054 2609 aretem
1068 2542 1182 2609 uolens
1192 2541 1325 2632 populo
1340 2541 1537 2627 satisfacere
1550 2539 1653 2606 dimi-

309 2649 354 2713 sit
375 2649 442 2714 illis
464 2648 657 2714 Barabbam
672 2663 707 2715 et
722 2649 863 2715 tradidit
878 2650 990 2716 lesum
1006 2648 1159 2737 flagellis
1174 2671 1309 2715 caesum
1324 2662 1362 2713 at
1378 2647 1653 2735 crucifiperetur;

310 2755 353 2821 de
368 2756 597 2842 flagellatione
613 2756 691 2822 vide
707 2778 797 2844 quae
813 2757 930 2822 notavi
946 2757 989 2822 ad
1005 2757 1120 2823 llatth.
1139 2762 1254 2838 2736.
1271 2760 1399 2821 llarcus
1413 2775 1486 2819 rem
1502 2754 1651 2819 breviter

311 2864 527 2951 perstringit;
553 2862 738 2929 Matthaeus
753 2864 872 2950 aliqua
892 2863 989 2929 eliert
1010 2885 1099 2951 quae
1114 2862 1255 2951 speciali
1277 2860 1378 2927 modo
1395 2860 1533 2926 ludaeos
1548 2858 1649 2925 attin·

311 2975 408 3054 gunt.
424 2968 488 3035 Sed
505 2973 632 3035 ltarcus
645 2991 781 3058 quoque
796 2971 876 3035 satis
891 2969 1039 3035 ostendit
1056 2974 1165 3034 lesum
1178 2971 1397 3035 innocentem
1410 2988 1472 3055 per
1486 2965 1651 3032 malitiam

310 3077 496 3163 primatum
512 3079 545 3141 et
557 3098 619 3164 per
633 3076 807 3162 ignaviam
821 3075 946 3142 iudicis
961 3097 1033 3141 esse
1048 3076 1150 3141 morti
1167 3073 1512 3162 ignominiosissimae
1527 3077 1560 3137 et
1575 3094 1650 3138 eru-

310 3181 501 3248 delissimae
515 3181 705 3248 addietum.
721 3183 903 3270 lmpletum
918 3205 988 3248 esse
1003 3181 1195 3248 ostenditur
1210 3186 1281 3247 lesu
1296 3180 1496 3246 vaticinium
1520 3184 1619 3258 10,3t
1638 3198 1645 3244 :

313 3295 347 3354 et
364 3287 589 3372 flagellabunt
610 3309 689 3354 eum
712 3294 745 3353 et
764 3287 972 3354 interficient
992 3308 1088 3366 eum,
1107 3293 1141 3354 et
1164 3289 1280 3354 uatth.
1303 3293 1404 3366 20‚l9
1429 3291 1488 3353 :et
1514 3284 1649 3351 tradent

313 3416 392 3460 eum
412 3395 573 3481 gentibus
592 3394 636 3461 ad
656 3394 905 3480 llagellandum
926 3402 959 3460 et
978 3393 1268 3480 crucifigendum.

356 3601 469 3660 Notant
494 3597 569 3658 l'ict.
591 3597 618 3659 T
616 3598 713 3680 lteoplr
730 3619 739 3657 :
756 3623 771 3652 «
789 3599 989 3661 tradiderunt
1008 3599 1117 3661 Iudaei
1138 3600 1248 3660 lesum
1270 3600 1435 3672 llomauis;
1452 3597 1561 3658 traditi
1576 3598 1647 3656 sunt

314 3698 455 3757 vicissim
476 3703 506 3757 et
528 3698 586 3776 ipsi
606 3716 624 3757 a
644 3698 781 3758 Domino
801 3699 949 3758 manibus
972 3700 1204 3770 Romanorum,
1224 3703 1256 3757 et
1276 3698 1450 3776 implentur
1470 3695 1649 3773 scripturae

314 3812 394 3872 quae
411 3796 519 3856 dicunt
537 3814 543 3854 :
561 3813 616 3855 vae
633 3796 760 3872 iniquo,
776 3796 859 3854 mala
875 3802 969 3855 erunt
982 3796 1011 3855 ei
1027 3796 1205 3856 secundum
1224 3813 1321 3873 opera
1335 3806 1488 3855 manuum
1502 3808 1648 3862 suarum;

314 3893 475 3952 etiterum
494 3911 500 3951 :
519 3893 693 3954 secundum
715 3910 810 3970 opera
833 3910 987 3953 manuum
1007 3910 1133 3954 suarum
1153 3893 1193 3952 da
1209 3894 1271 3965 eis;
1289 3899 1321 3952 et
1335 3909 1462 3953 rursum
1481 3909 1487 3950 :
1504 3888 1617 3950 sicuti
1635 3920 1649 3931 ·

314 3990 395 4060 cisti,
414 3991 455 4048 ita
470 3992 530 4049 erit
545 3996 577 4050 et
593 3992 648 4051 tibi
665 3992 835 4051 retributio
853 3998 905 4051 tua
923 4015 937 4043 ν
954 3990 1006 4069 (el.
1021 3992 1061 4051 Is.
1078 3993 1162 4063 3,lt.
1179 3992 1323 4050 Lament.
1340 3990 1435 4068 ssa).
1471 4039 1473 4043 ι

582 4179 610 4244 tr)
630 4182 725 4231 Iesus
744 4181 902 4233 illuditur
921 4183 956 4231 et
975 4180 1188 4244 crucifigitur
1212 4181 1383 4244 iaie-28.

355 4348 442 4406 taut.
460 4347 561 4397 Milites
576 4351 668 4397 autem
689 4348 828 4399 duxemnt
848 4363 912 4399 eum
929 4352 957 4398 in
1048 4349 1138 4412 isat.
1157 4345 1187 4397 oi
1206 4344 1232 4397 δὲ
1251 4349 1398 4414 στρατιῶται
1421 4341 1551 4414 ἀπήγαγον
1575 4343 1648 4396 absia

314 4438 416 4486 atrium
445 4438 591 4500 praetorii,
622 4440 649 4486 et
681 4443 836 4488 convocant
869 4445 957 4489 totam
1010 4434 1060 4486 ἔσω
1087 4438 1130 4499 τῆς
1157 4433 1249 4501 αὐλῆς,
1278 4434 1293 4485 ὅ
1320 4432 1385 4485 ἔστιν
1421 4435 1581 4504 πραιτώριον,
1611 4434 1652 4484 καὶ

315 4526 472 4582 cohortem;
1008 4522 1172 4575 συνκαλοῦσιν
1200 4522 1264 4588 ὅλην
1295 4520 1340 4587 τὴν
1378 4530 1495 4592 σπεῖραν,
1534 4527 1575 4577 lt.
1610 4523 1651 4574 καὶ

354 4617 396 4665 ¹7.
421 4614 453 4664 Et
475 4615 592 4664 induunt
616 4629 678 4665 eum
704 4629 840 4679 purpura,
858 4621 885 4668 et
906 4620 958 4666 im·
1010 4611 1188 4664 ἐνδιδύσκουσιν
1233 4611 1308 4665 αὑτὸν
1338 4611 1474 4682 πορσὺρσν,
1508 4611 1550 4663 καὶ
1583 4629 1648 4682 καρι-

317 4707 423 4769 ponunt
445 4706 471 4754 ei
492 4705 645 4768 plectentes
663 4707 790 4768 spineam
813 4719 958 4756 coronam.
1010 4704 1116 4755 τιθέασιν
1149 4701 1216 4772 αὐτῷ
1250 4701 1377 4763 πλέξαντες
1402 4700 1532 4753 ἀκάνθινον
1562 4701 1651 4771 σπέσσ-

320 4795 361 4844 18.
388 4794 420 4843 Bt
443 4797 595 4857 coeperunt
621 4795 743 4845 salutare
763 4807 826 4846 eum
855 4799 959 4855 :Ave,
1012 4812 1070 4857 νον,
1101 4794 1143 4844 18.
1174 4791 1217 4844 καὶ
1241 4790 1349 4861 ἤρξαντο
1381 4790 1531 4851 ἀσπάζεσθαι
1561 4789 1651 4856 atsto,
