3960 5654
909 381 1000 424 nnac.
1026 360 1074 430 16,
1100 362 1201 422 latu.
1663 363 1745 421 443.

385 522 500 580 lotum
515 511 650 592 γλώσσαις
665 522 760 594 atque
781 533 787 573 τ
807 538 822 568 «
841 516 894 574 alii
916 517 1091 576 daemones
1110 511 1272 588 expellunt
1290 512 1467 571 certissime
1491 530 1526 572 ac
1545 510 1722 582 verissime,

384 621 463 681 adeo
477 625 511 677 ut
521 617 577 692 qui
591 614 751 678 eiusmodi
765 613 857 673 malis
870 610 1038 691 spiritibus
1051 609 1174 669 liberati
1192 614 1266 670 sunt
1281 625 1376 685 saepe
1390 607 1484 667 fidem
1495 611 1725 687 amplectantur

386 718 467 777 etin
489 715 628 775 Ecclesia
651 718 874 792 permaneant;
898 710 951 769 alii
974 708 1217 785 praescientiam
1239 708 1420 766 futurorum
1441 707 1544 764 sortiti
1565 713 1652 782 sunt;
1670 706 1724 768 alii

386 815 526 873 infirmos
543 831 600 891 per
615 809 852 890 impositionem
869 821 1023 867 manuam
1040 809 1152 866 curant
1173 811 1204 865 et
1223 805 1377 883 pristinae
1393 804 1518 863 sanitati
1537 805 1724 874 restituunt;

385 911 439 970 sed
456 917 482 969 et
502 913 618 971 mortui
633 908 802 984 aliquoties
814 905 940 967 excitati
959 912 1043 963 siml,
1059 903 1139 974 Quid
1156 903 1271 979 plura?
1284 920 1347 961 non
1364 906 1470 978 potest
1486 919 1638 962 numerus
1652 902 1725 961 iniri

385 1007 539 1067 donorum
558 1026 638 1084 quae
657 1022 713 1084 per
737 1005 921 1064 universum
944 1004 1054 1061 orliem
1077 1000 1218 1061 Ecclesia
1240 1018 1260 1059 a
1279 1002 1344 1059 Deo
1363 1000 1523 1077 accipiens
1544 1001 1574 1058 in
1598 1000 1725 1060 nomine

388 1106 455 1164 eius
473 1108 526 1182 qui
544 1107 601 1165 sub
616 1103 728 1164 Pontio
744 1103 844 1161 Pilato
859 1101 1026 1160 crucilixus
1042 1105 1091 1159 est
1110 1100 1179 1158 lesu
1194 1097 1311 1158 Christi
1327 1096 1473 1174 quotidie
1489 1097 1526 1156 ad
1543 1097 1726 1174 opitulatio-

384 1219 458 1262 nem
474 1205 618 1281 gentium
637 1205 787 1278 operatur
805 1219 835 1268 ·›;
854 1199 939 1257 hisce
956 1215 993 1256 ex
1013 1200 1141 1257 irenaeo
1159 1195 1297 1255 laudatis
1313 1197 1427 1255 merito
1445 1195 1610 1256 concludit
1627 1197 1724 1256 Euse-

386 1301 457 1360 bius
479 1300 691 1377 multiplicem
710 1298 868 1357 donorum
889 1296 1109 1372 spiritualium
1127 1294 1314 1353 varietatem
1336 1293 1373 1352 ad
1394 1294 1448 1353 illa
1462 1312 1566 1371 usque
1582 1299 1727 1372 tempora

386 1416 483 1476 penes
506 1399 619 1477 dignos
640 1397 853 1473 permansisse
870 1394 913 1468 (h.
932 1411 960 1452 o.
982 1397 1049 1465 5,7;
1069 1389 1111 1450 M.
1130 1393 1267 1467 20,448).
1292 1393 1388 1450 Erant
1407 1393 1527 1469 quippe
1547 1392 1623 1452 haec
1641 1392 1727 1452 dona

385 1498 514 1574 copiosa
530 1497 561 1554 in
578 1493 708 1553 exordio
724 1495 770 1553 rei
786 1493 992 1561 christianac;
1011 1513 1026 1542 «
1045 1497 1080 1550 ut
1094 1491 1181 1548 enim
1198 1489 1276 1548 fides
1292 1496 1462 1561 cresceret,
1481 1490 1642 1550 miraculis
1659 1495 1724 1550 erat

386 1593 571 1662 nutrienda,
589 1593 665 1669 quia
680 1598 712 1651 et
727 1609 784 1650 nos
801 1607 874 1650 cum
891 1591 1021 1648 arbusta
1037 1589 1231 1665 plantamus,
1250 1588 1375 1647 tamdiu
1392 1589 1437 1647 eis
1453 1605 1569 1664 aquam
1586 1587 1725 1649 infundi·
1751 1627 1754 1633 -

386 1709 474 1759 mus,
496 1707 665 1767 quousque
684 1707 721 1749 ea
741 1691 772 1746 in
794 1696 878 1747 terra
899 1689 960 1745 iam
979 1686 1177 1746 convaluisse
1200 1685 1367 1745 videamus
1385 1711 1399 1739 υ
1417 1687 1459 1764 (S.
1482 1688 1572 1764 Greg.
1591 1686 1675 1745 hom.
1692 1686 1727 1745 in

386 1806 496 1867 evang.
522 1789 621 1864 29.l);
645 1793 676 1845 at
700 1803 863 1861 nuiiquam
888 1785 920 1842 in
948 1785 1086 1844 Ecclesia
1112 1788 1290 1855 cessarunt,
1316 1783 1359 1843 uti
1385 1802 1423 1843 cr
1444 1785 1517 1843 vitis
1538 1785 1726 1844 Sanctorum

388 1888 523 1946 ubertim
539 1886 775 1945 demonstratur
791 1884 821 1942 in
839 1882 974 1961 singulis
987 1882 1135 1942 saeculis.
1153 1883 1329 1942 Promissio
1344 1889 1392 1941 est
1402 1880 1568 1961 generalis
1582 1888 1727 1959 spectans

386 1984 424 2043 ad
443 1985 625 2042 universam
647 1982 816 2041 Ecclesiam
838 1986 869 2040 et
888 1981 957 2039 eius
974 1980 1160 2051 utilitatem;
1179 1997 1289 2038 rerum
1307 1979 1429 2057 singula
1448 1980 1612 2039 distribuit
1627 1979 1727 2057 Spiri-

388 2088 437 2141 tus
449 2089 575 2140 sanctus
590 2086 682 2157 prout
699 2080 768 2140 vult
781 2097 837 2155 pru
855 2079 914 2137 line
930 2078 1148 2154 [iroridentiae
1162 2077 1415 2154 supernaturalis
1432 2077 1483 2154 (cl.
1501 2075 1599 2136 ,tiata
1615 2075 1725 2154 lune).

387 2178 465 2238 Sunt
481 2179 535 2254 qui
552 2179 648 2237 verba
665 2178 716 2236 illa
733 2175 1232 2254 interpretenturspiritualiter:
1251 2176 1276 2233 si
1296 2175 1351 2251 qui
1367 2175 1405 2233 nd
1424 2174 1519 2234 fidem
1535 2181 1726 2235 convertun-

389 2283 448 2343 tur,
467 2276 602 2335 daemon
621 2276 712 2352 quasi
734 2292 771 2333 ex
790 2292 903 2334 eorum
923 2275 1086 2333 mentibus
1105 2273 1291 2351 expeditum
1309 2273 1400 2332 novis
1421 2273 1537 2351 linguis
1553 2273 1729 2350 loquuntur

389 2375 497 2434 fideles
514 2379 621 2433 sancta
637 2373 789 2451 mysteria
803 2381 968 2440 sonantes,
986 2372 1041 2431 Dei
1061 2372 1174 2431 laudes
1189 2377 1373 2442 narrantes;
1390 2377 1556 2448 serpentes
1575 2371 1690 2431 tollunt
1705 2371 1727 2430 ii

389 2474 444 2550 qui
462 2473 618 2531 malitiam
635 2489 671 2530 ex
692 2471 829 2529 aliorum
845 2470 994 2529 cordibus
1013 2469 1180 2539 aulerunt;
1197 2469 1399 2528 mortiterum
1416 2470 1536 2545 absque
1552 2469 1669 2529 damno
1684 2468 1730 2528 bi-

389 2570 468 2629 bunt
486 2570 539 2646 qui
556 2569 720 2645 pestiferas
737 2569 901 2626 suasiones
917 2568 1083 2626 audientes
1099 2567 1232 2627 minime
1248 2567 1286 2626 ad
1301 2572 1468 2644 peccatum
1484 2565 1727 2645 pertrahuntur,

388 2685 498 2745 aegros
514 2673 625 2726 sanant
641 2666 696 2742 qui
711 2666 788 2725 alios
803 2665 841 2724 ad
859 2666 1011 2724 virtutem
1026 2666 1187 2736 roborant,
1204 2682 1222 2723 a
1239 2665 1324 2723 vitiis
1339 2666 1502 2724 retrahunt
1520 2664 1571 2742 (cl.
1589 2665 1620 2725 S.
1638 2662 1728 2746 (ἶνες.

392 2764 465 2823 lled.
482 2763 550 2822 ull.
571 2761 764 2829 bernardus,
782 2764 820 2822 de
835 2764 1021 2823 ascensione
1035 2780 1130 2822 serm.
1150 2765 1216 2834 l,3;
1234 2761 1277 2822 M.
1297 2764 1444 2835 isaaci,
1461 2760 1620 2822 Sulmemn
1637 2768 1729 2825 tract.

373 2866 456 2940 bap
474 2862 527 2922 sed
546 2863 626 2921 bene
648 2867 736 2921 notat
757 2858 855 2919 liutet.
876 2881 884 2917 .·
905 2887 918 2912 ι(
937 2861 1070 2921 dubium
1087 2879 1149 2920 non
1166 2866 1214 2919 est
1236 2861 1395 2920 Christum
1416 2861 1534 2920 nonde
1553 2861 1621 2920 istis
1640 2861 1730 2939 loqui

393 2979 491 3038 signis
511 2988 536 3018 ».

435 3170 729 3248 Quemadmodum
747 3170 958 3255 evangelista
982 3170 1130 3235 ostendit
1154 3171 1257 3236 verba
1280 3176 1352 3236 lesu
1378 3171 1501 3236 desua
1522 3171 1673 3260 passione
1698 3178 1732 3237 et

393 3279 636 3344 resurrectione
651 3299 723 3343 esse
739 3277 892 3365 impleta,
907 3278 956 3342 ita
972 3279 1100 3366 pariter
1113 3276 1211 3343 docet
1226 3277 1262 3342 id
1277 3277 1370 3366 quod
1387 3277 1518 3343 dixerat
1530 3276 1571 3343 de
1587 3279 1731 3344 sessione

391 3384 433 3450 ad
446 3385 619 3450 dexteram
633 3385 689 3449 [lei
706 3383 838 3472 (iau-Q
856 3384 898 3449 cl.
916 3386 1030 3469 1236)
1046 3406 1154 3472 aeque
1166 3407 1236 3450 esse
1252 3385 1286 3449 in
1302 3406 1387 3473 opus
1399 3383 1585 3451 deductum
1597 3407 1627 3448 v.
1649 3392 1688 3452 le
1699 3397 1731 3452 et

394 3492 554 3555 [tenuitas
570 3488 708 3578 quidem
725 3491 834 3570 lestis,
856 3496 938 3555 nota
963 3495 1072 3555 lesum
1092 3491 1258 3576 ingloria
1272 3492 1491 3556 coustitutum
1514 3491 1730 3558 sollemniore

392 3619 526 3685 quoque
546 3591 806 3684 appellationeo
821 3601 921 3682 κύριος
936 3598 1067 3674 vocari,
1082 3610 1269 3686 postquam
1289 3598 1423 3663 locutus
1438 3611 1488 3663 est
1502 3599 1563 3676 eis,
1584 3597 1727 3687 Tlreopd.

393 3704 529 3792 supplet
544 3710 660 3776 ταῦτα,
677 3703 837 3791 idemque
857 3704 1007 3781 Sedens,
1042 3704 1164 3784 Weiss;
1184 3703 1307 3792 quodsi
1323 3706 1427 3770 eliam
1447 3703 1639 3794 suppletur,
1662 3725 1731 3770 non

393 3811 543 3897 sequitur
559 3811 730 3875 Christum
745 3809 858 3875 statim
880 3809 1055 3897 posthaec
1071 3809 1177 3875 verba
1192 3811 1382 3876 ascendisse
1399 3811 1431 3875 iu
1453 3810 1596 3876 coelum.
1616 3814 1652 3875 ln
1668 3810 1732 3876 hac

393 3917 484 3980 enim
509 3917 703 3981 narratione
724 3914 809 3982 adeo
824 3915 996 3981 succincta
1018 3938 1124 3982 nexus
1138 3923 1251 3983 arctus
1271 3918 1362 3983 inter
1381 3918 1534 4003 singulas
1550 3917 1735 3983 sententias

395 4024 513 4110 nequit
539 4022 640 4088 statui
668 4032 700 4087 et
727 4022 958 4110 postularetur
981 4044 1181 4110 perperam,
1213 4022 1261 4089 uti
1288 4024 1401 4089 statim
1422 4025 1456 4088 in
1485 4045 1515 4089 v.
1536 4030 1578 4089 ab
1599 4045 1735 4113 quoque

393 4126 593 4193 ostenditur.
618 4131 772 4193 Ceterum
804 4151 880 4194 cum
906 4122 983 4213 μετὰ
1003 4127 1040 4189 τὸ
1062 4132 1200 4198 λαλῆσαι
1224 4130 1332 4202 αὐτοῖς
1352 4130 1477 4195 dicitur
1500 4131 1574 4195 sine
1598 4128 1732 4212 addito,

395 4237 584 4320 generatim
601 4234 746 4317 intelligi
764 4243 871 4322 potest
892 4235 934 4301 de
950 4235 1165 4302 sermonibus
1180 4237 1306 4325 quibus
1325 4242 1414 4302 lesus
1429 4243 1506 4326 post
1519 4237 1734 4304 resurrectio

397 4364 471 4406 uem
493 4340 677 4428 discipulos
697 4341 811 4405 docuit
830 4342 883 4428 (cl.
907 4343 1012 4407 Erret.
1033 4342 1109 4408 Alb.
1133 4341 1240 4409 Malu.
1262 4345 1352 4433 Bisp.
1371 4342 1526 4431 helecti),
1545 4357 1734 4433 assumptus

396 4460 443 4512 est
458 4449 491 4511 in
509 4448 637 4513 eoelum
651 4448 692 4512 cl.
708 4455 777 4512 hcl.
802 4455 866 4527 l,ll.
883 4451 967 4538 Eph.
984 4456 1062 4529 t,10
1077 4449 1228 4515 ascendit
1239 4473 1343 4539 super
1355 4472 1474 4516 ornnes
1487 4450 1613 4527 coclea,
1631 4450 1730 4516 llebr.

396 4560 491 4627 6:203
507 4561 601 4623 720:
615 4563 646 4627 t),
656 4560 694 4619 12
704 4608 711 4632 ,
723 4569 753 4618 et
763 4554 854 4619 sedet
866 4579 886 4620 o
897 4555 1022 4622 ‹lecti-is
1034 4557 1107 4636 bei,
1121 4559 1168 4621 uti
1180 4556 1603 4647 praedixeratsynedrislis
1614 4562 1728 4635 item

396 4660 438 4726 el.
456 4662 522 4725 Col.
547 4669 615 4731 3.l.
636 4663 733 4727 llebr.
760 4668 831 4740 1‚3;
850 4670 925 4742 8.l;
953 4670 1068 4745 10,12;
1092 4671 1183 4745 122.
1205 4672 1219 4729 1
1240 4669 1327 4730 Pete.
1347 4671 1426 4744 3,Ξὲ
1441 4673 1504 4730 etc.
1523 4666 1545 4729 i.
1564 4686 1593 4729 e.
1612 4685 1732 4729 conre-

398 4789 504 4852 gnans
533 4768 620 4832 l‘atri
642 4769 675 4833 in
701 4770 791 4833 omui
817 4771 1023 4857 aequalitate
1043 4771 1234 4837 secundum
1255 4771 1415 4838 deitatem
1437 4778 1469 4837 et
1487 4772 1605 4836 ferrens
1624 4770 1729 4860 potis-
