3960 5654
172 489 232 550 364
713 515 803 557 uano.
829 498 878 561 tt,
901 494 967 551 5-8.

170 642 425 732 vituperabant:
444 639 587 729 Tlreoplr.
606 642 816 731 ἠγανάκτουν,
836 632 951 728 ὔὲριζον
969 642 1238 731 indignabantur
1256 644 1290 708 in
1305 662 1397 721 eam;
1423 639 1499 708 vide

173 755 263 832 raa.
288 747 398 811 araur.
417 753 509 826 sao.

214 854 280 920 Etsi
295 852 353 917 alii
379 861 517 942 excepto
539 857 620 923 luda
636 882 702 925 non
720 859 809 924 malo
831 857 946 923 animo
968 856 1251 942 indignabantur,
1271 859 1386 922 tamen
1403 853 1501 920 valde

168 957 405 1048 imprudenter
420 966 453 1025 et
468 973 683 1053 praepostere
697 964 857 1051 agebant.
877 969 921 1029 Ex
936 987 976 1030 eo
992 964 1083 1028 enim
1099 960 1192 1050 quod
1206 963 1293 1025 lesus
1308 961 1355 1028 ita
1369 985 1403 1028 se
1417 959 1501 1046 ungi

168 1064 302 1132 sinebat
321 1065 524 1135 concludere
543 1071 715 1138 debebant
741 1090 811 1134 rem
838 1069 954 1156 pieac
979 1075 1091 1134 sancte
1118 1067 1207 1143 steri3
1233 1088 1352 1132 corum
1375 1065 1501 1154 agendi

167 1170 306 1236 modum
324 1166 418 1260 Sp'lo.
437 1178 586 1264 appellat
598 1177 778 1242 candidam
796 1176 1062 1263 simplicitatem,
1079 1195 1165 1261 quae
1181 1173 1298 1261 utique
1313 1173 1347 1237 in
1361 1196 1401 1240 eo
1413 1197 1500 1264 quo-

166 1299 232 1366 que
247 1278 515 1367 deprehenditur
525 1283 617 1372 quod
634 1284 673 1347 iis
687 1283 799 1347 nonin
817 1288 964 1348 mentem
976 1280 1105 1345 venerit
1118 1279 1324 1368 vituperium
1339 1281 1373 1344 in
1387 1281 1499 1369 ipsum

159 1406 303 1473 ,quoque
321 1391 502 1454 Dominum
521 1389 638 1455 reterri
653 1389 712 1476 qui
728 1388 953 1475 perditionem
971 1387 1065 1452 illam
1076 1408 1187 1475 neque
1202 1383 1420 1473 impediverit
1437 1408 1498 1453 ne·

163 1511 231 1578 que
248 1494 487 1581 reprehendat.
508 1499 596 1560 lesus
617 1503 730 1558 autem
749 1494 899 1581 henigne
914 1517 953 1559 ac
970 1492 1103 1582 placide
1119 1491 1302 1582 discipulos
1316 1493 1501 1579 compescit

164 1605 197 1664 et
212 1599 363 1667 mulieris
378 1602 508 1666 lacinus
522 1599 680 1664 laudibus
691 1599 787 1666 effert
801 1601 927 1690 quibus
941 1607 975 1664 et
988 1597 1146 1663 allectum
1163 1597 1315 1665 mulieris
1326 1619 1498 1664 commen-

165 1703 276 1771 dalet
298 1728 461 1793 magnum
483 1706 682 1792 mysterium
701 1709 731 1771 ei
750 1708 899 1772 unctioni
918 1706 1052 1771 subesse
1072 1703 1171 1769 docet
1190 1728 1222 1768 v.
1240 1712 1260 1770 6
1277 1707 1367 1771 Iesus
1382 1716 1497 1771 uectem

162 1809 249 1877 dixit
263 1835 274 1877 .·
289 1814 389 1879 sinite
404 1836 479 1879 eum
500 1804 593 1898 ἄφετε
609 1815 630 1878 i.
645 1836 675 1879 e.
693 1815 827 1879 missam
840 1833 917 1878 eam
928 1811 1038 1888 facite,
1057 1810 1205 1876 desistite
1216 1811 1260 1876 ab
1275 1834 1332 1892 ea,
1348 1813 1433 1900 quid
1446 1811 1501 1878 itti

162 1916 298 1985 molesti
314 1921 413 1985 estis?
431 1942 491 1985 cur
506 1919 537 1984 ei
558 1921 733 2006 negotium
748 1919 911 1985 lacessitis
921 1924 955 1983 et
969 1917 1157 1983 molestias?
1167 1915 1292 1982 bomem
1306 1940 1392 2006 opus
1406 1918 1498 1980 καλόν

161 2026 375 2112 praeclarum
396 2025 548 2091 officium
570 2049 609 2091 ac
626 2028 718 2115 pium
735 2038 875 2114 operata
892 2037 938 2089 est
955 2023 990 2088 ire
1005 2044 1079 2107 me‚·
1094 2023 1165 2109 egit
1182 2025 1298 2111 itaque
1317 2023 1442 2089 mulier
1457 2046 1498 2091 ex

161 2129 369 2219 pientissimo
384 2132 489 2197 animi
505 2131 629 2198 allecto
644 2140 677 2198 et
699 2132 846 2197 maxima
867 2133 900 2196 in
921 2134 1028 2196 lesum
1049 2130 1240 2196 reverentia
1254 2130 1308 2195 cui
1325 2131 1496 2218 pretiosis-

159 2237 245 2302 sima
260 2260 416 2326 quaeque
433 2238 634 2327 impendere
650 2260 712 2326 pro
727 2239 800 2303 eius
816 2237 984 2322 dignitate
1005 2245 1037 2302 et
1055 2237 1287 2302 aestimatione
1303 2236 1497 2304 nullatenus

160 2340 354 2409 dubitabat.
372 2344 474 2434 tdque
490 2368 530 2411 eo
546 2345 707 2410 libentius
719 2345 886 2432 praestitit
901 2343 994 2431 quod
1009 2365 1048 2408 ex
1059 2343 1189 2408 Domini
1200 2343 1411 2409 sermonibus
1427 2343 1496 2409 iam

159 2448 322 2515 intellexit
347 2451 419 2517 eius
443 2452 476 2516 in
501 2453 600 2517 terris
621 2451 927 2516 commorationem
951 2450 1017 2513 iam
1041 2470 1182 2534 vergere
1202 2449 1245 2513 ad
1267 2449 1381 2515 finem.
1401 2449 1493 2515 ldem

159 2555 273 2622 innuit
290 2562 380 2623 lesus
396 2557 511 2624 dicens
527 2582 557 2622 r.
575 2557 843 2645 temperentia
854 2577 1024 2645 pauperes
1041 2553 1170 2620 habetis
1185 2554 1355 2620 vobiscum
1370 2568 1402 2620 et
1417 2578 1495 2621 cum

157 2663 332 2729 volueritis
348 2665 489 2753 potestis
506 2665 573 2730 illis
593 2664 786 2751 benefacere
794 2686 807 2745 ,·
829 2685 881 2728 me
902 2676 1016 2728 aretem
1037 2685 1104 2727 non
1121 2683 1255 2751 semper
1275 2661 1425 2744 habetis;
1446 2664 1495 2729 ita

158 2772 304 2836 occurrit
320 2771 496 2860 discipulis
509 2793 626 2837 curam
642 2792 833 2860 pauperum
848 2768 1112 2835 obtendentibus
1127 2776 1160 2834 et
1176 2791 1311 2835 omnem
1327 2769 1494 2858 querendi

157 2875 324 2941 rationem
340 2878 381 2942 de
398 2877 603 2943 liberalitate
620 2876 772 2943 mulieris
789 2874 940 2942 funditus
954 2877 1089 2955 evertit,
1108 2875 1189 2941 dum
1208 2883 1323 2942 monet
1337 2877 1364 2940 si
1377 2876 1441 2942 sibi
1457 2877 1493 2942 in

157 3004 298 3070 corpore
315 2984 450 3048 mortali
467 2984 634 3049 exsistenti
656 2983 843 3072 quidquam
860 2982 961 3047 olfieii
983 2983 1144 3047 exhibere
1166 2983 1350 3061 voluerint,
1374 2981 1408 3046 id
1425 2983 1494 3049 cito

157 3110 225 3155 esse
247 3089 491 3177 praestandum
507 3113 583 3154 cnm
605 3111 680 3154 mox
701 3088 744 3154 ah
764 3089 811 3154 eis
827 3087 972 3153 recedat.
995 3093 1064 3153 tam
1085 3089 1162 3176 quis
1177 3110 1280 3173 aegre
1301 3089 1385 3153 leret
1399 3089 1491 3177 quod

156 3196 266 3260 amico
281 3218 424 3284 peregre
441 3197 633 3285 profecturo
650 3196 890 3261 documentum
904 3195 1028 3260 amoris
1044 3201 1076 3259 et
1094 3195 1231 3260 honoris
1247 3194 1430 3262 reddatur‘l
1448 3199 1492 3261 Ea

154 3300 223 3366 iam
242 3302 371 3367 ratione
389 3302 594 3368 satisfactum
614 3323 684 3368 esse
701 3302 818 3367 debuit
834 3302 915 3366 viris
931 3301 1045 3389 probis
1058 3308 1091 3366 et
1104 3305 1211 3366 lesum
1228 3323 1305 3366 vere
1318 3301 1492 3388 diligenti-

154 3407 228 3473 bus.
250 3412 287 3472 Et
302 3409 509 3474 satisfactum
526 3431 607 3474 sane
622 3417 694 3474 erat
711 3409 832 3474 ceteris
846 3414 982 3496 excepto
998 3408 1096 3486 luda,
1112 3408 1171 3496 qui
1188 3430 1256 3473 non
1284 3408 1489 3475 beneficium

153 3535 364 3603 pauperum,
386 3514 444 3579 sed
466 3538 564 3581 sunm
586 3516 720 3580 lucrum
740 3514 926 3603 spectabat.

200 3624 378 3685 Praeterea
402 3622 434 3685 in
463 3644 501 3686 ea
529 3623 688 3686 unctione
712 3643 773 3709 pro
797 3619 989 3685 conditione
1013 3622 1174 3710 temporis
1195 3621 1259 3686 sibi
1281 3645 1350 3687 esse
1372 3622 1490 3688 debito

156 3725 283 3791 honore
304 3734 519 3815 parentatum
543 3727 639 3792 docet
654 3750 684 3791 v.
704 3733 723 3793 8
745 3726 837 3814 quod
852 3724 972 3791 lrabeat
987 3726 1070 3792 leaeo
1082 3727 1165 3814 fecit
1181 3727 1201 3791 i.
1223 3750 1253 3793 e.
1272 3727 1364 3817 quod
1381 3729 1490 3817 potuit

152 3833 335 3921 praestitit;
356 3834 423 3897 tale
447 3833 599 3898 olfieium
625 3835 708 3899 mihi
729 3833 883 3898 exhibuit
903 3832 994 3919 quod
1015 3833 1115 3922 plane
1139 3841 1369 3922 opportunum
1396 3844 1485 3917 erat;

153 3959 232 4003 nam
246 3941 421 4027 praecenit
438 3962 563 4027 arripere
579 3961 699 4027 corpas
716 3961 826 4003 narrem
843 3938 1099 4026 insepultorum
1114 3930 1281 4026 apochassrr
1299 3936 1418 4027 pupieno
1430 3965 1487 4007 ex-

153 4043 243 4132 plica
258 4036 453 4130 epotatio-301
466 4044 602 4131 ἐμύρισεν
616 4045 834 4133 anticipando
852 4046 947 4109 unxit
961 4067 1083 4133 corpus
1099 4066 1211 4111 meum
1232 4053 1267 4111 ut
1283 4048 1366 4113 illud
1385 4071 1486 4136 prae-

152 4160 287 4239 pararet
301 4152 341 4217 ad
357 4154 474 4232 hmus;
493 4152 641 4218 osticium
656 4153 769 4240 itaque
787 4150 878 4238 qnod
892 4173 976 4238 erga
990 4174 1112 4239 eorpus
1125 4174 1239 4217 meum
1254 4160 1328 4242 post
1343 4162 1486 4221 mortem

151 4257 344 4338 exhibitura
359 4267 443 4324 esset
454 4259 478 4323 si
499 4268 566 4324 tum
582 4267 691 4348 posset
704 4298 745 4305 -
758 4263 957 4323 verumtum
970 4280 1034 4324 non
1048 4259 1224 4348 poterit-
1237 4260 1304 4325 iam
1322 4283 1412 4328 nunc
1427 4285 1486 4327 an-

151 4363 316 4451 ticipavit.
341 4369 445 4431 t'erha
463 4367 516 4430 rix
537 4367 678 4431 innuere
696 4364 855 4429 videntur
869 4366 1005 4430 llariam
1027 4386 1145 4431 revera
1163 4376 1377 4452 unguentum
1398 4368 1484 4434 ellu-

150 4467 236 4534 disse
262 4493 359 4536 sacra
381 4472 530 4560 quadam
559 4473 797 4560 praesensione
825 4472 940 4536 mortis
966 4474 1036 4537 lesu
1058 4480 1131 4561 post
1153 4495 1256 4561 quam
1279 4475 1363 4539 forte
1392 4475 1485 4543 nulla

150 4576 265 4641 futura
281 4585 365 4640 esset
388 4581 622 4667 opportunitas
639 4579 737 4642 lunas
758 4577 874 4641 debito
898 4578 997 4642 modo
1015 4578 1216 4643 honorandi.
1235 4583 1390 4647 Ceterum
1406 4582 1485 4649 vide

149 4683 192 4749 ad
209 4684 321 4747 llatth.
341 4691 454 4760 ‘2th
473 4692 578 4773 ttquc
592 4709 653 4774 pro
671 4685 726 4750 illa
741 4684 958 4773 quorundam
976 4686 1237 4774 reprehensione
1255 4687 1387 4753 mulieri
1404 4713 1483 4778 pro-

151 4790 253 4855 mittit
267 4789 401 4855 laudem
413 4800 446 4854 et
459 4794 656 4858 memoriam
670 4814 854 4880 perennem
868 4791 900 4856 in
913 4814 971 4858 sua
982 4793 1143 4871 Ecclesia;
1158 4815 1198 4858 cn
1212 4795 1382 4882 quomodo
1396 4800 1486 4862 lesus

151 4896 257 4961 etiam
274 4896 402 4960 claram
424 4920 501 4962 cum
522 4899 622 4964 lando
641 4899 795 4964 notitiam
813 4905 845 4963 et
865 4899 974 4964 lamae
989 4898 1275 4966 immortalitatem
1294 4903 1401 4988 (euius
1423 4903 1482 4969 ho-

101 5154 242 5320 Ἰ
