3960 5654
364 503 403 562 88
920 521 1010 564 nanc.
1034 502 1064 569 ἓ,
1088 500 1138 558 26.

258 688 260 693 ·
362 652 630 744 pontificissolus
647 649 747 715 refert
763 657 885 720 llarcus
901 655 1025 742 quibus
1042 650 1152 716 verbis
1168 673 1248 719 sane
1259 653 1444 719 censendus
1458 655 1507 718 est
1523 648 1609 715 velle
1625 672 1693 717 non

359 763 469 828 solum
485 760 663 843 designare
685 763 833 848 tempus.
856 760 915 826 sed
934 757 1230 827 etiaminsinnare
1250 758 1283 823 id
1303 758 1429 824 tactum
1448 780 1518 825 esse
1538 756 1597 821 tali
1617 757 1693 822 viro

359 870 494 957 qualem
515 886 549 928 sc
565 863 759 951 praebuerit
779 867 943 931 abiathar
961 862 1108 954 pontifex
1129 866 1268 930 minime
1284 863 1487 954 prohibente
1509 864 1560 930 vel
1580 863 1693 951 impe-

360 974 484 1041 diente.
504 974 538 1035 ln
557 977 571 1035 l
587 975 667 1057 Reg.
683 979 760 1054 ild
780 994 849 1058 seq.
869 972 1015 1037 retertur
1030 970 1248 1038 llcbimelecb
1264 971 1407 1057 quierat
1420 978 1518 1061 pater
1531 969 1695 1038 abiathar

361 1099 464 1166 panes
479 1075 623 1143 dedisse.
645 1084 767 1144 Verum
788 1077 908 1142 codem
931 1085 1081 1164 ternpore
1103 1079 1204 1143 etiam
1227 1076 1390 1143 ,abiathar
1406 1078 1439 1140 in
1458 1079 1549 1143 Nobe
1573 1077 1691 1152 luisse,

359 1184 456 1248 lacile
469 1184 643 1270 colligitur
661 1207 700 1250 cx
718 1192 731 1249 l
752 1189 832 1268 ltcg.
850 1190 1027 1257 tart-20.
1054 1187 1136 1247 Eum
1154 1190 1269 1249 autem
1286 1186 1374 1247 lesus
1394 1184 1566 1264 nominat,
1584 1188 1621 1249 ut
1640 1203 1694 1248 os-

361 1288 476 1355 tendat
491 1300 524 1356 et
542 1301 673 1380 patrem
689 1289 905 1357 alchimelech
931 1291 990 1379 qui
1005 1310 1045 1353 ex
1064 1292 1258 1356 narratione
1275 1288 1433 1354 omuibus
1455 1296 1554 1356 notus
1570 1295 1644 1355 erat
1662 1294 1695 1353 et

358 1395 466 1461 filium
486 1398 651 1463 abiathar
673 1396 732 1483 qui
755 1404 872 1483 postea
901 1394 1018 1461 [laridi
1046 1403 1118 1461 erat
1139 1395 1317 1461 familiaris
1339 1401 1373 1460 et
1394 1395 1531 1461 adiutor
1553 1395 1694 1461 modum

358 1504 482 1589 agendi
506 1503 639 1570 Davidis
653 1502 872 1589 approbasse.
895 1507 996 1567 Vocat
1011 1523 1090 1567 eum
1110 1500 1248 1590 ἀρχιερέα
1266 1501 1320 1567 vel
1342 1522 1380 1567 eo
1400 1500 1504 1567 modo
1521 1523 1589 1589 quo
1610 1511 1696 1567 tem-

358 1632 439 1699 pore
458 1611 582 1675 Christi
605 1607 666 1672 filii
689 1608 889 1697 pontificum
905 1605 1054 1695 άρχιερεῖς
1072 1609 1238 1698 appellari
1261 1608 1414 1675 solebant
1432 1608 1582 1698 (quoties
1603 1607 1694 1674 enim

357 1718 390 1782 in
406 1715 595 1801 evangeliis
616 1715 742 1779 mentio
757 1714 795 1780 tn
809 1715 852 1781 de
873 1715 1088 1804 principibus
1103 1714 1339 1781 sacerdotum?
1362 1715 1438 1781 vide
1460 1737 1548 1803 quae
1568 1713 1637 1780 dixi
1652 1712 1696 1781 ad

357 1823 468 1890 llattlr.
494 1820 566 1905 zi)
593 1821 645 1885 vel
660 1821 741 1909 quia
764 1823 913 1887 occisoa
939 1820 1038 1887 Saule
1063 1828 1162 1911 patre
1184 1843 1324 1888 munere
1341 1821 1400 1887 illo
1416 1820 1511 1911 apud
1534 1819 1695 1887 Davidem

357 1928 566 2014 [ungebatur
584 1927 635 1992 vel
651 1928 749 2015 quia,
768 1935 805 1992 ut
823 1928 897 1993 aliis
913 1927 1039 2014 placet,
1056 1928 1205 1993 vicarius
1221 1929 1326 2015 patris
1346 1927 1583 2017 pontificatum
1597 1948 1696 2012 gere-

359 2036 417 2100 bat
437 2035 549 2121 (Dion.
569 2033 688 2122 Besp.)‚
710 2034 762 2098 rel
782 2036 863 2123 quia
885 2034 1115 2122 principatum
1136 2034 1279 2119 gerebat
1302 2032 1453 2100 familiae
1476 2032 1697 2100 sacerdotalis

357 2163 396 2207 ex
409 2141 579 2205 ltbamare
593 2141 735 2205 aaronis
748 2139 816 2205 filio
830 2138 1030 2229 progenitae
1043 2139 1103 2228 (ita
1118 2143 1229 2219 Patr„
1250 2169 1264 2200 u
1282 2162 1348 2206 non
1362 2141 1452 2205 enim
1467 2139 1560 2206 idem
1573 2160 1699 2204 munus

357 2254 430 2313 erat
445 2268 555 2334 neque
575 2268 710 2334 semper
730 2269 767 2311 ac
788 2247 976 2312 necessario
992 2245 1035 2311 ab
1052 2269 1119 2312 una
1137 2252 1170 2312 et
1185 2245 1303 2312 eadem
1319 2268 1467 2334 persona
1481 2247 1584 2312 simul
1598 2266 1697 2331 gere-

360 2353 460 2419 batur
473 2352 685 2440 pontificatus
698 2360 731 2418 et
746 2353 894 2419 familiae
908 2351 1121 2441 principatus
1139 2371 1168 2430 »;
1182 2353 1224 2420 cl.
1240 2352 1301 2418 lib.
1316 2356 1355 2417 lll
1367 2351 1409 2418 de
1420 2373 1545 2438 evang.
1561 2351 1696 2418 dissert.

358 2465 399 2526 aa
415 2483 450 2525 n.
471 2459 603 2543 :io-lo).

398 2656 564 2727 Quomodo
579 2656 642 2715 dici
658 2656 798 2734 potuerit
816 2654 870 2715 sub
889 2655 1039 2715 Abiutlrur
1057 2659 1197 2734 principe
1215 2654 1400 2716 sacerdotum
1409 2701 1418 2730 ‚
1440 2656 1526 2716 varie
1542 2655 1697 2733 explicare

358 2761 524 2815 conantur.
541 2755 658 2814 Parum
673 2754 836 2832 probabile
855 2761 904 2814 est
920 2761 1045 2831 patrem
1066 2755 1216 2814 etlilium
1238 2753 1336 2814 luisse
1351 2754 1533 2814 binomines
1549 2753 1699 2813 Achime-

359 2853 429 2913 lech
444 2859 475 2913 et
491 2852 640 2912 abiathar
654 2851 727 2930 (qua
742 2853 863 2912 ratione
880 2851 978 2928 aliqui
993 2852 1113 2912 nodum
1129 2853 1251 2912 solvere
1267 2853 1397 2924 volunt3
1411 2851 1450 2912 cl.
1472 2849 1545 2912 Vict.
1562 2850 1697 2929 raupa.

361 2951 442 3009 lans.
462 2952 533 3028 Lap.
552 2950 665 3029 uisa),
684 2968 786 3027 neque
806 2950 883 3010 haec
905 2951 1063 3010 sententia
1084 2949 1186 3009 lulciri
1204 2951 1343 3028 potestt
1362 2950 1438 3029 Reg.
1455 2950 1526 3020 8,ss
1543 2955 1574 3010 et
1594 2952 1609 3009 l
1627 2951 1698 3009 Par.

362 3049 452 3120 tato
468 3057 498 3107 ct
515 3049 601 3118 ‘ll‚6;
619 3065 694 3106 nam
710 3048 797 3107 hisce
817 3048 895 3107 locis
911 3071 926 3101 «
944 3049 1062 3108 rectius
1081 3047 1168 3108 hunc
1183 3047 1387 3108 Achimelech
1407 3048 1578 3109 statuimus
1594 3047 1697 3107 lilium

361 3147 429 3206 cius
448 3145 598 3205 Abiathar
609 3146 664 3221 qui
679 3145 717 3204 ad
734 3145 884 3205 Davidem
901 3145 1069 3223 transfugit
1083 3151 1115 3205 et
1128 3150 1284 3224 nepotem
1300 3146 1491 3223 antiquioris
1505 3145 1592 3205 illius
1605 3145 1696 3205 Achi-

363 3243 483 3303 melech
500 3241 528 3321 (l
554 3245 627 3320 lleg.
647 3243 747 3320 2l‚l);
764 3260 867 3319 neque
891 3249 938 3302 est
955 3261 1012 3303 cur
1025 3243 1222 3321 argumentis
1243 3244 1419 3321 probemus
1439 3243 1581 3321 potuisse
1596 3259 1696 3321 nepo·

364 3349 428 3401 tem
442 3342 493 3401 avi
509 3342 638 3401 nomine
649 3341 754 3402 vocari
767 3339 789 3411 ⁴,
805 3359 880 3400 cnm
896 3341 982 3419 apud
998 3341 1130 3400 ludaeos
1147 3340 1317 3401 infantium
1330 3342 1492 3401 nominee
1508 3341 1696 3420 cognatione

362 3440 608 3499 desumerentur
622 3440 697 3498 Luc.
715 3442 801 3510 tut:
819 3456 923 3516 neque
943 3439 1169 3518 chronologica
1187 3438 1359 3499 difficultas
1379 3441 1499 3510 obstat,
1515 3456 1593 3500 cum
1607 3438 1697 3518 igno·

365 3554 471 3597 remus
486 3554 547 3614 qua
563 3541 664 3597 aetate
685 3537 834 3597 dbiathar
850 3537 959 3598 Davidi
977 3554 1009 3597 se
1032 3537 1186 3608 iunxerit3
1204 3539 1309 3614 potuit
1324 3539 1351 3596 is
1370 3555 1439 3597 esse
1454 3537 1662 3616 grandaevior
1681 3560 1695 3590 u

366 3636 416 3712 (de
430 3634 648 3695 Hummetauar
666 3634 705 3694 ad
725 3637 743 3693 2
762 3638 835 3713 Reg.
853 3635 949 3714 817).
969 3637 1136 3696 Praeterea
1160 3635 1232 3695 Vict.
1255 3633 1383 3713 Tteopli.
1410 3636 1505 3696 etiam
1526 3635 1618 3694 aliter
1632 3651 1700 3694 rem

367 3733 539 3811 expediunt
555 3739 721 3792 monentes
737 3733 922 3793 ilbimelech
940 3733 997 3813 (ita
1012 3734 1099 3792 enim
1115 3732 1239 3812 legunt)
1257 3733 1358 3793 solum
1379 3733 1486 3794 vocari
1503 3733 1700 3793 sacerdotem

368 3833 400 3890 in
416 3832 496 3890 libro
517 3833 651 3908 Regum,
669 3830 817 3890 Abiatbar
832 3835 942 3890 autem
964 3831 1026 3890 dici
1042 3831 1225 3908 pontificem
1239 3849 1258 3890 a
1272 3830 1412 3902 Christo,
1430 3837 1525 3908 atque
1542 3831 1572 3890 id
1586 3829 1699 3891 discri-

369 3947 443 3989 men
465 3930 535 3987 1111.
556 3946 683 4006 quoque
703 3946 740 3988 eo
762 3928 793 3987 in
810 3946 834 3987 s.
857 3928 971 3988 litteris
990 3928 1123 3988 indicari
1138 3935 1247 3989 censet
1262 3929 1349 4006 quod
1370 3929 1550 3989 sacerdotes
1569 3947 1587 3988 a
1604 3927 1699 3988 Saule

371 4029 578 4105 interemptos
594 4044 752 4098 essenon
767 4032 875 4087 autem
890 4027 1087 4104 pontificem,
1102 4025 1246 4087 retertur.
1264 4028 1335 4098 atii,
1349 4027 1395 4087 uti
1414 4028 1486 4086 Bed.
1505 4025 1585 4097 Alb„
1603 4026 1703 4086 nomi·

370 4127 435 4184 nari
454 4126 605 4184 Abiatlrar
624 4125 805 4183 existimant
825 4124 900 4202 quia
920 4125 1050 4184 maioris
1065 4115 1269 4186 excellentiae
1286 4143 1380 4202 quam
1396 4129 1485 4204 pater
1498 4125 1629 4185 allectus
1645 4123 1697 4194 sit,

370 4223 488 4301 quippe
505 4224 557 4300 qui
578 4223 673 4283 luerit
686 4239 794 4282 comes
811 4222 937 4282 Doridis
952 4223 1070 4283 exsulis
1086 4228 1117 4282 et
1132 4227 1241 4300 postea
1255 4228 1408 4302 regnante
1422 4221 1520 4282 David
1535 4222 1700 4300 pontifica-

371 4327 437 4379 tum
453 4322 597 4399 gesserit.
615 4321 675 4380 Alii
692 4327 803 4399 putant
827 4322 963 4380 Marcum
980 4338 1050 4380 rem
1068 4321 1109 4381 ita
1124 4321 1268 4381 retulisse
1290 4322 1334 4381 uti
1351 4321 1457 4381 ludaei
1474 4321 1562 4380 illam
1579 4336 1702 4380 narrare

371 4421 592 4479 consueverint
610 4421 665 4497 qui
691 4419 755 4479 scil.
783 4418 935 4478 nbiatbar
956 4436 1029 4479 cum
1053 4437 1069 4479 e
1092 4419 1186 4479 caede
1210 4419 1411 4480 sacerdotum
1432 4419 1534 4479 salvus
1552 4419 1703 4478 evasisset

407 4628 426 4670 1.
445 4624 472 4670 lu
490 4622 699 4685 inscriptiouilurs
715 4623 861 4672 l‘boruiciar.
877 4621 944 4671 baud
960 4636 1017 4670 raro
1033 4621 1141 4671 inveniri
1157 4636 1213 4671 eum
1230 4636 1303 4670 usum
1317 4635 1368 4686 quo
1382 4636 1460 4685 nepos
1475 4622 1577 4671 nomine
1592 4620 1702 4683 appelle-

374 4709 414 4749 tur
433 4704 474 4750 art
494 4717 592 4751 turcinu
607 4704 806 4752 corniuunicarit
822 4709 948 4758 Zeruror,·
967 4702 1083 4764 exempla
1098 4703 1225 4751 habentur
1242 4702 1353 4767 inopere
1367 4722 1372 4752 :
1392 4704 1491 4766 Corpus
1508 4701 1702 4764 inscriptionum

374 4783 543 4830 suluticaruiu
570 4781 602 4830 ab
628 4783 755 4832 acarleuiia
777 4784 974 4845 inruptionem
994 4787 1019 4831 et
1039 4782 1181 4831 litterarum
1203 4784 1384 4833 humaniorum
1410 4783 1542 4832 conditum
1561 4788 1639 4847 atque
1662 4781 1703 4831 di·

374 4866 482 4922 grsturn,
496 4877 552 4924 pars
566 4864 574 4909 l
588 4863 658 4910 (tom.
682 4869 700 4920 1,
715 4865 817 4913 Parisiis
832 4871 885 4913 1831
898 4886 903 4921 ;
916 4869 1005 4914 tonat
1027 4866 1095 4922 18110)
1111 4862 1276 4924 inscriptione
1291 4878 1315 4913 n.
1331 4868 1345 4911 3
1361 4880 1385 4927 p.
1399 4869 1441 4922 ¹73
1458 4878 1482 4912 n.
1500 4867 1513 4911 7
1530 4877 1553 4925 p.
1569 4867 1613 4922 3ος
1630 4877 1654 4912 n.
1671 4866 1701 4912 tt

375 4958 396 5004 p.
411 4948 455 4997 b&
469 4959 492 4990 u.
510 4947 549 4990 93.
564 4948 602 4991 st.
618 4947 670 4991 tit.
689 4950 740 4993 180.
760 4950 811 4994 tta.
833 4950 883 4994 181.
900 4950 954 4993 201,
972 4948 1028 4993 ola.
1042 4948 1097 4993 660.
1116 4947 1160 4994 ott
1176 4947 1224 4992 rte.
