3960 5654
184 463 243 522 ³12
727 480 816 522 6666.
842 461 890 525 lt,
915 459 980 518 1-9.

184 613 341 688 retertur,
363 617 399 673 ut
421 607 501 672 inde
528 611 625 696 quasi
651 634 669 677 6
693 612 830 701 specula
853 608 950 673 vinea
976 611 1201 690 custodiatur;
1231 632 1337 698 quare
1361 606 1515 675 doctores

183 726 217 786 et
236 724 384 806 pastores
404 736 487 801 quos
514 718 640 804 populo
668 718 818 807 providit
839 714 986 799 intelligi
1011 724 1159 805 possunt.
1185 716 1250 780 Alii
1275 714 1444 803 templum
1460 737 1515 779 ex-

183 825 314 914 plicant
340 820 441 906 (Vict.
468 820 612 911 Tlreoplz.
638 829 690 891 Ps.
722 825 815 890 Hier.
846 820 963 908 Bcd.);
988 822 1096 889 lacum
1119 822 1221 898 lodit;
1248 825 1306 910 qui
1328 820 1449 889 turrim
1473 819 1515 885 de

182 928 310 1015 templo
328 927 519 1014 accipiunt,
544 932 693 996 torcular
720 931 762 995 de
786 927 885 994 altari
906 928 1091 1015 explicant,
1121 931 1156 993 in
1184 948 1253 1014 quo
1282 929 1422 1015 sanguis
1443 928 1516 991 vic-

184 1035 343 1098 timarum
365 1033 616 1102 effundebatur.
641 1038 735 1102 Brevi
757 1032 937 1099 dicendum
959 1034 1022 1098 erit
1052 1035 1231 1101 Dominum
1257 1034 1374 1101 sedulo
1401 1033 1517 1099 omnia

183 1138 367 1228 providisse
401 1141 527 1228 quibus
559 1143 766 1231 prosperitas
799 1139 932 1227 populi.
968 1143 1094 1226 pietas,
1121 1139 1212 1205 salus
1244 1146 1514 1226 promoveretur.

182 1243 298 1308 Coloni
324 1254 402 1312 sunt
428 1254 460 1313 et
486 1250 557 1336 ipse
584 1247 729 1337 populus
755 1250 788 1309 61
812 1247 1014 1334 praeprimis
1040 1267 1198 1335 proceres
1220 1251 1253 1310 61
1280 1245 1450 1326 (16616665;
1478 1267 1517 1310 66

184 1350 274 1439 quod
304 1352 405 1418 herus
437 1354 563 1421 dicitur
584 1373 727 1441 peregre
747 1351 885 1430 abiisse,
915 1353 1005 1418 baud
1032 1355 1220 1436 incongrue
1252 1351 1440 1436 significari
1469 1353 1517 1417 ait

189 1457 269 1523 Vici.
294 1462 472 1525 [lominum
488 1460 687 1525 concessisse
708 1463 862 1547 tempora
877 1459 921 1523 ad
943 1459 1072 1524 tructus
1089 1457 1297 1537 afferendos,
1317 1458 1399 1522 vel«
1421 1457 1517 1523 abire

183 1562 328 1642 videtur,
362 1573 398 1631 ut
428 1564 628 1630 vinitoribus
667 1563 812 1629 liberum
847 1565 1011 1653 operandi
1042 1563 1224 1629 arbitrium
1254 1563 1468 1650 derelinquat
1499 1591 1515 1622 o

184 1669 323 1759 (Bedu);
345 1672 404 1737 sed
426 1674 539 1758 inepte
561 1669 707 1758 explicat
729 1671 802 1737 Coi.
831 1672 926 1736 illam
952 1671 1195 1760 protectionem
1221 1671 1263 1736 de
1286 1669 1518 1736 subtractione

182 1779 326 1864 gratiae.
351 1783 471 1842 Servos
498 1797 584 1863 quos
606 1777 698 1840 misit
723 1776 825 1842 herus
850 1780 969 1843 merito
995 1776 1193 1862 intelligunt
1223 1777 1409 1866 prophetas
1435 1797 1519 1864 quos

184 1887 269 1948 [leus
302 1884 435 1948 mittere
467 1880 593 1970 populo
624 1904 689 1946 non
725 1883 867 1948 cessavit
899 1890 932 1948 et
965 1906 1025 1972 per
1055 1905 1141 1970 quos
1166 1884 1331 1971 populum
1359 1884 1457 1947 toties
1476 1880 1519 1946 ad

184 1989 358 2054 meliorem
385 1990 521 2072 frugem
549 1988 711 2053 reducere
736 1990 936 2055 conabatur.
959 1995 1021 2054 Ter
1047 1990 1173 2055 misisse
1195 1988 1332 2065 dicitur,
1355 1989 1404 2052 uti
1425 1987 1519 2053 simi-

184 2094 262 2160 liter
280 2094 322 2159 de
341 2094 487 2159 liculnea
506 2096 728 2182 conqueritur
751 2115 758 2159 :
781 2117 859 2160 ecce
879 2096 959 2161 anni
981 2102 1048 2160 tres
1068 2101 1144 2161 sunt
1162 2117 1201 2160 ex
1217 2117 1285 2183 quo
1303 2095 1400 2159 venio
1419 2115 1521 2181 quae·

185 2222 262 2267 rens
282 2200 429 2266 lructum
451 2202 484 2264 in
505 2200 650 2266 ficulnea
667 2202 731 2266 hac
748 2207 782 2267 et
801 2224 866 2266 non
883 2203 1020 2267 invenio
1037 2201 1128 2287 (Luc.
1154 2207 1247 2281 13,7;
1273 2198 1382 2287 Viae).
1407 2200 1520 2287 Aliqui

183 2307 358 2396 applicant
385 2306 428 2371 ad
457 2307 521 2372 tria
555 2317 724 2396 tempora,
754 2308 797 2372 ad
825 2315 958 2395 tempus
986 2309 1093 2388 Eliae‚
1121 2310 1202 2373 0566
1228 2314 1261 2372 61
1288 2306 1410 2386 Isaiae,
1445 2311 1522 2371 Eze-

185 2413 304 2479 chielis
326 2420 359 2478 et
388 2415 532 2479 Danielis
565 2414 668 2501 (Vici.
701 2413 880 2501 Theopb.);
913 2416 965 2479 vel
994 2413 1036 2479 ad
1057 2423 1191 2502 tempus
1221 2415 1341 2499 Moysi,
1371 2411 1520 2490 Davidis,

185 2520 328 2586 aliorum
361 2521 609 2608 prophetarum
647 2519 742 2607 (lled.
776 2521 882 2604 .›‘llb.);
915 2520 949 2585 id
981 2519 1075 2608 quod
1102 2518 1329 2585 necessarium
1365 2539 1432 2583 non
1460 2525 1519 2584 est.

185 2629 339 2692 Ceterum
365 2628 549 2715 prophetas
574 2628 735 2692 continuo
764 2650 782 2692 a
809 2631 874 2692 [leo
894 2649 964 2692 esse
987 2627 1104 2691 missos
1126 2626 1322 2714 frequenter
1342 2647 1368 2690 s.
1392 2625 1523 2690 litterae

186 2739 352 2799 testantur
382 2734 433 2816 (el.
464 2737 524 2798 ler.
560 2740 651 2811 ’1,13.
681 2740 742 2813 ‘253
776 2741 869 2813 1153
896 2740 996 2813 ‘25‚3;
1025 2739 1120 2813 2653
1143 2738 1262 2813 29‚19;
1285 2736 1403 2814 35,1t;
1429 2738 1520 2811 11,1.

187 2841 239 2906 Os.
258 2844 327 2913 6,5.
347 2847 419 2903 llm.
446 2846 520 2909 2,ss
546 2842 627 2926 etc.)
643 2862 754 2928 neque
776 2842 887 2905 minus
909 2841 1052 2905 refertur
1068 2845 1151 2928 quot
1170 2838 1319 2918 iniuriis,
1347 2844 1523 2903 contume-

120 3007 122 3012 .
187 2943 241 3009 liis
271 2944 396 3009 luerint
424 2945 548 3010 obiecti
572 2954 604 3010 et
631 2947 763 3033 quoties
792 2946 947 3011 homines
975 2947 1126 3011 scelerati
1156 2945 1196 3010 iis
1220 2946 1469 3033 persecutiones
1492 2949 1525 3009 et

190 3058 331 3115 mortem
358 3051 552 3129 intulerint;
574 3051 618 3116 el.
646 3056 769 3136 3lleg.
796 3058 911 3131 18,13;
938 3059 1031 3131 111,3;
1055 3057 1168 3129 11237.
1193 3055 1211 3115 l
1234 3056 1313 3136 Reg.
1337 3057 1434 3128 6,31;
1453 3058 1522 3125 9,7.

189 3161 511 3234 6666361666.
536 3163 1227 3236 63616166(),1;66,11;31,ι1616.

235 3269 268 3328 16
289 3286 319 3328 v.
343 3270 495 3329 6661616
519 3264 598 3353 ipsis
619 3264 730 3330 verbis
751 3287 852 3329 66666
869 3262 983 3350 filium
1003 3263 1121 3329 liuhur't
1143 3264 1304 3329 dilectum
1325 3262 1527 3351 exprimitur

191 3377 319 3460 quanto
345 3393 459 3435 aurore
487 3375 571 3435 [leus
597 3373 697 3436 Pater
724 3372 845 3437 Filium
879 3392 978 3437 suum
1007 3371 1169 3437 dilectum
1200 3371 1256 3459 (el.
1289 3371 1403 3436 llatth.
1433 3376 1524 3447 3‚17.

192 3481 287 3542 llarc.
321 3485 409 3554 1,11.
445 3482 522 3543 luc.
545 3480 639 3563 323)
663 3479 791 3543 miserit
814 3478 1022 3543 adsalutem
1052 3478 1182 3566 populi.
1215 3482 1250 3543 ln
1276 3478 1388 3542 verbis
1404 3475 1459 3540 liic
1480 3488 1528 3542 est

193 3582 287 3648 beves
310 3584 408 3671 culpa
440 3583 633 3649 declaratur
659 3606 839 3672 procerum
866 3586 924 3672 qui
944 3590 992 3649 tot
1018 3585 1217 3649 testimoniis
1239 3607 1258 3650 a
1290 3588 1414 3649 loanne
1441 3582 1528 3648 datis

195 3690 434 3776 miraculisque
462 3712 481 3753 a
510 3694 580 3755 lesu
610 3691 750 3778 patratis
777 3712 981 3775 cognoscere
1005 3690 1177 3755 debebant
1202 3693 1310 3755 lesum
1340 3711 1410 3754 esse
1434 3688 1528 3754 Chri·

195 3804 295 3861 stum.
321 3796 540 3878 significatur
566 3797 741 3861 consilium
773 3799 891 3862 mortis
915 3799 946 3862 ei
971 3796 1167 3862 inserendae
1188 3796 1280 3885 quod
1312 3797 1378 3861 iam
1408 3818 1528 3861 conce-

197 3910 321 3991 perunt
341 3904 445 3989 (loun.
475 3905 589 3988 lt‚50)
613 3911 646 3967 et
670 3904 770 3968 simul
794 3904 895 3990 quma
923 3902 1140 3968 commodum
1162 3903 1227 3968 sibi
1258 3925 1297 3968 ex
1322 3903 1394 3967 eius
1420 3911 1528 3968 morte

199 4011 416 4098 promiserint
440 4015 577 4075 :nostra
596 4011 661 4073 erit
681 4009 868 4085 hereditas,
899 4017 934 4073 ut
955 4009 1025 4075 scil.
1049 4009 1112 4098 ipsi
1140 4010 1173 4073 16
1196 4032 1256 4075 566
1285 4009 1363 4074 sede
1392 4016 1424 4073 61
1451 4031 1529 4074 666·

199 4117 332 4181 16611616
364 4125 523 4181 maneant
549 4124 581 4180 et
605 4115 796 4181 dominium
831 4117 862 4180 in
891 4115 1055 4204 populum
1083 4116 1251 4181 retineant
1271 4116 1329 4202 (cl.
1355 4120 1445 4180 loan.
1475 4122 1527 4190 11,

200 4228 266 4305 18).
300 4226 333 4286 16
356 4247 384 4287 v.
413 4231 544 4288 ttmors
564 4223 687 4287 Christi
715 4225 858 4288 maxime
887 4223 1112 4307 ignominiosa
1133 4223 1362 4307 significatum
1391 4224 1424 4286 in
1452 4244 1485 4286 v.
1510 4229 1529 4287 t)

199 4350 277 4392 vero
298 4329 481 4394 destructio
498 4331 591 4394 urbis
609 4336 642 4394 et
665 4330 782 4417 templi
805 4336 838 4394 et
856 4330 1015 4395 transitus
1044 4331 1140 4415 regni
1161 4332 1217 4395 Dei
1238 4328 1282 4394 ad
1297 4335 1427 4414 gentes.
1446 4331 1529 4392 Cum

202 4435 350 4500 Christus
368 4436 466 4500 toties
486 4444 587 4524 atque
606 4436 690 4501 adeo
709 4436 802 4500 clare
820 4442 962 4501 mortem
978 4458 1074 4501 suam
1096 4435 1322 4523 praedixerit.
1346 4433 1528 4498 ridiculum

200 4542 353 4627 estquod
384 4544 485 4607 ll'eiss
504 4544 622 4608 statuit
641 4544 675 4607 in
700 4565 731 4607 v.
757 4549 775 4605 7
802 4549 835 4606 et
861 4549 880 4607 8
903 4542 1145 4624 evangelistam
1171 4564 1208 4606 ex
1238 4548 1360 4606 eventu
1388 4547 1420 4605 et
1441 4547 1529 4606 sorte

200 4647 321 4711 Christi
352 4651 481 4735 priseae
507 4649 691 4736 parabolae
728 4649 873 4714 multum
906 4649 1107 4737 simpliciori
1141 4647 1310 4713 addidisse
1342 4647 1530 4735 amplifica-

200 4753 336 4818 tionem.

245 4862 405 4925 l'arubula
427 4862 537 4928 duxit.
569 4870 603 4926 ut
626 4864 697 4930 Coi.
732 4864 829 4939 dicit,
860 4885 966 4952 usque
990 4864 1033 4928 ad
1051 4862 1247 4927 vindictam.
1271 4861 1416 4926 audiun
1436 4883 1528 4927 nunc
