3960 5654
896 343 985 387 nnnc.
1012 329 1060 399 tr,
1085 330 1191 392 tait.
1652 327 1712 386 299

380 497 468 565 quae
483 475 642 545 tamenin
664 475 819 544 frondem
835 482 1052 565 praemature
1068 479 1242 546 luxurians
1258 499 1419 564 magnam
1440 477 1624 544 fertilitatis
1637 498 1711 566 spe-

379 584 464 650 ciem
483 604 564 673 prae
584 603 617 646 se
638 582 777 651 ferebat.
803 581 897 658 Quod
922 585 1079 672 sequitur
1099 608 1166 651 noa
1186 585 1277 650 enim
1302 597 1375 650 erat
1392 596 1523 671 tempus
1545 584 1708 671 ficorum,

380 690 477 755 multi
497 690 539 754 ita
555 689 722 777 explicant
742 695 777 754 ut
792 688 878 752 ratio
895 688 1072 771 afferatur,
1092 714 1154 756 cur
1175 712 1241 756 non
1262 691 1432 757 invenerit
1450 689 1514 754 nisi
1531 690 1629 770 folia;
1651 688 1709 756 sed

379 795 613 882 designatione
635 796 797 884 temporis
819 793 930 862 solum
950 797 1139 883 significari
1163 804 1274 886 potest
1296 796 1380 862 alias
1401 797 1540 861 arbores
1556 795 1706 862 nondum

381 908 565 968 maturasse
581 902 728 978 fruetuS,
752 922 831 966 cum
849 907 964 968 tamen
992 904 1076 968 haec
1103 903 1194 968 loliis
1216 905 1335 969 vestita
1362 901 1506 991 speciem
1531 901 1712 968 fertilitatis

380 1028 461 1096 prae
477 1029 511 1072 se
527 1007 645 1089 ferret;
662 1007 715 1074 vel
735 1029 796 1072 cur
811 1029 877 1073 non
893 1009 1069 1074 adfuerint
1088 1008 1170 1075 ficus
1191 1031 1374 1099 praecoces
1394 1030 1519 1098 eaeque
1539 1014 1707 1088 maturae,

380 1135 488 1200 neque
518 1122 628 1181 tamen
654 1136 715 1181 cur
734 1112 820 1179 nihil
844 1116 1014 1182 invenerit
1039 1117 1101 1181 nisi
1130 1115 1222 1181 folia.
1253 1122 1353 1182 l‘orro
1385 1116 1411 1181 si
1432 1116 1600 1180 sententia
1626 1114 1711 1180 haec

379 1219 524 1286 refertur
541 1222 652 1287 solum
670 1219 713 1284 ad
733 1220 821 1286 nibil
832 1221 979 1300 inuenit,
997 1221 1122 1288 mirum
1139 1221 1274 1287 videtur
1289 1243 1351 1286 cur
1368 1226 1457 1287 lesus
1475 1221 1653 1286 accesserit
1666 1219 1710 1285 ad

378 1325 534 1393 arborem
550 1348 717 1416 quaerens
737 1327 903 1407 fructum,
923 1350 1002 1393 eum
1024 1335 1139 1394 tamen
1159 1351 1229 1393 non
1250 1334 1336 1393 esset
1353 1335 1487 1416 tempus
1503 1326 1660 1408 ficorum,
1678 1331 1711 1391 et

378 1435 485 1521 magis
499 1435 601 1500 etiam
624 1434 748 1498 mirum
767 1456 830 1498 cur
848 1432 988 1500 tandem
1006 1434 1124 1500 arbori
1145 1434 1377 1515 maledixerit,
1396 1456 1483 1522 quae
1502 1434 1529 1497 si
1550 1455 1619 1498 non
1636 1437 1711 1499 erat

378 1545 509 1627 tempus
533 1538 672 1604 ficorum
690 1541 792 1605 etiam
813 1561 881 1605 non
897 1541 1010 1629 potuit
1034 1540 1163 1606 habere
1181 1541 1342 1607 fructum.
1366 1539 1445 1605 lnde
1465 1540 1595 1605 occasio
1611 1543 1710 1628 capta

377 1653 427 1711 est
441 1645 633 1733 explicandi
646 1645 830 1735 discipulos
845 1668 883 1711 ex
898 1668 1034 1712 accessu
1048 1647 1170 1712 Christi
1184 1647 1227 1712 ad
1243 1646 1403 1712 arborem
1419 1645 1622 1711 conclusisse
1638 1647 1710 1711 eius

377 1753 520 1817 esuriem
543 1758 575 1817 ct
594 1751 801 1818 desiderium
814 1752 1013 1818 inveniendi
1029 1753 1191 1818 fructum.
1209 1752 1276 1818 Alii
1291 1753 1460 1841 putabant
1472 1751 1628 1818 additum
1639 1772 1709 1817 esse

380 1860 442 1924 hoe
462 1859 504 1923 ab
519 1859 745 1944 evangelista,
760 1860 879 1948 utipsa
894 1860 1058 1948 temporis
1075 1861 1205 1926 ratione
1219 1858 1483 1925 admoneremur
1497 1858 1608 1924 statim
1627 1857 1710 1924 haec

377 1966 464 2031 lacta
476 1987 577 2031 essea
593 1965 725 2031 Christo
741 1965 775 2030 in
794 1966 974 2052 mysterio,
997 1988 1075 2032 cum
1096 1965 1237 2032 evidens
1254 1974 1339 2032 esset
1354 1987 1430 2031 eum
1450 1987 1518 2032 non
1534 1965 1708 2051 ignorasse

376 2071 411 2136 id
426 2072 516 2160 quod
528 2093 645 2137 omnes
659 2072 812 2138 sciebant
827 2082 860 2137 et
872 2071 1018 2161 proinde
1034 2074 1136 2138 ctiam
1153 2094 1231 2138 eum
1242 2093 1310 2139 non
1324 2071 1499 2138 accessisse
1511 2078 1548 2136 ut
1560 2071 1707 2136 fructum

376 2183 569 2266 quaereret,
587 2178 645 2244 sed
667 2186 773 2244 totam
791 2179 961 2244 actionem
980 2201 1051 2246 esse
1066 2201 1157 2245 mere
1170 2178 1394 2266 symbolicam
1412 2177 1469 2265 (cf.
1495 2178 1565 2243 Coi.
1588 2176 1706 2264 lares).

377 2285 439 2350 atii
457 2285 490 2349 id
504 2286 655 2351 referunt
674 2285 718 2351 ad
737 2293 843 2351 totam
864 2287 1071 2352 sententiam
1087 2285 1363 2366 antecedentem,
1379 2284 1426 2350 ita
1441 2284 1581 2373 quidem
1596 2290 1634 2350 ut
1648 2283 1708 2349 de·

375 2391 524 2456 claretur
543 2414 603 2456 eur
619 2391 770 2456 Christus
785 2414 926 2458 cernens
942 2392 1102 2459 arborem
1120 2392 1306 2459 habentem
1321 2391 1402 2457 folia
1418 2413 1438 2456 a
1457 2393 1511 2457 via
1531 2390 1707 2456 declinans

375 2497 419 2562 ad
434 2520 508 2563 eam
528 2498 719 2578 accesserit;
746 2520 824 2564 cnm
849 2499 940 2564 enim
967 2521 1035 2564 non
1062 2506 1148 2565 essct
1164 2504 1300 2587 tempus
1322 2497 1462 2564 ficorum
1478 2508 1512 2563 ct
1530 2496 1632 2563 arbor
1651 2495 1710 2563 illa

377 2605 596 2670 nihilominus
607 2604 773 2692 praealiis
785 2605 853 2670 iam
864 2605 1054 2694 plurimum
1068 2604 1315 2686 frondesceret,
1329 2626 1522 2694 supponere
1539 2624 1709 2693 quemque

377 2713 448 2776 iure
471 2711 616 2798 potuisse
639 2711 782 2799 reperiri
806 2711 953 2792 fructus;
972 2734 1080 2800 quare
1103 2712 1220 2777 afferri
1242 2712 1409 2777 rationem
1432 2733 1492 2777 cur
1515 2715 1602 2777 lesus
1616 2731 1709 2776 more

377 2818 557 2883 hominum
573 2822 709 2883 externe
729 2827 833 2904 agens
848 2819 891 2884 ad
908 2841 984 2885 eam
1004 2818 1155 2907 adierit(
1180 2819 1202 2885 f.
1226 2817 1374 2907 Setepp,
1391 2816 1544 2897 Selene,
1562 2815 1643 2898 Fz'l.‚·
1659 2815 1709 2883 uti

377 2924 442 2989 iam
460 2924 592 3012 accepit
612 2946 684 2990 rem
698 2923 865 3012 Lz‘pttsoot
880 2924 925 2990 ad
941 2924 1056 2991 Matth.
1075 2925 1204 3013 anto).

418 3139 506 3198 llisce
522 3138 625 3198 rcrbis
642 3139 764 3216 ingenia
781 3139 991 3215 interpretum
1008 3139 1182 3218 plurimum
1199 3140 1439 3199 exercebantur.
1456 3138 1559 3209 Quare
1576 3137 1710 3215 explica-

377 3238 477 3297 tiones
491 3242 537 3294 sat
550 3236 667 3296 multae
684 3236 822 3315 prolatae
838 3241 912 3296 sunt
927 3255 935 3297 :
953 3237 1007 3297 illo
1023 3255 1105 3297 anno
1123 3255 1239 3315 paucas
1255 3238 1353 3297 fuisse
1369 3237 1457 3306 fieus,
1476 3260 1489 3287 «ι
1506 3253 1609 3313 neque
1625 3236 1710 3295 enim

376 3341 442 3394 erat
459 3339 630 3410 tempestas
651 3333 704 3392 illa
725 3333 847 3393 ficubus
868 3334 1034 3394 abundans
1052 3360 1065 3387 »
1083 3333 1293 3411 (Hammond,
1308 3333 1464 3402 Clericus,
1487 3333 1610 3391 Novum
1624 3331 1708 3391 Test.

376 3432 516 3492 Francos.
538 3434 612 3490 tm
626 3449 656 3508 p.
676 3431 755 3507 tao),
773 3431 909 3509 ideoque
926 3432 1049 3491 nullam
1065 3448 1196 3509 prorsus
1213 3435 1310 3492 ticum
1327 3448 1385 3490 nec
1401 3435 1558 3491 maturam
1575 3446 1632 3489 nec
1648 3430 1709 3489 im·

377 3535 531 3589 maturam
554 3535 709 3606 repertam
728 3545 811 3600 csse3
834 3530 882 3589 rel
905 3529 1011 3590 locum
1032 3546 1095 3588 non
1119 3530 1214 3589 fuisse
1237 3522 1365 3606 aptum;
1392 3529 1440 3588 vel
1465 3527 1710 3607 interrogatione

377 3628 479 3706 posita
496 3647 501 3686 :
521 3644 623 3687 nonne
638 3627 721 3685 enim
740 3633 865 3703 tempus
881 3632 948 3686 erat
966 3627 1110 3687 ficuum?
1125 3627 1172 3687 vel
1188 3627 1250 3686 alia
1265 3626 1401 3687 lectione
1419 3626 1568 3703 adoptata
1586 3643 1592 3684 :
1612 3614 1642 3680 ot
1659 3623 1712 3702 γὰρ

375 3716 419 3794 ἦν,
436 3724 525 3802 καιρὸς
542 3729 641 3796 συκῶν,
659 3724 711 3783 ubi
733 3725 818 3783 enim
834 3725 911 3795 fuit,
929 3726 960 3784 h.
978 3741 1006 3784 e.
1030 3726 1117 3784 iuxta
1135 3723 1304 3785 Ierusalem
1321 3729 1353 3784 et
1372 3724 1410 3783 ad
1428 3731 1569 3783 montem
1589 3722 1709 3791 oliveti,

377 3830 501 3900 tempus
521 3829 585 3882 erat
608 3823 723 3882 ficuum
744 3823 792 3881 rel
814 3822 1025 3899 tempestivae
1047 3841 1083 3882 ae
1105 3827 1247 3882 maturae
1273 3827 1362 3881 crant
1383 3823 1461 3882 ficus
1481 3821 1532 3894 tcf.
1561 3821 1712 3897 Synopsis

376 3920 475 3980 critic.
496 3922 531 3980 lV
548 3940 577 3998 p.
602 3920 689 3998 ²198);
707 3920 755 3980 rel
774 3920 917 3980 nondum
939 3926 1006 3980 erat
1025 3920 1140 3979 messis
1161 3922 1311 3992 ficorum;
1328 3920 1381 3979 alii
1401 3919 1495 3978 verba
1516 3920 1591 3978 haec
1606 3918 1711 3978 delere

375 4020 538 4089 roteliant3
560 4019 610 4077 alii
628 4035 697 4079 csse
713 4019 850 4095 glossam
864 4018 1037 4079 absurdam
1054 4023 1114 4078 etc.
1132 4018 1172 4077 cf.
1199 4017 1305 4077 tl'eisr.

421 4210 502 4270 Cum
523 4207 636 4294 itaque
659 4207 763 4271 arhor
776 4225 869 4294 spem
889 4227 995 4295 quam
1015 4205 1104 4272 foliis
1121 4206 1190 4271 suis
1211 4202 1433 4292 promittebat
1456 4202 1604 4278 falleret,
1625 4205 1715 4267 lesus

376 4336 407 4378 r.
429 4320 465 4378 lt
481 4310 683 4399 respondens
696 4311 783 4377 dixit
797 4311 853 4377 ei:
873 4311 944 4376 iarn
964 4334 1034 4377 non
1046 4311 1196 4400 carptim·
1211 4312 1248 4376 in
1259 4323 1436 4376 oeternum
1458 4332 1499 4374 ee
1516 4310 1709 4395 refractum

375 4420 555 4508 prrispuour
576 4417 777 4500 mmrdncet‚·
792 4419 851 4508 qui
869 4417 1031 4506 loquendi
1049 4418 1171 4484 modus
1190 4417 1288 4483 etad
1309 4438 1381 4483 rem
1402 4423 1434 4482 et
1454 4414 1498 4481 ad
1513 4414 1710 4502 symbolum

377 4534 446 4591 turn
460 4536 559 4613 aquus
575 4532 639 4600 est,
657 4527 683 4591 si
700 4527 819 4591 merito
835 4526 1023 4613 exspectari
1041 4526 1152 4614 potuit
1166 4547 1205 4590 ac
1220 4524 1340 4590 debuit
1357 4524 1440 4588 ficus
1460 4530 1632 4611 repertum
1653 4520 1706 4586 iri.

378 4637 660 4720 Repraesentatur
671 4633 762 4698 enim
775 4655 816 4699 ea
826 4632 948 4698 arbore
956 4632 1030 4721 ipsa
1045 4652 1224 4718 synagoga
1238 4633 1292 4697 vel
1306 4629 1454 4719 populus
1471 4629 1590 4706 lsrael;
1607 4628 1709 4695 arbor

378 4740 416 4804 iis
437 4741 587 4805 cernitur
606 4740 768 4806 instructa
788 4739 912 4829 quibus
937 4760 1030 4828 spem
1055 4739 1228 4805 fructuum
1254 4738 1377 4803 excitat
1396 4742 1498 4824 atque
1519 4736 1562 4801 de
1583 4733 1709 4825 populo
