3960 5654
202 455 261 516 316
723 474 813 520 nanc.
838 459 886 528 lt,
911 458 1014 516 lala.

200 606 370 673 commodi
394 603 584 692 quidquam
597 612 657 671 aut
672 613 784 674 taceas
799 612 858 674 aut
872 604 981 682 dieas;
1002 629 1094 675 nunc
1112 605 1203 672 unde
1217 607 1340 695 (torma
1356 604 1534 693 chiastiea)

200 713 290 778 hanc
310 710 352 776 de
372 731 411 775 eo
428 711 629 778 sententiam
653 714 854 780 hauserint:
880 733 939 777 nee
956 715 1044 779 caim
1067 712 1160 780 vides
1178 712 1213 776 in
1230 714 1357 800 faciem
1372 710 1535 790 bominis,

199 841 268 884 non
291 816 429 904 respicis
453 838 634 904 personam
660 820 826 897 hominis,
853 817 939 883 eitra
961 825 1150 910 respectum
1170 839 1392 905 personarum
1414 817 1490 902 agis
1505 824 1538 882 et

197 924 298 989 doces
316 928 426 987 necte
444 932 557 990 movet
582 926 730 1012 dignitas
744 932 803 991 aut
816 924 1007 992 sublimitas
1024 928 1227 1013 cuiusquam
1248 925 1454 1011 (Erasmus),
1479 922 1541 987 sed

199 1029 387 1093 inveritate
404 1030 494 1094 oram
512 1032 574 1097 Dei
588 1032 703 1108 dacer,
720 1023 767 1091 ἐπ’
784 1027 930 1103 ἀληθείας
944 1033 1101 1123 explanat
1116 1029 1220 1095 liuta.
1241 1027 1362 1104 ἀληθῶς
1379 1052 1471 1112 vere,
1489 1028 1538 1094 ita

201 1141 239 1199 ut
259 1136 382 1200 veritas
403 1139 562 1226 requirit,
581 1139 769 1204 secundum
787 1137 981 1216 veritatem,
1002 1160 1070 1227 qua
1090 1136 1191 1202 laude
1207 1137 1303 1225 prius
1321 1138 1535 1215 encomium,

202 1241 284 1329 quia
303 1264 406 1308 verax
423 1266 468 1321 es,
492 1245 664 1334 explicant
683 1250 716 1309 et
731 1243 894 1331 probaut3
917 1250 1007 1311 viam
1028 1246 1091 1308 Dei
1108 1242 1205 1309 docet
1224 1244 1247 1308 i.
1277 1266 1306 1309 e.
1327 1243 1424 1310 illam
1445 1244 1537 1309 viam

202 1369 306 1436 quam
337 1353 421 1416 Deus
446 1351 645 1416 hominibus
670 1348 931 1434 ingrediendam
954 1350 1049 1416 dedit
1068 1353 1101 1415 et
1127 1350 1361 1438 praescripsit,
1391 1348 1538 1438 proinde

201 1455 362 1522 mandata
392 1457 450 1523 Dei
478 1460 619 1545 eiusque
648 1455 806 1522 voluntas
832 1457 1073 1543 intelliguntur
1102 1457 1229 1544 quibus
1257 1461 1327 1521 tota
1357 1455 1538 1520 hominum

201 1562 369 1629 sentiendi
387 1562 584 1651 agendique
606 1562 692 1627 ratio
709 1562 892 1649 dirigatur.
912 1564 1070 1630 Universa
1086 1563 1172 1629 haec
1188 1563 1273 1644 laus,
1294 1566 1329 1627 ut
1347 1561 1420 1629 Cat.
1440 1561 1536 1639 dicit,

202 1690 241 1734 ex
272 1669 463 1735 adulatoria
491 1667 628 1734 officina
654 1668 698 1734 ad
731 1670 988 1758 provocandum
1017 1674 1125 1734 lesum
1153 1690 1197 1735 ne
1223 1670 1342 1735 timeat
1367 1667 1539 1757 praeferre

203 1778 308 1841 Deum
329 1777 462 1841 Caesari
483 1773 647 1862 procedit.
666 1779 776 1852 Quare
789 1776 857 1842 iam
872 1775 971 1843 facile
985 1774 1141 1841 concludi
1158 1780 1267 1863 potest
1281 1774 1383 1864 quale
1398 1795 1539 1863 respon-

201 1902 276 1946 sum
292 1881 414 1948 elicere
433 1879 643 1961 desiderent;
662 1881 740 1947 licet
755 1880 835 1947 dari
854 1880 1018 1947 tributum
1035 1881 1192 1959 Caesari,
1209 1903 1256 1946 aa
1273 1903 1342 1947 aaa
1357 1880 1541 1947 dabimus?

202 1989 393 2054 accuratius
410 2008 534 2073 graece
553 1986 642 2052 duae
658 1989 873 2076 quaestiones
892 1988 1153 2073 distinguuntur
1171 2010 1179 2054 z
1208 1986 1286 2053 licet
1300 2008 1437 2052 censum
1454 1986 1540 2051 dare

201 2095 335 2159 Caesari
347 2096 479 2159 necne?
492 2115 564 2181 qua
583 2115 637 2159 res
655 2095 765 2179 magis
784 2095 817 2159 in
834 2095 1032 2160 universum
1047 2094 1293 2172 consideratur,
1311 2094 1398 2159 sitne
1411 2092 1541 2182 populo

202 2200 308 2265 electo
336 2199 394 2264 Dei
423 2221 463 2264 ex
491 2200 568 2284 lege
589 2201 646 2265 llei
676 2199 728 2264 vel
751 2222 790 2264 cx
810 2199 977 2286 dignitate
997 2201 1125 2289 populo
1145 2201 1243 2288 quasi
1266 2200 1384 2265 innata
1406 2197 1539 2264 licitum

205 2305 257 2370 vel
277 2327 359 2370 num
380 2326 450 2371 nou
477 2305 644 2370 tributum
666 2306 797 2371 solvere
822 2313 981 2372 extraneo
1005 2308 1047 2372 sit
1073 2307 1200 2370 iniuria
1221 2305 1281 2371 uni
1308 2307 1381 2391 regi
1402 2303 1538 2394 populi,

205 2416 272 2478 Deo
303 2412 389 2492 scil,
419 2412 526 2477 illata.
556 2414 637 2477 Dein
662 2413 770 2479 altera
798 2413 950 2501 quaestio
979 2413 1132 2500 sequitur
1158 2434 1178 2477 a
1203 2414 1317 2501 priore
1342 2412 1504 2478 distincta
1530 2432 1539 2478 ε

207 2518 327 2584 demus
347 2540 391 2585 an
417 2540 485 2584 non
502 2518 643 2584 demus?
669 2518 753 2606 quid
772 2540 889 2584 rerum
910 2519 1163 2585 conditionibus
1183 2520 1342 2607 spectatis
1367 2516 1539 2603 agendum

206 2626 343 2691 censes?
372 2629 455 2691 Nam
475 2627 537 2690 etsi
565 2625 754 2691 secundum
782 2625 974 2692 doctrinam
994 2626 1089 2703 licet,
1118 2646 1188 2691 non
1208 2626 1369 2691 continuo
1388 2624 1544 2713 sequitur

208 2731 241 2797 id
260 2754 397 2820 quoque
412 2731 466 2797 vel
485 2732 680 2798 laciendum
701 2754 770 2799 esse
790 2733 841 2798 vel
859 2732 1018 2821 expedire
1037 2732 1080 2798 ad
1099 2734 1209 2797 maius
1225 2733 1353 2798 bonum
1369 2732 1542 2819 privatum

206 2844 266 2903 aut
290 2838 465 2927 publicum
487 2844 524 2903 ut
547 2838 618 2904 fiat.
649 2866 665 2898 «
688 2843 806 2904 Totum
833 2839 899 2904 hoc
922 2838 1103 2904 artificium
1124 2845 1197 2904 erat
1218 2839 1390 2927 utrimque
1413 2837 1545 2903 habens

207 2945 426 3033 praecipitia,
445 2950 482 3009 ut
505 2949 532 3010 si
548 2944 690 3033 quidem
705 2944 834 3011 diceret
851 2945 952 3011 licere
973 2944 1054 3010 darc
1072 2946 1204 3011 Caesari
1218 2944 1403 3026 tributum,
1418 2964 1544 3029 argue·

210 3057 286 3116 rent
305 3071 383 3115 eum
404 3050 496 3138 apud
518 3049 704 3138 populum,
728 3057 904 3138 tamquam
925 3053 983 3139 qui
1005 3072 1059 3116 eos
1083 3051 1118 3115 iu
1137 3051 1334 3116 servitutem
1355 3049 1543 3135 redigeret3

207 3158 258 3223 sin
279 3157 409 3222 diceret
428 3178 496 3222 nou
517 3157 798 3246 persolvendum,
820 3165 1019 3223 accusarent
1037 3179 1116 3223 eum
1138 3163 1175 3222 ut
1198 3155 1244 3223 ad
1263 3156 1464 3222 seditionem
1484 3177 1546 3244 po-

208 3264 325 3353 pulum
349 3269 543 3328 moventem
561 3269 677 3329 contra
693 3267 872 3329 Caesarem
896 3291 911 3320 u
934 3263 1125 3352 (meopte),
1145 3263 1180 3329 id
1193 3264 1284 3352 quod
1299 3271 1375 3352 post
1388 3268 1457 3329 tres
1473 3262 1546 3328 dies

209 3391 275 3435 non
292 3369 447 3435 obstante
462 3391 619 3458 responso
637 3374 709 3435 lesu
727 3371 881 3435 homines
893 3371 1029 3458 pessimi
1045 3391 1165 3436 revera
1178 3370 1331 3436 fecerunt
1344 3370 1434 3456 (Luc.
1449 3369 1544 3456 Μ)

209 3477 406 3564 turpissimo
427 3475 619 3542 mendacio.
990 3486 995 3512 ¹

256 3610 272 3642 u
296 3588 337 3648 At
351 3583 424 3647 lons
439 3583 625 3670 sapientiae
638 3582 733 3647 dolos
748 3581 886 3648 illorum
904 3583 1008 3649 evasit
1028 3611 1042 3640 »ι
1059 3581 1236 3671 (ΤΙιεορΙι.)
1252 3604 1283 3645 ν.
1303 3589 1343 3648 15
1363 3581 1426 3672 qai
1438 3582 1546 3648 sciens

209 3689 391 3756 versutiam
410 3710 527 3754 aarum
545 3685 696 3774 ὑπόκρισιν
709 3689 980 3770 simulationem,
1004 3711 1072 3777 qua
1086 3689 1160 3754 scil.
1184 3689 1243 3754 alii
1264 3695 1298 3754 et
1316 3688 1414 3754 aliter
1437 3688 1546 3754 videri

212 3795 328 3861 volunt
349 3818 389 3861 ae
412 3805 506 3875 sunt,
528 3816 709 3884 personam
730 3795 910 3862 induentes
930 3817 1048 3861 eorum
1066 3797 1124 3884 qui
1147 3797 1276 3861 sineere
1293 3795 1425 3861 discere
1440 3793 1547 3861 velint

209 3909 246 3968 ut
265 3903 319 3992 pie
335 3910 368 3968 et
386 3901 542 3987 religiose
563 3901 753 3968 doctrinam
774 3902 818 3968 ad
834 3925 931 3968 usum
947 3902 1142 3968 traducant.
1164 3907 1253 3968 Bene
1271 3924 1408 3990 quoque
1428 3923 1547 3968 eorum

208 4009 380 4076 simulatio
402 4014 545 4074 vocatur
558 4003 684 4095 πονηρία
704 4009 833 4096 (Matth.
853 4012 967 4095 2218)
989 4015 1022 4074 et
1036 4005 1200 4095 πανουργία
1220 4011 1313 4095 (Luc.
1339 4008 1474 4096 20‚‘23);
1498 4007 1549 4074 ait

208 4115 300 4182 illis:
316 4115 400 4204 qaid
411 4137 463 4180 me
478 4116 635 4180 tentatis?
651 4137 693 4180 ne
705 4116 768 4181 sibi
783 4116 930 4204 superbe
945 4115 1169 4181 blandiantur
1182 4116 1279 4203 quasi
1297 4115 1441 4203 pessima
1455 4136 1550 4180 mens

208 4223 328 4288 lateret
338 4221 533 4303 lesum,sed
550 4229 587 4287 ut
597 4229 804 4308 cognoscant
816 4227 923 4288 lesum
940 4230 1068 4288 secreta
1082 4222 1239 4288 cordium
1256 4228 1451 4310 penetrare,
1470 4221 1548 4287 ideo

208 4350 265 4394 eos
281 4329 435 4417 increpat
450 4351 512 4395 cur
524 4351 558 4393 sc
576 4334 706 4394 tentent
726 4329 840 4415 (Viae.)
855 4351 862 4408 3
878 4330 1001 4419 afferte
1021 4329 1105 4394 arabi
1122 4328 1321 4410 derrarr'am,
1343 4340 1381 4392 ut
1397 4326 1548 4407 videam,

212 4456 392 4500 nummum
409 4436 481 4501 scil.
500 4437 559 4524 qui
580 4436 613 4500 in
634 4434 837 4501 commercio
860 4436 1060 4524 quotidiano
1080 4442 1163 4500 erat.
1190 4440 1257 4500 lam
1281 4457 1333 4500 res
1352 4436 1549 4500 nummaria

212 4541 255 4607 ab
275 4563 315 4607 eo
334 4542 607 4608 constituebatur
626 4544 686 4631 qui
707 4543 741 4606 in
763 4542 879 4629 aliqua
899 4544 1038 4628 regione
1057 4547 1221 4630 potestate
1242 4563 1401 4630 suprema
1421 4562 1546 4627 regua-

215 4648 284 4713 bat.
304 4653 352 4713 lta
367 4648 533 4736 quamdiu
549 4650 721 4738 principes
735 4654 769 4713 et
787 4669 884 4733 reges
900 4670 938 4714 ex
955 4649 1084 4715 familia
1101 4648 1380 4713 llachabaeorum
1396 4650 1547 4737 impera·

215 4755 313 4833 bant,
342 4755 377 4820 hi
403 4777 560 4820 nummos
584 4755 754 4822 audebant
773 4756 843 4820 suis
862 4756 1060 4821 nominibus
1079 4756 1273 4844 inscriptos;
1297 4757 1376 4820 item
1398 4754 1548 4820 cudebat

214 4860 359 4945 llerodes
379 4863 438 4949 qni
458 4862 583 4927 dicitur
602 4884 766 4948 magnus,
785 4862 866 4927 item
882 4863 916 4926 in
936 4884 996 4928 sua
1011 4863 1137 4927 ditione
1159 4861 1303 4927 Herodes
1321 4863 1461 4950 antipas
1480 4869 1544 4927 etc.
