3960 5654
821 329 913 374 nine.
939 313 987 379 ra,
1011 310 1118 368 ar-aa.
1383 281 1386 288 ’
1575 316 1631 373 aer

301 459 418 527 scribit
432 455 509 529 etim
532 481 602 528 non
623 463 799 530 nominat?
817 466 938 531 Censet
960 460 1108 549 Tbeopb.
1135 481 1214 525 eum
1236 481 1361 527 nomen
1386 463 1474 528 Petri
1499 462 1633 529 silentio

301 568 457 655 pressisse
471 587 513 631 ne
529 567 701 635 videretur
723 566 862 635 laudare
890 575 1149 655 praeceptorem
1175 587 1275 630 suum
1305 569 1363 653 qui
1392 571 1553 635 maiorem
1573 591 1634 657 pro

299 673 429 740 Christo
443 672 554 740 zelum
569 673 779 742 ostendisset.
805 673 995 761 Siquidem
1020 675 1054 738 id
1076 677 1174 735 Petro
1197 671 1291 736 laudi
1320 673 1491 749 tribuitur,
1514 678 1633 741 melius

298 779 449 845 dicemus
463 779 575 868 ipsum
589 787 724 848 Petrum
739 783 773 847 in
788 803 849 847 sua
863 779 936 845 eius
946 781 995 844 rei
1012 779 1209 844 narratione
1227 800 1349 842 nomen
1362 801 1459 843 suum
1478 783 1630 848 tacuisse.

298 888 336 950 Et
354 890 442 950 certe
459 888 547 953 actio
564 888 652 954 Petri
668 887 775 953 animi
789 892 862 953 erat
877 885 1038 974 intrepidi
1055 892 1088 948 et
1105 888 1175 947 lesu
1190 885 1430 963 amantissimi3
1449 909 1522 950 eam
1542 888 1632 953 lledu

297 998 473 1079 comparat
502 994 575 1060 zelo
602 993 744 1060 Phinees
771 995 831 1083 qui
856 990 1031 1080 puniendo
1057 991 1241 1076 sacrilegos
1271 992 1459 1056 mercedem
1485 994 1631 1060 institiae

296 1097 477 1166 sacerdotii
503 1100 664 1190 perennis
684 1105 874 1189 acceperat.
901 1103 1011 1175 Quare
1034 1097 1216 1162 verisimile
1240 1098 1399 1185 estquod
1422 1100 1524 1163 babet
1549 1099 1628 1165 Fau.

297 1206 431 1271 Petrum
448 1228 516 1273 non
532 1207 654 1272 dixisse
668 1229 702 1272 se
721 1206 873 1273 eduxisse
892 1203 1067 1290 gladium,
1083 1203 1142 1268 sed
1157 1203 1331 1291 quendam
1352 1226 1391 1269 ex
1411 1206 1631 1272 circumstan-

295 1308 386 1376 tibus
408 1335 502 1379 nese
521 1313 758 1379 animosiorem
783 1312 904 1378 ceteris
926 1310 1090 1399 apostolis
1114 1310 1344 1398 praedicando
1369 1311 1543 1376 videretur
1565 1312 1628 1377 sibi

293 1438 456 1504 arrogare
473 1419 639 1505 gloriam,
657 1425 689 1485 et
709 1418 866 1485 similiter
890 1417 1046 1506 Scbepq,·
1064 1416 1165 1483 aliter
1184 1415 1337 1495 Schuetz,
1360 1418 1418 1505 qui
1443 1426 1555 1483 censet
1580 1442 1631 1484 ra·

292 1521 383 1591 tione
410 1524 528 1590 habita
551 1523 822 1592 adversariorum
851 1546 976 1591 nomen
999 1524 1156 1589 debuisse
1171 1524 1296 1600 taceri,
1317 1524 1399 1611 quia
1418 1525 1449 1587 vi
1476 1525 1629 1590 resistere

295 1631 510 1716 magistratui
533 1653 670 1720 semper
692 1632 913 1721 reprobatum
938 1631 979 1695 sit
1004 1652 1025 1696 a
1047 1631 1221 1696 Romanis.
1243 1628 1307 1695 Sed
1332 1630 1359 1694 si
1383 1635 1509 1695 llarcus
1534 1653 1574 1696 ea
1593 1631 1628 1695 in

293 1737 453 1824 opinione
472 1736 604 1818 fuisset,
626 1739 738 1826 potius
759 1736 968 1803 censendum
991 1743 1077 1802 esset
1095 1756 1174 1801 eum
1194 1744 1254 1801 aut
1273 1736 1364 1801 bunc
1384 1744 1541 1801 eventum
1558 1758 1629 1800 om-

294 1843 375 1909 nino
399 1844 603 1909 omissurum
624 1844 726 1910 luisse
750 1851 810 1909 aut
833 1846 953 1909 saltem
975 1841 1174 1909 additurum
1201 1842 1306 1907 verba
1331 1843 1457 1930 quibus
1480 1843 1629 1907 cbristus

293 1948 460 2039 impetum
474 1949 571 2016 illum
586 1951 755 2040 repressit.
778 1988 823 1999 —
838 1952 899 2028 Qui
915 1949 1220 2027 circumsteterint,
1241 1955 1319 2014 sunt
1341 1948 1457 2014 decem
1485 1948 1625 2036 reliqui;

293 2077 361 2122 non
380 2057 487 2122 solum
510 2062 590 2123 ,tres
613 2057 664 2122 illi
694 2057 740 2144 (v.
772 2059 829 2144 33)
851 2064 888 2121 nt
911 2057 984 2122 vult
1013 2056 1139 2138 Wet'ss,·
1163 2077 1242 2120 nam
1270 2055 1370 2120 turba
1400 2077 1466 2120 non
1487 2057 1557 2120 sine
1573 2064 1627 2120 tn-

294 2162 403 2228 multu
418 2162 619 2230 adveniente
640 2171 673 2229 et
696 2185 817 2229 manus
837 2163 873 2228 in
895 2167 1003 2230 lesum
1029 2162 1203 2228 iniicicnte
1221 2162 1341 2250 reliqui
1361 2184 1496 2250 quoque
1514 2184 1628 2228 aecur-

293 2276 427 2350 rerunt,
449 2271 500 2336 uti
515 2292 655 2359 quoque
671 2292 754 2336 exv.
772 2277 814 2337 50
830 2276 936 2358 patet.

336 2381 425 2443 lesus
445 2382 577 2458 autem,
601 2405 617 2438 u
642 2382 678 2443 ut
703 2378 829 2444 sciatur
848 2376 941 2466 quod
961 2399 1030 2442 non
1048 2399 1087 2441 ex
1112 2376 1328 2464 impotentia,
1352 2375 1408 2439 sed
1434 2398 1472 2441 ex
1492 2375 1627 2463 dispen-

291 2485 420 2550 satione
438 2485 494 2550 bei
509 2484 574 2550 tuit
589 2483 681 2573 quod
697 2507 765 2551 non
779 2505 815 2551 sc
835 2482 988 2549 defendit
1007 2512 1021 2542 υ
1043 2481 1148 2568 (Alb.)
1170 2505 1200 2546 v.
1224 2486 1264 2548 '48
1280 2481 1482 2568 respondeas
1499 2484 1570 2575 scil.
1588 2506 1627 2548 ex

290 2590 349 2656 illo
372 2612 547 2657 armorum
571 2597 742 2679 apparatu
766 2591 982 2656 occasionem
1007 2590 1146 2676 capiens
1169 2588 1221 2653 oit
1242 2588 1309 2653 illis
1337 2610 1348 2652 .·
1376 2601 1552 2676 tantqrcam
1582 2589 1629 2655 od

290 2695 456 2764 latronem
476 2696 592 2763 existis
614 2719 692 2763 cum
712 2694 838 2786 qlcdiis
857 2707 890 2762 et
908 2696 1026 2785 lipnis,
1049 2695 1213 2773 fustibuS,
1239 2695 1386 2768 baculis,
1408 2695 1626 2783 corrept-eben-

290 2804 367 2871 dere
387 2824 462 2888 me,·
479 2826 512 2870 v.
543 2809 585 2872 te
606 2802 758 2892 quotidie
777 2824 871 2870 eram
891 2802 989 2892 apud
1006 2824 1063 2867 cos
1082 2803 1118 2866 in
1141 2803 1269 2889 teurplo
1290 2801 1411 2865 docens
1436 2817 1468 2866 ec
1487 2824 1554 2866 non
1574 2823 1626 2866 me

291 2911 442 2978 tenuistis
449 2931 463 2994 ;
479 2939 495 2973 u
511 2909 548 2976 id
563 2910 714 2977 Christus
729 2916 859 2977 notasse
885 2909 1021 2974 videtur
1040 2930 1108 2974 non
1127 2908 1214 2974 adeo
1235 2915 1269 2973 ut
1290 2908 1363 2973 illos
1387 2908 1623 2994 redargueret,

290 3019 348 3107 qui
364 3038 440 3084 cum
455 3017 555 3084 facile
574 3023 607 3083 et
622 3015 797 3084 commode
812 3017 925 3104 ipsum
947 3016 1095 3080 interdiu
1112 3014 1147 3080 in
1165 3014 1292 3102 templo
1307 3015 1420 3102 quiete
1440 3015 1623 3080 sedentem.

288 3125 376 3192 sicut
402 3123 556 3212 quotidie
577 3123 739 3205 iaciebat,
773 3123 1065 3212 comprehendere
1088 3129 1241 3210 possent,
1272 3121 1454 3186 maluerint
1473 3121 1505 3185 irl
1534 3144 1625 3186 erse-

289 3231 350 3321 qui
368 3237 463 3297 nocte
486 3230 692 3319 intempesta
715 3250 864 3318 eumque
886 3234 981 3295 extra
1005 3228 1125 3293 urbem
1147 3228 1249 3294 veluti
1267 3227 1429 3293 latronem
1451 3230 1623 3316 persequi.

289 3360 393 3427 quam
408 3343 446 3404 ut
462 3359 501 3403 ex
516 3339 582 3404 bac
595 3335 670 3425 ipsa
684 3357 720 3401 re
742 3335 911 3402 discerent
924 3357 958 3400 se
969 3357 1037 3401 non
1054 3357 1112 3400 sua
1130 3335 1279 3423 ipsorum
1296 3334 1438 3399 consilia
1452 3336 1623 3422 perticere.

288 3443 349 3511 scd
360 3446 434 3526 bei,
456 3455 494 3508 ut
509 3442 721 3532 impleantur·
743 3443 960 3530 Sciaptmue,
986 3441 1049 3506 hoc
1069 3449 1134 3519 est,
1156 3464 1194 3508 ea
1215 3463 1302 3530 quae
1325 3442 1366 3504 de
1385 3441 1488 3526 ipsius
1504 3441 1625 3508 Cbristi

288 3549 494 3618 cruciatibus
515 3557 549 3616 et
575 3553 684 3615 morte
712 3549 848 3615 lucrant
876 3548 1051 3636 praedicta
1081 3578 1095 3604 ι)
1124 3549 1263 3633 (Potin).
1290 3549 1444 3612 Cernitur
1466 3548 1623 3635 ellipsis:

287 3657 348 3725 sed
365 3668 403 3723 ut
417 3656 628 3746 impleantur
647 3656 866 3742 Scripturae;
880 3675 1000 3720 verum
1019 3655 1123 3720 'facile
1141 3655 1351 3720 exoratione
1374 3660 1526 3718 contexta
1547 3676 1627 3741 sup-

288 3765 433 3854 pletur:
463 3762 524 3830 sed
552 3765 616 3830 boc
636 3762 690 3843 lit,
717 3776 755 3827 ut
781 3769 845 3828 etc.
872 3761 917 3827 cl.
946 3767 1037 3827 loan.
1069 3769 1142 3840 9,3;
1179 3767 1289 3838 ¹525.
1323 3791 1337 3818 u
1366 3764 1496 3825 lntucre
1521 3765 1626 3825 lesuin

290 3870 379 3937 inter
398 3870 500 3937 ludac
519 3871 693 3951 osculum,
719 3870 855 3935 lictores
887 3874 920 3934 et
939 3867 1140 3956 discipulos,
1160 3867 1304 3953 singulis
1332 3866 1522 3943 attendere,
1559 3867 1626 3932 sin-

291 3977 381 4065 gulis
398 3977 592 4068 prospicere
615 3984 649 4043 et
672 3976 761 4042 nihil
782 3975 939 4040 omittere
959 3974 1166 4039 suavissimis
1192 3984 1263 4038 tum
1287 3973 1398 4038 verbis
1421 3981 1490 4038 tuni
1515 3974 1625 4041 lactis.

290 4091 327 4150 ut
351 4083 582 4169 intelligamus
610 4083 698 4149 nibil
722 4084 757 4148 in
782 4082 853 4169 ipso
876 4080 1112 4146 turbulentum
1143 4082 1259 4150 luisse,
1289 4080 1346 4144 sed
1376 4079 1625 4144 serenissimum

290 4212 422 4281 semper
440 4211 590 4255 servasse
615 4189 783 4265 animum,
812 4209 1022 4266 sermonem,
1046 4197 1198 4273 gestum.
1223 4195 1351 4251 motum
1372 4209 1411 4250 ae
1435 4186 1627 4250 universum

289 4319 387 4364 suum
403 4320 487 4386 opus
504 4323 519 4356 »
544 4296 664 4384 (Coit
688 4295 801 4361 llerito
817 4301 931 4360 monet
956 4292 1102 4382 Tbeoplt.
1122 4295 1164 4359 de
1182 4294 1343 4358 vaticinio
1359 4298 1395 4357 ls.
1416 4300 1519 4369 .'›:t,7:
1543 4293 1625 4357 sieut

293 4413 365 4479 ovis
386 4414 431 4480 ad
458 4411 669 4480 occisionem
696 4409 850 4476 ducetur.
883 4415 965 4475 (lum
987 4401 1261 4489 immundoque
1290 4400 1401 4488 (siculi
1435 4399 1526 4487 apud
1555 4420 1628 4487 pro

292 4514 495 4603 ἰαυοεόπως)
514 4518 558 4585 ad
585 4517 842 4608 exprimendum
869 4517 1111 4604 imperativum
1134 4516 1342 4582 adhibeatur
1361 4516 1417 4600 (cl.
1447 4521 1514 4584 5,3.
1542 4515 1626 4601 llpb.

290 4624 389 4702 b‚29;
412 4624 510 4698 5,33;
536 4614 821 4682 doctmonte.
846 4638 880 4705 p.
905 4615 1002 4702 208),
1026 4614 1129 4680 ctiam
1154 4616 1210 4679 bic
1236 4615 1320 4678 uerti
1344 4620 1451 4700 posset
1481 4635 1487 4678 :
1507 4619 1540 4674 at
1561 4612 1624 4674 im-

290 4725 449 4814 pleantur
460 4725 671 4815 scripturae!
684 4745 744 4811 per
758 4721 895 4787 modum
908 4721 1174 4788 exclamationis.
1190 4722 1252 4788 Sed
1265 4722 1356 4809 prior
1369 4718 1560 4807 explicatio,
1581 4718 1629 4783 uti
