3960 5654
333 510 373 568 et
861 523 951 567 nanc.
976 506 1005 572 1,
1029 503 1130 562 titi.

333 655 488 744 alioquin
499 657 668 745 dirumpet
684 653 805 719 virttem
827 670 914 723 utres
929 669 961 721 et
975 654 1091 718 einaim
1107 655 1305 744 effecizdetur
1320 669 1352 721 et
1374 667 1465 721 utres
1480 649 1661 740 pei·ibuut,·

333 761 422 828 hane
436 766 527 829 enim
547 759 807 852 permixtionem
834 762 971 829 fatalem
998 759 1025 823 si
1047 762 1122 847 quis
1138 763 1368 842 attentaverit,
1390 767 1427 827 ut
1440 758 1513 826 scil.
1534 780 1658 823 nevum

331 867 448 934 foedus
466 871 565 936 vellet
584 864 759 933 includere
779 870 813 934 in
835 877 965 935 arctam
988 865 1082 931 illam
1104 869 1224 934 veteris
1239 867 1402 947 formam,
1424 865 1576 933 neutrius
1592 864 1660 930 ioe—
1687 889 1689 892 ⁴

330 974 421 1041 deris
434 973 611 1043 commoda
633 979 665 1037 et
687 973 776 1040 bona
803 977 982 1063 percipiet,
1004 979 1186 1062 utrumque
1205 972 1323 1039 foedus
1342 996 1404 1060 pro
1418 997 1453 1040 se
1473 970 1602 1062 perdet.
1624 970 1659 1035 ld

329 1103 389 1146 suo
404 1081 529 1149 damno
546 1080 673 1167 experti
695 1088 774 1147 sunt
793 1082 1002 1147 iudaizautes
1016 1102 1054 1143 ex
1070 1081 1266 1146 Christianis
1283 1101 1366 1166 quos
1382 1082 1565 1146 insectatur
1577 1099 1659 1165 apo-

327 1189 431 1255 stolus
444 1191 501 1279 (cl.
526 1187 595 1257 Gal.
619 1192 693 1267 3‚3;
711 1196 781 1269 5‚r.
804 1189 871 1254 Col.
892 1193 971 1265 aab
987 1187 1091 1274 seq),
1119 1187 1153 1252 id
1175 1195 1284 1252 sectae
1304 1185 1382 1249 illae
1404 1187 1655 1261 Ebionitarum‚

325 1298 575 1362 Nazarenorum
588 1299 670 1373 etc.;
687 1294 747 1360 sed
757 1294 874 1360 vineam
891 1314 1016 1357 neurim
1026 1293 1060 1358 iu
1077 1307 1165 1360 utres
1180 1315 1282 1358 noves
1297 1291 1405 1379 (mitti
1415 1291 1541 1378 debet),
1560 1313 1659 1379 grae-

325 1422 403 1468 cum
424 1404 490 1489 legi
510 1400 611 1466 debet
628 1422 689 1488 per
708 1401 848 1466 modum
869 1399 1140 1482 exclamationis,
1164 1399 1199 1465 id
1221 1398 1312 1487 quod
1327 1398 1369 1464 ad
1389 1400 1567 1486 emphasin
1581 1420 1658 1464 ora-

324 1508 427 1576 tionis
443 1507 586 1574 multum
601 1507 743 1573 confert.
764 1511 852 1571 luter
864 1528 899 1570 se
913 1508 1106 1595 comparari
1125 1513 1220 1572 vetus
1236 1512 1268 1571 et
1281 1527 1407 1570 novum
1419 1510 1656 1570 testamentum

321 1614 389 1681 iam
406 1613 572 1704 perspexit
588 1613 812 1679 Tertullianus
826 1611 882 1699 (de
897 1622 982 1679 orat.
1002 1636 1076 1701 cap.
1110 1620 1145 1693 l;
1168 1635 1197 1678 c.
1219 1616 1314 1678 liare.
1336 1619 1433 1692 3‚15;
1460 1613 1505 1677 li.
1533 1618 1652 1689 1‚1151

325 1727 358 1787 et
371 1723 497 1807 2,3t2).
522 1724 609 1785 Bene
623 1742 759 1808 quoque
774 1718 915 1785 adnotat
937 1720 1018 1786 Viet.
1036 1743 1047 1784 .·
1064 1741 1141 1785 eum
1157 1719 1246 1785 enim
1262 1719 1403 1808 apostoli
1417 1720 1496 1784 novi
1510 1717 1657 1784 foederis

323 1848 508 1914 praecones
525 1847 594 1892 esse
615 1825 781 1902 debeant,
805 1825 879 1890 sieri
897 1847 964 1890 non
985 1833 1092 1915 potest
1109 1833 1146 1891 ut
1164 1824 1335 1891 veteribus
1346 1826 1478 1890 statutis
1493 1826 1652 1890 serviant.

323 1936 477 2000 Ceterum
495 1932 572 1999 vide
589 1932 632 1997 ad
648 1932 760 1998 llatth.
779 1937 870 2015 9,1(1.
888 1939 939 1997 17.

358 2107 390 2156 In
405 2120 431 2154 v.
446 2105 477 2156 tl
494 2105 640 2155 ediderunt
654 2104 686 2154 Ti
699 2105 738 2154 W
754 2104 796 2153 H:
811 2099 874 2169 αἴρει
890 2101 918 2153 τ“ο
933 2101 1059 2170 πλήρωμα
1074 2100 1120 2154 ἀπ’
1134 2100 1208 2153 αὺτοῦ
1223 2101 1251 2152 :b
1268 2101 1352 2152 κοινὸν
1368 2105 1412 2153 τοῦ
1426 2101 1542 2154 παλαιοῦ.
1560 2105 1656 2170 Expli-

321 2196 378 2246 cari
392 2197 501 2257 oportet
515 2197 553 2244 lta
567 2201 597 2244 ut
610 2190 734 2260 πλήρωμα
748 2193 904 2243 subiectum
918 2196 953 2244 sit
968 2195 1193 2257 granunaticale,
1211 2193 1236 2242 :i
1251 2191 1336 2242 καινόν
1351 2208 1401 2258 per
1416 2195 1527 2245 modum
1543 2196 1656 2258 appesi-

322 2286 405 2335 tionis
419 2285 607 2346 subsequitur,
623 2289 652 2333 ut
668 2285 767 2332 iterum
782 2295 845 2331 cum
862 2285 962 2346 epitasi
977 2283 1110 2333 eileratnr
1135 2296 1237 2333 novum
1252 2283 1320 2333 illud
1341 2286 1532 2333 assumentum
1553 2285 1656 2334 veteris

321 2373 478 2425 vestimenti
504 2371 604 2421 alierre
625 2371 757 2421 damnum
780 2374 870 2421 maius
894 2374 1087 2434 maioremque
1108 2375 1266 2422 scissuram.
1292 2378 1334 2422 lta
1357 2370 1443 2420 καινόν
1465 2375 1517 2422 rite
1536 2373 1656 2435 explicat

322 2463 436 2528 Theoplt.
454 2476 463 2509 .·
479 2454 501 2509 ti
511 2455 583 2527 ῥάκος
596 2461 722 2526 ἅγναφεν,
736 2459 847 2509 τουτέστι
861 2460 946 2509 καινόν
953 2499 962 2524 ,
978 2456 1124 2523 ἓντιὸληθείη
1136 2457 1227 2528 ἱματίῳ
1240 2457 1339 2527 saislep
1354 2464 1377 2512 si
1390 2475 1500 2525 pannus
1512 2464 1655 2524 impems,

321 2554 339 2602 i.
353 2564 492 2611 enovus,
509 2551 638 2600 assuatur
655 2551 822 2600 vestimento
837 2553 938 2608 veteri,
955 2564 1007 2600 sua
1023 2550 1155 2600 sumitate
1170 2551 1238 2600 illud
1252 2551 1392 2601 discindit.
1406 2551 1555 2614 Perpetem
1569 2551 1656 2614 aliqui

321 2641 481 2705 concipiunt
496 2637 580 2689 καινόν
597 2643 628 2689 ut
642 2640 781 2689 obiectum
797 2639 1007 2702 grammaticale
1025 2652 1030 2686 :
1048 2644 1243 2689 assumentum
1257 2639 1347 2689 aulert
1361 2653 1379 2689 a
1397 2643 1474 2690 veste
1490 2640 1517 2689 id
1536 2653 1592 2703 quo
1608 2651 1655 2688 ve·

321 2731 371 2780 stis
383 2729 433 2779 illa
446 2731 524 2793 quasi
539 2741 612 2778 nova
624 2727 772 2778 videbatur
783 2725 942 2793 (Volliner),
958 2728 1007 2778 sed
1020 2731 1111 2791 ipsum
1126 2732 1316 2778 assumentum
1326 2732 1369 2779 est
1379 2729 1447 2779 illud
1460 2741 1577 2787 novum;
1590 2728 1656 2778 dein

322 2816 406 2868 καινόν
416 2818 556 2882 explicare
571 2830 638 2881 prae
652 2830 683 2868 se
695 2816 766 2867 terre
775 2819 897 2880 speciem
909 2830 1010 2867 novam
1024 2820 1043 2867 i.
1060 2831 1085 2867 e.
1102 2820 1170 2866 satis
1184 2818 1299 2876 bonam,
1317 2819 1400 2881 plane
1416 2823 1458 2867 est
1468 2817 1653 2867 arbitrarium.

325 2907 440 2970 Explica
460 2902 584 2974 πλήρωμα
599 2906 626 2956 id
645 2906 720 2969 quod
734 2907 837 2970 explet.
860 2907 913 2965 Qui
937 2902 1062 2972 πλήρωμα
1086 2907 1186 2956 obiecti
1205 2909 1266 2956 loeo
1288 2906 1392 2956 habent
1413 2908 1653 2970 interpretantur:

325 2997 505 3046 commissura
519 3009 569 3046 seu
583 2999 774 3045 assumentum
790 2995 858 3045 illud
876 2997 947 3045 tollit
958 2995 1161 3059 plenitudinem
1177 2998 1193 3045 i.
1211 3009 1236 3045 e.
1252 2995 1451 3059 perlectionem
1466 3000 1494 3046 et
1509 2996 1655 3058 integrita-

325 3091 381 3135 tem
395 3096 412 3133 a
424 3085 592 3134 vestimento
607 3089 701 3134 vetere
717 3081 761 3149 (cl.
777 3086 850 3132 lans.
870 3081 970 3150 tarny).

542 3261 567 3326 d)
588 3263 849 3312 Pharisaeorum
869 3262 1046 3312 cavillatio
1067 3266 1101 3311 et
1121 3261 1253 3312 malitia
1272 3261 1434 3325 2,23-3,e.

360 3414 433 3474 1,13.
451 3413 485 3463 Et
500 3413 659 3463 factumest
679 3414 779 3462 iterum
802 3426 887 3476 quum
911 3413 963 3463 [to-

325 3503 418 3553 minus
441 3502 564 3552 sabbatis
583 3502 739 3551 ambularet
765 3515 814 3564 per
838 3507 912 3559 sata,
937 3509 964 3550 et

325 3591 455 3655 discipuli
465 3592 526 3640 eius
536 3592 688 3653 coeperunt
701 3591 847 3653 progredi,
862 3595 889 3640 et
904 3592 963 3639 vel-

326 3681 384 3732 lere
396 3682 488 3743 spicas
496 3693 503 3739 ;
517 3678 560 3728 11.
573 3679 713 3742 pharisaei
726 3680 820 3728 autem
834 3678 964 3728 dicebant

326 3770 371 3819 el:
387 3781 466 3828 ecee,
482 3766 549 3831 quid
564 3767 669 3817 laciunt
682 3767 807 3817 sabbatis
820 3767 895 3829 quod
908 3780 964 3816 non

327 3857 408 3909 licet?
424 3857 467 3907 15.
484 3856 518 3907 Et
540 3859 579 3908 eit
593 3857 648 3906 illis
670 3869 675 3904 :
693 3869 835 3918 nunquam
857 3857 964 3919 legistis

327 3947 393 4012 quid
419 3946 513 3996 lecerit
535 3945 623 3995 David
644 3945 756 4007 quando
772 3947 964 3995 necessitatem

327 4036 425 4086 babuit
446 4038 474 4085 et
495 4035 592 4085 esuriit
618 4035 692 4096 ipse,
724 4036 819 4097 etqui
841 4047 903 4084 cum
931 4048 964 4084 eo

327 4125 423 4175 erant?
437 4123 481 4174 16.
500 4122 645 4182 Quomodo
660 4124 784 4172 introivit
803 4126 831 4171 in
852 4123 964 4172 (tomum

328 4213 379 4264 Dei
399 4213 450 4264 sub
466 4213 600 4263 abiathar
623 4212 749 4275 principe
772 4213 961 4269 sacerdotum,

328 4304 356 4352 et
370 4316 458 4365 panes
472 4303 670 4364 propositionis
686 4301 877 4359 manducavit,
893 4314 964 4364 quos

327 4404 384 4440 non
405 4391 507 4441 licebat
530 4390 711 4449 manducare,
736 4391 789 4438 nisi
810 4391 963 4441 sacerdoti-

327 4479 393 4540 bus,
412 4485 439 4529 et
454 4479 530 4529 dedit
550 4481 654 4542 eisqui
672 4491 734 4528 cum
755 4491 788 4527 eo
807 4480 903 4528 erant?
918 4480 961 4528 17.

326 4567 362 4617 Et
374 4567 483 4617 dicebat
497 4569 538 4618 eis
558 4582 564 4616 :
589 4568 733 4618 sabbatum
748 4573 861 4630 propter
876 4570 962 4618 borni·

326 4669 389 4706 nem
412 4655 515 4706 lactum
538 4662 593 4715 est,
616 4661 642 4706 et
664 4671 720 4707 non
745 4657 829 4707 horno
849 4663 962 4721 propter

324 4744 480 4796 sabbatum.

359 4833 403 4884 18.
419 4835 515 4897 ltaque
530 4836 665 4887 Dominus
675 4843 717 4887 est
728 4837 814 4887 Filius
828 4838 958 4898 bominis,

322 4925 405 4975 etiam
416 4923 534 4975 sabbati.

1051 3413 1126 3470 ¹133.
1144 3409 1189 3460 liat
1208 3409 1305 3479 ἐγένετο
1324 3409 1398 3461 εὖτὀν
1421 3409 1446 3461 ἐν
1466 3412 1518 3471 τοῖς
1534 3410 1653 3463 editiotem

1014 3497 1200 3568 διαπορεύεσθαι
1220 3499 1261 3549 διὰ
1276 3504 1324 3551 τῶν
1345 3501 1488 3568 σπορίμων,
1505 3501 1545 3550 καὶ
1564 3499 1587 3551 οἳ
1603 3520 1653 3570 μα-

1015 3588 1088 3652 θηταὶ
1103 3587 1176 3639 αὺτοῦ
1193 3587 1297 3656 ἤρξαντο
1318 3588 1441 3641 ὁδοποιεῖν
1456 3589 1584 3650 τίλλοντες
1597 3591 1653 3651 τοὺς

1015 3677 1131 3746 στάχυας,
1156 3680 1198 3729 11.
1215 3679 1257 3728 aai
1278 3677 1301 3728 el
1320 3680 1446 3747 papieaioi
1468 3677 1555 3747 ἔλεγον
1571 3677 1651 3749 αὑτῷ,

1016 3764 1079 3827 Ἴδε,
1113 3766 1137 3817 τί
1165 3771 1277 3817 ποιοῦσιν
1310 3773 1362 3827 τοῖς
1394 3766 1530 3833 edituum,
1564 3769 1578 3819 ὃ
1609 3767 1652 3820 οὐκ

1015 3853 1120 3918 ἔξεοεεν,
1151 3858 1193 3907 is.
1219 3856 1260 3906 καὶ
1289 3855 1375 3925 ἔλεγεν
1404 3855 1500 3918 αὺτοῖς,
1530 3856 1653 3909 tilitates

1015 3942 1139 4012 ἀνέγνωτε
1155 3945 1177 3995 :i
1192 3943 1303 4010 ἐποίησεν
1323 3946 1427 4009 Δαυεὶδ,
1444 3947 1484 3998 ὅτε
1504 3947 1590 4015 χρείαν
1610 3945 1651 3998 ἔο-

1015 4051 1059 4100 peu
1077 4032 1119 4082 uzi
1138 4033 1262 4085 ἐπείνασεν
1287 4032 1359 4094 αὐτὸς
1377 4035 1418 4086 καὶ
1436 4035 1460 4086 οἱ
1485 4033 1543 4104 μετ’
1562 4034 1651 4099 αὐτοῦς

1016 4124 1059 4175 ab,
1088 4121 1199 4186 εἰσῆλθεν
1228 4121 1260 4183 εἰς
1284 4123 1326 4174 τὸν
1346 4120 1418 4175 οἷκον
1448 4128 1491 4176 τοῦ
1519 4123 1582 4176 θεοῦ
1614 4124 1657 4178 ἐπὶ

1019 4208 1135 4279 ’attilae
1164 4215 1206 4262 τοῦ
1235 4211 1376 4281 ἀρχιερέως,
1409 4214 1450 4264 καὶ
1480 4214 1534 4274 ’.οὓς
1567 4215 1654 4284 ἄρτους

1015 4303 1057 4363 τῆς
1076 4301 1209 4368 προθέσεως
1230 4299 1335 4371 ἔφαγεν,
1355 4303 1395 4362 οὓς
1419 4301 1463 4354 ovis
1492 4303 1582 4364 ἔξεστιν
1606 4324 1653 4373 pa·

1015 4392 1069 4458 γεῖν
1091 4388 1111 4439 εἰ
1131 4389 1162 4457 μὴ
1188 4391 1241 4450 τοὺς
1260 4390 1346 4460 ἱερεῖς,
1368 4393 1409 4442 καὶ
1429 4389 1522 4445 ἔδωκεν
1535 4395 1576 4445 καὶ
1602 4400 1654 4455 τοῖς

1014 4478 1057 4528 οὖν
1083 4478 1149 4547 αὐτῷ
1177 4475 1260 4541 οὖσιν,
1291 4484 1334 4533 17.
1367 4481 1413 4532 llal
1439 4482 1526 4552 ἔλεγεν
1554 4482 1650 4547 αὐτοῖς,

1013 4567 1050 4621 Ti)
1078 4568 1200 4620 εάὸὅατον
1227 4569 1267 4620 διὰ
1300 4571 1342 4621 τον
1375 4572 1506 4640 ἄνθρωπον
1539 4571 1651 4641 ἐγένετο,

1013 4658 1053 4707 καὶ
1080 4656 1128 4726 οὔχ
1151 4657 1164 4708 ὁ
1188 4658 1316 4728 ἅνθρωπος
1337 4660 1377 4711 tii
1397 4662 1426 4713 τ“ο
1450 4660 1584 4715 uitiatas.
1606 4667 1649 4717 18.

1012 4748 1075 4796 ὥστε
1096 4747 1175 4815 κύριός
1194 4749 1258 4800 ἐονιν
1282 4748 1296 4800 ὁ
1316 4749 1367 4811 υἷὀς
1391 4755 1434 4801 τοῦ
1459 4749 1587 4820 ἄνθρωπον
1609 4752 1652 4804 καὶ

1012 4839 1055 4886 τοῦ
1066 4834 1199 4890 εαῧὸάτου.

1049 4929 1103 4989 ai.
1126 4924 1171 4976 Καὶ
1200 4926 1312 4994 εἰσῆλθεν
1336 4929 1410 4982 πάλιν
1437 4929 1470 4992 εἷς
1489 4930 1649 5003 οονεγωγὴν,
