3960 5654
197 677 245 745 eis
267 677 430 766 relinquit
453 693 532 738 eum
556 695 618 763 per
640 698 742 765 quem
764 676 879 742 adsui
908 676 1138 759 cognitionem
1159 682 1192 741 et
1210 674 1473 742 admirationem
1496 698 1534 741 ac

197 785 349 852 veritatis
370 802 391 845 a
409 800 448 844 se
474 777 654 849 discendae
678 783 885 849 desiderium
907 784 1087 868 provocari
1110 791 1264 870 possent;
1290 801 1534 868 monemurque

197 892 264 958 hoc
278 885 411 955 Domini
427 886 582 976 exemplo
596 911 640 954 ne
656 910 732 955 mox
748 888 982 978 desperemus,
1001 889 1028 953 si
1043 890 1102 978 qui
1118 889 1337 974 evangelium
1358 908 1426 952 non
1444 885 1535 952 illico

197 994 378 1083 recipiant3
406 990 465 1058 sed
488 994 652 1061 tentanda
670 994 783 1082 potius
802 993 917 1060 omnia
945 1022 959 1050 υ
982 1001 1043 1061 etc.
1067 993 1198 1081 (latest.
1221 994 1279 1060 llle
1299 1003 1412 1060 autem
1433 998 1534 1078 grato

196 1101 314 1169 animo
332 1103 366 1164 et
382 1097 555 1166 obedienti
572 1097 775 1166 mandatum
794 1099 991 1187 exsequitur
1007 1123 1038 1167 v.
1058 1108 1099 1166 ΞΟ
1115 1111 1146 1164 et
1161 1096 1245 1164 obiit
1261 1100 1415 1189 occoepit
1428 1120 1534 1189 prae-

197 1204 311 1272 dicare
324 1205 361 1270 in
373 1206 540 1296 Decapoli
551 1216 683 1294 quanta
694 1205 760 1271 sibi
774 1205 908 1293 secisse!
923 1206 1027 1287 Iesus,
1046 1206 1173 1293 accepti
1189 1205 1347 1272 beneficii
1363 1214 1396 1272 et
1409 1227 1533 1292 agnos-

195 1311 243 1378 cit
257 1317 291 1377 et
304 1313 459 1378 nominat
476 1318 510 1379 et
524 1309 645 1377 laudat
661 1320 837 1378 auctorem
854 1314 978 1393 lesum3
996 1319 1030 1378 et
1047 1314 1094 1378 ita
1108 1310 1169 1375 illa
1183 1332 1318 1399 quoque
1340 1313 1374 1377 in
1393 1315 1532 1398 regione

195 1422 287 1485 lesus
301 1418 458 1485 innotuit·
481 1421 522 1485 Ut
536 1416 629 1502 grati
652 1419 759 1483 animi
774 1417 1016 1484 documentum
1033 1418 1178 1483 efferunt
1197 1417 1382 1506 quodcum
1399 1422 1488 1483 lesus
1498 1419 1532 1483 ei

197 1524 351 1592 dixisset:
369 1522 536 1591 annuntia
554 1529 685 1612 quanta
703 1524 770 1601 tibi
783 1525 1087 1598 [lominusiecerit
1109 1524 1165 1590 ille
1178 1525 1281 1590 etiam
1303 1529 1409 1590 lesum
1427 1523 1531 1590 benc·

197 1629 267 1698 ficii
286 1631 486 1717 largitorem
512 1627 689 1718 praedicat
714 1631 853 1718 eiusque
877 1630 1020 1717 gloriam
1047 1641 1080 1695 et
1105 1630 1242 1696 laudem
1269 1632 1452 1696 annuntiat
1471 1629 1528 1718 (cl.

197 1736 301 1805 nuit.
314 1739 405 1803 lons.
423 1733 561 1822 nield).
577 1737 686 1824 Atque
699 1736 771 1801 eius
785 1735 1046 1824 praedicationis
1061 1736 1190 1803 fructus
1205 1739 1331 1801 exstitit
1348 1759 1355 1803 :
1372 1748 1403 1802 et
1417 1758 1531 1802 omnes

196 1842 428 1922 mirabuntur,
454 1861 545 1930 quae
569 1840 752 1908 admiralio
768 1848 856 1907 certe
876 1842 941 1908 luit
961 1842 1096 1909 initium
1118 1842 1213 1921 fidei,
1239 1844 1294 1907 cui
1315 1843 1411 1908 facile
1433 1865 1530 1909 acce·

196 1949 299 2017 debat
310 1947 464 2015 laudatio
478 1951 550 2012 lesu
566 1950 602 2012 et
615 1947 766 2034 cognitio
774 1968 853 2013 eum
864 1951 924 2036 qui
942 1947 1027 2014 illud
1044 1948 1193 2015 effecerit
1203 1970 1273 2014 esse
1285 1971 1304 2014 a
1316 1952 1380 2014 Deo
1392 1949 1530 2014 missum

195 2055 241 2122 ad
255 2056 421 2123 homines
433 2049 606 2120 docendos
625 2058 659 2119 et
675 2052 865 2119 salvandos.
911 2050 917 2065 ⁸

234 2260 269 2321 ln
288 2259 416 2320 homine
433 2258 493 2319 hoc
514 2257 701 2337 exemplum
725 2258 811 2318 cerni
832 2263 936 2337 potest
958 2259 1150 2319 conditionis
1173 2262 1357 2337 peccatoris.
1382 2261 1531 2321 Peccator

194 2359 281 2420 enim
300 2374 370 2418 sese
389 2356 532 2417 servituti
550 2354 668 2416 diaboli
689 2357 896 2433 mancipavit,
915 2356 995 2417 stola
1015 2358 1211 2418 innocentiae
1228 2363 1259 2417 et
1273 2359 1373 2436 gratia
1389 2365 1437 2418 est
1451 2376 1526 2418 exii-

192 2462 255 2529 tua
270 2456 360 2517 omni
372 2455 526 2515 virtutum
545 2456 657 2514 ornatu
672 2454 792 2527 nudus,
809 2454 906 2515 nullis
919 2455 983 2514 iam
999 2473 1101 2532 neque
1119 2456 1173 2515 Dei
1190 2473 1293 2532 nequo
1309 2457 1468 2516 Ecclesiae
1485 2457 1527 2516 le-

191 2555 288 2634 gibus
307 2558 481 2625 coercetur,
498 2551 621 2612 habitat
640 2551 671 2610 in
688 2552 895 2629 receptaculis
910 2570 1042 2630 operum
1059 2559 1271 2622 mortuorum,
1290 2559 1321 2613 ct
1341 2553 1527 2620 horribilem

191 2653 327 2732 praebet
348 2657 380 2711 et
397 2649 647 2712 abominabilem
667 2649 790 2710 civibus
805 2649 997 2711 coelestibus
1016 2656 1196 2728 aspectum;
1215 2652 1282 2729 ipse
1305 2669 1430 2729 quoque
1451 2669 1525 2711 con-

192 2750 343 2829 scientiae
364 2748 502 2810 stimulis
521 2765 557 2808 ac
579 2747 756 2807 terroribus
771 2748 935 2809 cruciatur.
955 2749 1070 2809 Verum
1092 2766 1129 2808 ne
1151 2748 1189 2808 de
1209 2749 1437 2809 scelestissimo
1453 2751 1526 2827 qui-

192 2846 281 2918 dem,
299 2847 358 2908 etsi
378 2846 525 2907 omnium
543 2845 693 2905 vitiorum
716 2845 888 2905 daemones
911 2864 985 2906 eum
1004 2853 1173 2924 occupent,
1192 2864 1259 2906 esso
1279 2845 1525 2924 desperandum,

192 2963 230 3006 ea
245 2944 359 3007 Christi
373 2945 534 3005 sanatione
550 2943 718 3016 docemur;
736 2967 751 2995 «
764 2945 926 3004 curabitur
941 2945 1037 3010 enim,
1053 2946 1078 3004 si
1093 2944 1187 3004 modo
1201 2951 1232 3004 et
1245 2944 1385 3004 Christus
1401 2945 1526 3005 adeum

191 3043 301 3104 venire
320 3042 469 3121 dignetur
489 3044 520 3102 et
539 3041 608 3118 ipse
628 3041 771 3101 vicissim
795 3041 918 3102 Christo
938 3041 1080 3102 trahente
1099 3049 1242 3102 accurrat
1261 3042 1300 3101 ad
1316 3061 1389 3102 eum
1404 3044 1494 3120 prius
1510 3061 1527 3100 a

191 3158 225 3202 se
241 3140 316 3202 fidei
332 3138 431 3200 oculis
445 3124 667 3216 conspectum
685 3138 875 3215 sicquidem
893 3139 1063 3207 curabitur,
1083 3146 1117 3199 ut
1134 3140 1339 3216 proiiciantur
1355 3142 1385 3199 in
1400 3140 1527 3218 prolun-

192 3238 268 3302 dum
286 3237 383 3298 maris
404 3236 512 3297 omnia
530 3239 661 3314 peccata
676 3236 746 3294 eius
768 3234 873 3314 (llich.
892 3236 986 3314 ’1,19).
1004 3238 1032 3296 ls
1047 3237 1177 3314 quidem
1195 3238 1246 3296 ubi
1263 3256 1280 3296 a
1297 3239 1420 3315 legione
1436 3239 1526 3297 vitio-

191 3352 262 3398 rum
284 3341 410 3396 curatus
430 3334 541 3405 tuerit,
560 3333 648 3411 prius
670 3333 800 3410 quidem
819 3333 858 3393 ad
879 3334 975 3410 pedes
996 3335 1063 3394 lesu
1088 3334 1196 3394 sedere
1219 3335 1412 3411 aliquamdiu
1431 3335 1525 3395 dehet

191 3432 317 3495 discens
332 3450 393 3510 qua
406 3432 529 3493 ratione
543 3431 693 3508 deinceps
707 3430 803 3490 vitam
818 3432 901 3491 vivat
917 3433 981 3492 Deo
995 3439 1166 3509 acceptam,
1182 3432 1256 3492 dein
1270 3433 1452 3511 praedicare
1468 3434 1523 3493 Dei

191 3531 225 3592 in
248 3549 282 3592 se
307 3529 557 3591 misericordiam
579 3553 594 3583 »
615 3526 737 3608 (lans).
761 3530 922 3606 Designari
944 3531 1071 3607 speciali
1094 3531 1212 3590 ratione
1237 3539 1346 3608 gentos
1369 3534 1420 3591 Pr.
1439 3533 1522 3591 Hier.

192 3635 310 3692 censet.

538 3802 564 3873 h)
584 3805 826 3857 Resuscltatur
844 3804 916 3857 fllia
935 3806 1185 3868 Iatr15‚2t-43.

226 3980 300 4042 5,2t.
317 3978 352 4028 Et
366 3989 450 4041 quum
470 3974 685 4025 transcendisset
706 3975 783 4024 lesus
801 3976 827 4024 in
920 3975 991 4037 5,*21.
1024 3972 1069 4022 lizi
1097 3974 1288 4040 διαπεράσαντος
1316 3978 1359 4025 τοῦ
1385 3974 1468 4040 Ἰησοῦ
1498 3975 1523 4026 ἐν

190 4072 256 4120 navi
267 4080 378 4119 rursum
390 4069 467 4116 trans
477 4064 592 4122 lretum,
607 4065 738 4113 convenit
751 4065 831 4113 turba
882 4066 917 4130 τῷ
930 4060 1010 4131 πλοίῳ
1024 4060 1099 4113 πάλιν
1120 4060 1152 4121 εἰς
1172 4062 1199 4112 τὸ
1215 4063 1302 4130 πέραν,
1322 4064 1434 4132 συνήχθη
1448 4064 1525 4133 ὄχλος

190 4153 620 4216 multaadeum,eteratcirca
632 4165 718 4203 mare.
882 4149 958 4210 πολῦς
991 4148 1033 4202 ἐπ’
1061 4149 1146 4202 αὐτόν·
1181 4151 1222 4201 καὶ
1251 4148 1280 4216 ἦν
1313 4152 1375 4222 παρὰ
1409 4151 1453 4217 τῂν
1478 4155 1524 4204 θά-

226 4247 269 4299 22.
287 4241 582 4308 Etvenitquldamde
601 4241 832 4305 archisynagogis
881 4238 985 4290 λασσαν.
1008 4242 1051 4291 ii.
1084 4239 1128 4289 lizi
1148 4239 1248 4309 ἔρχεται
1276 4236 1309 4301 εἷς
1336 4247 1383 4292 τῶν
1408 4240 1524 4312 ἀρχισυν·

190 4335 425 4394 nominetenus,
448 4336 476 4383 at
498 4330 596 4381 videns
615 4342 693 4389 enm,
715 4331 832 4393 procidit
882 4329 989 4398 αγώγων
1020 4327 1124 4397 ὀνόματι
1153 4328 1267 4397 lisam,
1300 4331 1341 4380 zai
1366 4329 1425 4381 loha
1452 4330 1524 4383 αὑτὸν

190 4426 226 4477 ad
240 4425 327 4488 podes
340 4427 415 4484 eius,
431 4421 476 4472 23.
498 4423 527 4471 ct
548 4418 749 4482 deprecabatur
768 4433 831 4468 eum
881 4417 963 4469 πίπτει
982 4417 1038 4485 πρὸς
1057 4419 1111 4478 τοῦς
1131 4419 1206 4479 atta
1225 4418 1311 4471 circi·
1334 4424 1377 4472 23.
1400 4422 1440 4471 καὶ
1459 4441 1522 4489 παρ-

191 4516 323 4573 multum,
344 4513 439 4562 dicens
461 4523 466 4558 :
486 4509 625 4569 Quoniam
649 4506 706 4557 lilia
727 4511 831 4558 muain
881 4506 963 4558 εκάλεῑ
991 4505 1065 4558 αὐτὸν
1092 4508 1188 4568 πολλὰ,
1210 4509 1305 4576 λέγων,
1330 4511 1368 4560 ὅτι
1394 4511 1422 4561 r'o
1445 4512 1523 4578 Θυγά-

168 4604 323 4666 ‘extremis
334 4601 612 4661 estzvenl,impone
625 4610 738 4647 manum
748 4610 832 4660 super
881 4599 946 4664 apios
972 4614 1017 4664 μου
1042 4595 1152 4665 ἐσχάτως
1182 4602 1244 4666 ἔχει·
1271 4600 1313 4647 ’ἕνα
1333 4597 1413 4649 ἐλθὼν
1441 4597 1523 4668 ἐπιθῇς

190 4706 268 4754 eam,
284 4693 314 4741 ut
328 4689 406 4739 saiva
422 4690 472 4748 su,
489 4694 517 4737 a
538 4689 621 4736 vivat.
650 4686 694 4736 ai.
711 4686 745 4735 nt
765 4688 831 4736 autu
880 4685 922 4745 τὰς
941 4687 1026 4754 χεῖρας
1050 4672 1124 4754 nia,
1145 4687 1188 4737 τίν,
1212 4688 1282 4755 asoa]
1309 4688 1348 4737 χώ.
1377 4687 1451 4757 ζήσῃ.
1477 4693 1520 4740 aa.

190 4776 829 4840 cumlllo;etaequehatureumturhamulta,
881 4773 933 4825 Καὶ
969 4773 1078 4838 ἀπῆλθεν
1115 4774 1172 4844 μετ’
1205 4776 1288 4827 aizoi·
1321 4776 1361 4826 καὶ
1391 4775 1521 4841 ἠκολούθει

189 4876 217 4924 et
232 4867 451 4933 comprimebant
463 4878 536 4914 etim.
550 4865 594 4914 25.
605 4865 748 4916 Etmulier
760 4878 831 4928 quae
881 4860 947 4932 αὑτῷ
965 4863 1041 4932 ὄχλος
1061 4865 1150 4927 πολὺς,
1171 4867 1214 4916 καὶ
1232 4865 1375 4916 cavillator
1396 4866 1479 4920 αὐτόν.

189 4963 249 5013 orat
263 4961 292 5010 in
306 4955 443 5023 profluvio
462 4956 609 5017 sanguinis
627 4957 708 5005 annis
728 4954 830 5005 duode·
917 4955 961 5006 25.
984 4953 1030 5004 lizi
1050 4953 1111 5022 γυνὴ
1132 4951 1193 5006 eiua
1214 4958 1238 5005 iu
1262 4955 1326 5024 ῥῦπεῑ
1347 4956 1452 5026 αἵματος
1470 4958 1520 5009 δώ·
