3960 5654
837 100 839 104 .
920 94 923 102 r

635 124 637 134 r
673 112 676 123 ¹
728 105 732 111 “
798 122 800 125 -
844 113 849 127 1
870 109 960 145 ’Ἱππ

833 130 845 145 .¹
863 135 885 149 v..
902 135 924 145 Λι

441 120 443 127 .
472 125 474 131 ,
545 125 551 133 ,
572 119 583 124 «-
716 127 718 132 ,
1003 128 1006 132 p
1170 128 1180 136 ,Ἰ
1287 122 1288 125 ,
1531 117 1534 126 ι

255 132 258 140 ι
332 164 335 173 1
427 135 434 164 ¹,
445 135 456 182 ¹*
466 136 577 199 'la-'Itlz'plfp
592 127 707 182 &fiala-51⁴2
718 139 720 148 Α
748 135 766 155 ’ν
775 132 988 204 ἔζήϊζῆἐκωήψ
1015 160 1050 192 ’,Ὶῖ
1143 168 1149 196 Ι,
1179 152 1198 185 p.
1226 171 1229 177 '
1247 140 1254 148 ⁸¹
1295 165 1299 170 1
1312 139 1326 167 Ἰ
1372 138 1375 146 ⁸
1426 144 1429 150 ·

136 492 196 555 298
656 509 744 556 nnnc.
769 495 818 567 ii,
843 491 947 549 12-13.

136 649 242 712 pariter
256 648 278 696 it
290 645 357 707 vulg
368 643 433 692 aeth
441 655 447 701 ;
465 642 526 705 pler
538 642 610 693 codd
632 647 699 710 vulg
717 651 744 698 ot
757 646 842 695 veniet
857 642 950 700 vobis;
968 648 1097 697 evenient
1110 647 1159 706 ing
1173 656 1220 693 car
1233 645 1280 694 wil
1296 641 1365 691 irari.
1383 640 1467 689 Deest

135 747 163 785 v.
181 735 214 786 26
230 736 258 784 tn
273 743 293 787 u
306 734 325 782 B
338 732 359 782 L
370 731 388 781 S
400 729 418 778 Δ
431 732 487 794 aliq
503 731 613 783 minusc
625 729 659 797 ς’
670 735 688 785 k
702 737 710 785 Ι
726 734 784 784 lind
797 731 836 781 tol
849 730 881 779 Ti
896 730 935 780 W
945 731 982 792 H;
1000 734 1049 784 sed
1064 736 1167 797 legitur
1182 735 1209 780 in
1224 733 1308 796 longe
1321 731 1382 794 pler
1397 728 1466 777 codd

135 825 164 874 ct
177 834 270 878 verss;
286 833 373 884 quare
387 821 539 870 retineatur
551 825 661 883 oportet
675 822 803 888 quamvis
815 820 902 882 aliqui
916 827 1051 873 censeant
1065 836 1099 873 ex
1114 821 1214 871 llatth.
1231 820 1293 880 6,¹5
1309 819 1393 869 verba
1407 829 1468 865 osse

139 915 338 972 transsumpta.

182 1052 251 1113 lam
271 1048 458 1137 explicatur
476 1040 734 1135 quid'Christus
753 1049 1008 1135 circumspectis
1028 1049 1186 1115 omnibus
1205 1047 1249 1132 (v.
1272 1047 1326 1135 11)
1339 1046 1402 1112 sibi
1418 1045 1433 1108 s
1452 1083 1468 1091 -

136 1150 295 1220 ciendum
310 1176 380 1221 esse
394 1153 595 1223 decreverit.
611 1162 649 1223 Et
663 1152 926 1246 primoquidem
942 1153 1106 1221 iudicium
1122 1151 1214 1243 quod
1225 1153 1260 1216 in
1274 1172 1467 1241 perversam

135 1264 170 1326 et
186 1258 360 1326 infidelem
379 1281 593 1347 synagogam
614 1258 860 1329 devolvendum
882 1264 931 1326 est
949 1261 1104 1348 symbolo
1123 1260 1282 1327 declarat.
1305 1257 1469 1335 Quemad-

136 1363 276 1432 modum
298 1368 389 1433 enim
412 1366 602 1454 prophetae
621 1366 794 1434 interdum
816 1365 949 1448 verbis,
971 1368 1143 1434 interdum
1167 1364 1261 1432 lactis
1285 1364 1468 1453 propheta-

136 1465 275 1555 verunt,
288 1475 336 1540 sic
348 1472 499 1539 Christus
510 1474 715 1564 quandoque
728 1472 939 1540 sermonibus
951 1473 1157 1563 quandoque
1171 1469 1330 1562 operibus
1339 1468 1469 1559 aliquid

135 1578 523 1667 praesignavit(Dion.);
536 1603 567 1647 v.
583 1587 624 1647 12
634 1591 667 1647 et
675 1579 746 1647 olio
757 1578 812 1645 die
821 1602 900 1646 cum
910 1579 1069 1646 exirento
1078 1579 1245 1646 Bethania
1255 1576 1371 1644 esuriit
1376 1596 1390 1659 ;
1400 1576 1471 1664 opi·

136 1690 237 1752 natur
255 1685 337 1752 Vici.
351 1686 435 1752 haec
449 1686 553 1751 scribi
568 1687 679 1753 solum
694 1709 734 1753 ex
748 1685 897 1775 quadam
909 1686 1103 1753 coniectura
1115 1686 1374 1775 discipulorum
1392 1705 1470 1749 oum

136 1790 227 1857 enim
249 1791 406 1859 viderent
430 1792 602 1859 Christum
618 1793 778 1861 accedere
791 1792 834 1859 ad
851 1792 956 1859 ficum
972 1797 1005 1858 ct
1018 1790 1176 1858 audirent
1190 1792 1262 1858 eius
1275 1791 1397 1869 verba,
1416 1811 1471 1855 eos

135 1897 337 1964 conclusisse
346 1898 686 1966 Christumaccedere
702 1905 739 1964 ut
749 1903 931 1988 quaereret
940 1898 1183 1986 fructumquia
1193 1898 1350 1978 esuriret;
1368 1895 1469 1962 scribi

136 2002 229 2071 enim
252 2004 335 2071 alias
356 2026 492 2094 quoque
507 2005 687 2094 opiniones
706 2004 965 2095 discipulorum.
985 2005 1151 2072 Similiter
1170 2003 1305 2070 videtur
1319 2000 1394 2068 Alb.
1411 2023 1471 2067 ne-

136 2131 220 2197 gare
230 2110 376 2176 esuriem
388 2110 528 2190 Christi,
544 2133 623 2178 cum
636 2112 747 2178 solum
758 2111 801 2178 de
812 2113 922 2178 esurie
936 2105 1080 2201 explicet
1090 2134 1159 2201 qua
1169 2110 1320 2178 Christus
1330 2109 1471 2176 salutem

138 2213 339 2282 ludaeorum
359 2215 542 2283 desideret.
566 2217 795 2307 Aliisplaouit
812 2219 957 2284 esuriem
975 2239 1042 2284 non
1065 2217 1168 2284 fuisse
1185 2217 1392 2295 naturalem,
1413 2213 1472 2281 sed

136 2321 311 2389 voluntate
327 2329 361 2388 et
380 2331 497 2412 sponte
519 2325 719 2391 accersitam
737 2323 858 2414 (Male.
880 2326 970 2391 lons.
989 2323 1086 2413 Lep.)
1107 2329 1143 2389 ut
1160 2343 1310 2413 peream
1331 2322 1473 2388 haberet

138 2429 349 2508 occasionem
364 2428 592 2496 maledicendi
609 2430 788 2510 ficulneae;
806 2431 861 2497 vel
877 2453 948 2497 sese
960 2431 1067 2496 solum
1083 2433 1131 2495 iia
1146 2430 1284 2515 gessisse
1299 2450 1339 2494 ac
1353 2429 1379 2493 si
1396 2449 1472 2493 esu-

138 2535 222 2602 riret
239 2534 359 2624 (Ereti.
381 2537 522 2626 Leoty);
545 2538 653 2603 immo
679 2538 760 2605 Vict.
784 2540 898 2604 censet
917 2537 1088 2603 neminem
1112 2537 1183 2602 fore
1205 2535 1290 2601 adeo
1309 2532 1472 2600 imbecilli

136 2640 270 2729 ingenii
295 2648 334 2709 ut
349 2649 445 2733 putet
465 2645 634 2710 matutino
650 2651 804 2734 tempore
821 2665 899 2711 eum
914 2643 973 2711 tali
993 2639 1204 2710 stimulatom
1221 2664 1290 2708 esso
1308 2642 1416 2721 fame,
1441 2645 1473 2706 et

140 2748 277 2836 quaerit
293 2748 377 2837 quid
397 2772 474 2816 cum
490 2750 661 2839 impedire
680 2751 841 2840 potuisset
855 2773 898 2817 ne
915 2750 1054 2817 domum
1072 2751 1279 2839 relinqueret
1293 2754 1472 2838 postquam

138 2853 358 2923 comedisset?
369 2856 435 2922 Sed
447 2856 599 2946 profecto
617 2863 758 2939 nonest,
775 2879 836 2924 cur
849 2879 869 2923 a
880 2856 1034 2946 simplice
1047 2863 1081 2922 et
1093 2857 1206 2923 nativa
1218 2855 1398 2922 verborum
1410 2876 1472 2919 no·

137 2959 229 3027 tione
242 2961 459 3043 recedamus3
476 2992 492 3023 «
507 2964 628 3029 esuriit
639 2965 674 3029 in
689 2965 847 3046 veritate,
864 2968 981 3052 utpote
995 2968 1107 3030 mutae
1119 2961 1307 3028 sobrietatis
1322 2967 1359 3025 ut
1371 2961 1473 3026 etiam

138 3087 239 3133 mane
259 3069 405 3134 esuriret
426 3097 441 3128 υ
467 3069 515 3134 ait
537 3070 611 3136 cai.
632 3075 665 3135 ei
679 3070 837 3136 similiter
856 3069 915 3136 alii
931 3092 970 3135 ex
985 3070 1051 3136 hac
1064 3069 1174 3135 esurie
1191 3068 1359 3154 colligunt
1376 3067 1473 3132 Chri-

136 3178 226 3240 stum
248 3173 382 3241 modice
404 3176 546 3241 coenula
567 3197 668 3241 usum
688 3197 775 3258 esse;
797 3198 829 3242 v.
855 3182 894 3242 13
912 3197 1055 3264 cumque
1071 3175 1206 3241 videlieet
1221 3197 1242 3240 a
1259 3172 1356 3262 lonpe
1368 3174 1473 3262 ficum

136 3277 314 3346 laedentem
337 3279 445 3369 solie,
467 3282 558 3348 venit
576 3282 709 3371 siquid
727 3284 817 3371 sorte
837 3281 1004 3349 inveniret
1022 3282 1058 3348 in
1080 3304 1120 3348 eo
1138 3278 1161 3342 εἰ
1177 3275 1234 3369 ἄρα
1250 3283 1276 3347 si
1295 3283 1413 3367 igitur,
1431 3301 1473 3345 an

135 3386 242 3473 igitur
251 3386 336 3475 quid
352 3389 533 3466 inveniret,
549 3390 666 3478 itaque
682 3412 721 3455 ex
733 3411 773 3456 eo
783 3389 874 3479 quod
885 3388 988 3455 arbor
1001 3389 1069 3455 iam
1081 3411 1120 3455 eo
1132 3389 1213 3454 anni
1225 3394 1376 3477 tempore
1386 3385 1475 3452 loliis

135 3499 223 3559 esset
238 3493 356 3559 vestita
369 3494 452 3560 sicus
467 3516 605 3585 quoque
628 3496 782 3584 polliceri
801 3496 996 3562 videbatur.
1018 3495 1084 3561 Sed
1099 3497 1237 3585 quales?
1251 3495 1340 3561 eain
1357 3516 1392 3559 re
1407 3494 1473 3559 alia

135 3597 181 3665 ab
199 3598 275 3664 aliis
297 3605 503 3666 statuuntur.
527 3605 672 3668 Censent
686 3602 793 3691 aliqui
815 3602 963 3691 potuisse
978 3603 1164 3692 exspectari
1188 3603 1273 3668 ficus
1295 3621 1475 3691 praecoces

135 3726 212 3771 cum
229 3706 335 3772 arbor
349 3706 426 3772 loco
444 3709 562 3797 aprico
576 3709 639 3774 sita
656 3709 724 3774 iam
738 3709 869 3774 tructus
884 3709 1055 3775 maturos¹
1072 3709 1216 3795 gignere
1232 3709 1397 3797 potuerit;
1416 3707 1473 3772 alii

135 3810 172 3876 id
194 3818 323 3898 negant
343 3821 376 3879 et
396 3813 506 3879 solum
531 3814 615 3881 srous
634 3815 798 3881 serotinas
817 3836 905 3903 quae
928 3815 1002 3882 scil.
1023 3836 1115 3882 anno
1137 3815 1361 3904 praecedente
1381 3821 1474 3879 ortae

134 3917 203 3984 siut
216 3923 250 3983 et
262 3919 308 3985 sol
320 3941 375 3984 um
390 3920 504 3986 hieme
516 3925 686 3987 transacta
703 3921 746 3988 ad
767 3921 1000 3987 maturitatem
1016 3921 1232 3987 adducantur
1252 3922 1308 4008 (cl.
1328 3921 1473 4009 Scirem

135 4023 286 4104 Sedens,
304 4025 366 4091 Fil.
391 4027 476 4106 ted,
499 4026 563 4093 Ed.
584 4031 609 4092 ll
627 4050 660 4118 p.
681 4031 760 4116 ait)
780 4030 815 4094 in
830 4028 952 4094 arbore
966 4028 1108 4117 reperiri
1121 4027 1270 4116 potuisse
1290 4027 1473 4092 affirmant.

137 4131 311 4221 Quidquid
328 4138 389 4210 est,
409 4155 526 4199 omnes
540 4135 729 4200 consentire
744 4135 871 4201 debent
887 4135 1021 4201 luxurie
1039 4134 1198 4200 loliorum
1214 4134 1367 4223 promitti
1386 4135 1477 4198 sruc-

137 4243 223 4304 tum.

183 4344 249 4410 Sed
277 4368 356 4412 cum
381 4348 521 4413 vertisset
549 4346 600 4412 nd
619 4368 715 4427 eona,
744 4346 833 4414 nibil
856 4348 984 4415 r'noenit
1004 4363 1143 4438 praeter
1165 4347 1275 4436 solim·
1302 4369 1398 4427 enm,
1432 4349 1478 4413 uti

136 4450 265 4518 Plinius
279 4452 362 4518 dicit
376 4455 425 4540 (b.
445 4476 478 4518 n.
500 4455 627 4540 letti),
660 4454 722 4520 lico
746 4456 853 4520 serius
872 4455 993 4522 folium
1011 4464 1166 4522 nascatur
1199 4476 1302 4543 quam
1320 4476 1476 4542 pomum.

135 4557 164 4623 si
183 4578 252 4623 non
272 4557 356 4624 sicus
373 4561 416 4624 ab
434 4560 556 4626 ultimo
571 4583 679 4642 auno,
699 4561 815 4627 saltem
832 4561 948 4628 adesse
961 4562 1073 4629 debeb
1085 4570 1144 4627 ant
1157 4561 1240 4626 ficus
1256 4562 1475 4639 immaturae3

138 4663 221 4753 quia
245 4663 360 4753 itaque
386 4667 472 4732 nihil
499 4668 737 4756 reperiebatur
760 4669 826 4733 nisi
850 4668 947 4750 tolia,
978 4668 1083 4735 arbor
1110 4673 1183 4734 erat
1215 4667 1315 4757 plane
1338 4667 1476 4744 sterilis,

178 4838 200 4881 1,
217 4831 293 4881 Ficus
307 4845 442 4894 praetores
461 4834 613 4886 immaturas
632 4851 736 4902 quoque
749 4850 804 4887 esse
820 4841 945 4887 comestas
968 4838 1044 4889 simul
1062 4852 1091 4887 ac
1105 4837 1204 4901 aliquid
1237 4836 1308 4886 rubri
1331 4837 1424 4887 coloris
1437 4850 1478 4884 as·

143 4917 274 4962 sumerent
292 4913 317 4962 in
335 4912 448 4963 talmude
465 4915 593 4976 retertur;
608 4917 641 4967 ci.
658 4916 707 4967 ed.
723 4920 744 4966 ΙΙ
763 4933 788 4981 p.
802 4921 856 4968 375.
871 4918 991 4968 ceterum
1005 4917 1107 4968 vidend
1122 4919 1212 4967 Maitlr.
1231 4923 1314 4973 tine.
