3960 5654
282 553 324 616 ut

282 706 553 776 misericordiam
569 709 739 786 movetur;
758 731 844 774 unus
860 714 989 774 Marcus
1005 704 1100 770 addit
1115 731 1145 774 v.
1165 714 1203 774 tl
1221 709 1311 772 lesus
1323 721 1437 774 aretem
1456 706 1611 772 misertas

281 814 356 883 *eius
370 805 602 900 σπλαγχνισθεὶς
616 815 711 901 quasi
731 814 917 881 visceribus
937 819 1140 895 commotus,
1161 816 1291 879 viscera
1311 817 1403 879 enim
1423 811 1520 879 sedes
1539 832 1610 878 esse

284 920 512 991 credebantur
529 918 797 997 misericordiae,
819 919 955 986 amoris.
975 921 1010 982 ln
1030 919 1123 986 vultu
1146 926 1179 987 et
1204 918 1324 983 habitu
1346 921 1466 986 Christi
1488 917 1611 983 intima

283 1029 368 1095 haec
383 1010 553 1107 miseratio
563 1014 766 1093 cernebatur
778 1032 811 1091 et
826 1030 942 1092 Petrus
957 1015 1049 1089 testis
1061 1017 1124 1094 hoc
1137 1024 1285 1093 caritatis
1298 1025 1334 1088 in
1345 1027 1485 1092 miseros
1500 1045 1611 1090 exem·

281 1132 379 1224 plum
396 1131 432 1197 in
451 1132 520 1199 suis
538 1131 761 1200 concionibus
776 1152 846 1196 non
864 1132 984 1210 tacuit,
1004 1130 1093 1198 uude
1107 1138 1232 1199 llareus
1248 1129 1282 1196 id
1297 1132 1452 1217 explicite
1472 1151 1610 1222 quoque

282 1245 542 1318 commemorat3
560 1235 710 1305 extendit
720 1258 859 1301 monum
875 1258 974 1302 satum
985 1248 1017 1302 et
1032 1251 1172 1327 tanqam
1184 1258 1262 1302 eum
1276 1236 1328 1302 vel
1347 1240 1460 1324 potius
1478 1246 1611 1306 :exten-

282 1343 365 1410 dens
377 1367 518 1413 manum
531 1344 643 1430 tetigit
653 1360 747 1416 eum;
760 1343 894 1432 quaerit
911 1342 992 1410 Vict.
1006 1367 1067 1411 our
1082 1345 1246 1430 tetigerit,
1261 1365 1338 1409 oum
1354 1349 1467 1409 tamen
1478 1367 1517 1409 ex
1533 1346 1610 1430 lege

280 1450 386 1540 isqui
406 1457 564 1538 tangeret
584 1448 781 1515 immundus
799 1449 978 1516 evaderet?
999 1450 1192 1541 respondet,
1217 1457 1253 1515 ut
1275 1448 1465 1517 ostenderet
1487 1454 1609 1515 Serva-

280 1563 391 1626 torem
402 1559 498 1625 nulla
507 1557 605 1642 tangi
614 1555 851 1640 immunditia,
866 1580 901 1623 se
916 1580 983 1624 non
997 1580 1066 1624 esse
1077 1557 1140 1623 sub
1156 1556 1249 1642 lege,
1267 1557 1327 1623 sed
1342 1578 1414 1623 esse
1430 1556 1610 1632 domiuum

281 1663 385 1752 legis,
406 1685 509 1753 seque
534 1668 571 1729 ut
587 1662 766 1728 Dominum
788 1685 924 1743 sanare,
947 1686 1015 1730 non
1036 1666 1070 1728 in
1091 1662 1229 1729 modum
1243 1665 1331 1729 servi
1347 1664 1448 1752 (sicut
1464 1662 1610 1729 Elisaeus

279 1774 432 1839 Naaman
447 1774 571 1857 Syrum
586 1790 656 1835 non
672 1771 851 1859 aspexerit,
869 1770 930 1837 sed
945 1770 989 1836 ad
1005 1768 1180 1835 lordanem
1195 1770 1350 1856 miserit).
1369 1771 1491 1855 Tangit
1510 1789 1607 1848 eum,

279 1883 318 1944 ut
330 1878 492 1944 virtutem
509 1875 682 1942 humanae
695 1883 836 1942 naturae
851 1875 886 1942 in
904 1898 938 1942 se
953 1877 1121 1955 adstruat,
1137 1875 1219 1942 dum
1236 1898 1306 1941 non
1321 1877 1533 1963 inquinatur,
1549 1873 1612 1941 sed

279 1987 371 2050 tactu
391 1981 536 2050 mundat
553 1981 685 2072 lepram
700 1982 820 2071 (Gai.);
835 1983 884 2048 ait
902 1980 957 2048 illi
973 2005 984 2048 .·
998 1982 1090 2060 colo,
1106 1981 1290 2064 mundorc;
1307 2012 1323 2042 (ι
1339 1983 1509 2070 simulque
1522 1979 1611 2046 illud

278 2089 437 2157 mirabile
452 2087 546 2178 quod
559 2109 600 2154 eo
618 2089 750 2155 sanavit
767 2110 894 2175 genere
912 2111 981 2177 quo
1002 2090 1112 2155 luerat
1130 2089 1340 2168 obsecratus;
1363 2088 1467 2154 habes
1486 2088 1609 2154 volun-

278 2199 384 2263 tatem
400 2196 501 2263 etiam
523 2194 629 2261 habes
644 2195 777 2284 pietatis
791 2194 966 2277 effectum;
982 2218 1050 2261 non
1071 2216 1153 2281 ergo
1170 2195 1221 2284 (ut
1239 2194 1395 2284 plerique
1413 2196 1609 2261 Latinorum

277 2303 413 2392 putant)
430 2300 645 2388 iungendum
657 2307 707 2368 est
723 2307 756 2366 et
769 2300 956 2387 legendum
975 2301 1049 2368 volo
1070 2301 1326 2383 rrezaeodore,'sed
1342 2309 1554 2390 separatum,
1572 2306 1609 2367 ut

279 2409 432 2499 primum
450 2407 541 2475 dicat
557 2407 648 2487 volo,
667 2406 748 2474 dein
761 2407 908 2497 imperet
926 2407 1092 2475 mundare
1115 2437 1130 2468 o
1149 2407 1277 2496 (Beda).

310 2515 416 2583 'Nihil
427 2514 586 2581 'medium
596 2520 645 2581 est
656 2515 746 2581 inter
760 2536 845 2603 opus
856 2515 912 2580 uei
926 2522 1028 2604 atque
1040 2522 1274 2605 praeceptum,
1289 2517 1369 2605 quia
1380 2517 1414 2581 in
1427 2521 1609 2605 praecepto

279 2628 329 2690 est
352 2643 455 2712 opus;
476 2621 624 2712 denique
644 2621 728 2687 dixit
747 2627 781 2687 et
806 2621 896 2688 facta
920 2629 998 2687 suut
1019 2622 1084 2710 (Ps.
1112 2628 1203 2704 329,
1230 2622 1348 2710 Beda),
1371 2645 1402 2688 v.
1425 2629 1468 2690 tt
1483 2634 1515 2687 et
1531 2643 1609 2687 cum

277 2728 433 2809 dixisset,
453 2729 570 2804 statim
584 2728 738 2803 discessit¹
750 2727 802 2799 ab.
812 2751 850 2795 eo
872 2726 966 2818 lepra
983 2743 1015 2794 et
1028 2728 1212 2795 mundatus
1228 2741 1296 2812 est;
1310 2725 1510 2815 iaatapiodo¹
1531 2727 1606 2794 scil.

203 2831 206 2839 ’
276 2835 448 2925 leprosus,
467 2835 503 2901 id
518 2835 612 2925 quod
626 2835 774 2917 additur,
793 2841 829 2901 ut
849 2837 923 2926 ipsa
940 2838 1090 2902 narratio
1106 2837 1290 2903 sanationis
1306 2836 1466 2903 mandato
1481 2835 1606 2901 Christi

209 2959 212 2966 '
277 2946 458 3029 congruat.
479 2943 596 3010 llatth.
613 2948 669 3023 8,3
684 2942 810 3029 legitur
825 2942 965 3031 quidem
983 2965 990 3010 :
1009 2944 1170 3010 mundata
1186 2952 1235 3010 est
1247 2944 1343 3032 lepra
1354 2944 1444 3022 eius;
1461 2941 1521 3008 sed
1529 2963 1608 3008 oum

277 3048 335 3116 hic
349 3047 590 3138 praemittatur
606 3047 756 3115 discessit
766 3050 881 3139 lepra,
903 3051 1042 3116 omnino
1062 3050 1223 3139 explicari
1240 3050 1341 3116 debet
1354 3056 1389 3115 et
1408 3051 1493 3115 verti
1510 3071 1608 3115 mure·

277 3154 378 3222 datus
392 3167 461 3237 est;
481 3159 559 3221 Luc.
580 3160 658 3235 5‚13
678 3155 787 3221 solum
807 3157 903 3245 prius
924 3157 1116 3222 membrum
1137 3157 1262 3242 legitur
1280 3150 1333 3216 καὶ
1350 3153 1454 3228 εὐθέως
1472 3158 1491 3223 t,
1512 3157 1609 3242 λέπρα

278 3257 411 3336 darilla
429 3261 483 3323 ἀπ’
504 3261 607 3324 αὐτοῦ.
628 3264 749 3328 Omnes
768 3268 836 3327 tres
857 3261 1129 3328 efferuntstotim
1147 3265 1170 3329 i.
1193 3285 1222 3328 e.
1244 3263 1344 3328 simul
1363 3285 1442 3329 oum
1465 3263 1609 3350 imperio

278 3366 401 3434 Christi
426 3367 682 3435 mundationem
707 3390 776 3434 esse
800 3368 966 3435 allectam.
992 3374 1099 3446 Quare
1121 3370 1339 3435 arbitrarium
1362 3377 1412 3435 est
1437 3373 1470 3434 et
1488 3374 1608 3434 contra

278 3474 406 3540 claram
421 3475 651 3541 narrationem
667 3481 813 3541 statuere
828 3496 905 3540 cum
931 3476 1033 3541 Weiss
1047 3477 1254 3542 sanationem
1268 3498 1338 3542 esse
1350 3475 1504 3542 ellectam
1520 3497 1607 3564 pau-

277 3579 392 3661 latim,
415 3579 498 3647 dum
522 3579 580 3646 ille
600 3587 759 3670 pergeret
778 3580 825 3648 ad
844 3580 1072 3660 sacerdotem,
1100 3590 1132 3647 et
1155 3581 1281 3648 idcirco
1301 3583 1384 3671 quia
1406 3589 1493 3647 esset
1511 3582 1608 3670 lepra

175 3750 178 3755 .
278 3685 513 3753 iniectuscum
525 3687 789 3753 comminatione
801 3710 880 3753 eum
893 3710 994 3754 essee
1010 3693 1077 3753 lesu
1088 3688 1212 3754 edomo
1221 3690 1378 3755 eiectum.
1390 3692 1479 3754 lesus
1490 3709 1606 3755 severe

276 3793 307 3860 ei
322 3793 491 3882 praecipit
506 3813 549 3858 ne
564 3793 767 3860 miraculum
782 3795 817 3859 in
835 3793 959 3881 vulgus
975 3794 1092 3861 efferat
1107 3817 1253 3883 eumque
1268 3795 1379 3862 statim
1401 3795 1497 3860 abire
1513 3794 1608 3862 iubet

276 3920 310 3965 v.
327 3906 368 3967 t3
382 3912 415 3966 et
429 3899 656 3966 comminutus
670 3913 719 3965 est
730 3901 763 3966 ei
777 3892 1038 3987 s'pdprprooipevog
1058 3901 1139 3979 αὐτῷ
1158 3903 1201 3968 cl.
1213 3903 1327 3968 llatth.
1341 3908 1434 3981 9,30,
1449 3923 1517 3990 quo
1530 3901 1604 3967 soil.

276 4007 428 4081 severius
447 4006 647 4073 mandatum
667 4006 814 4073 inculcet
826 4008 1009 4097 statimque
1022 4008 1117 4074 eiecit
1134 4006 1233 4073 illum
1251 4009 1272 4073 i.
1291 4031 1321 4074 e.
1339 4008 1512 4095 ablegavit
1526 4029 1607 4074 eum

246 4194 250 4202 Ι
277 4111 434 4179 celeriter
449 4113 502 4180 vel
515 4114 660 4179 invitum
677 4113 765 4201 (cai.
785 4117 974 4202 Erasmus).
992 4115 1102 4181 verbis
1119 4115 1281 4201 gravibus
1294 4137 1371 4180 eum
1388 4115 1484 4181 iussit
1496 4115 1605 4200 abire;

276 4216 320 4302 de
332 4217 398 4285 hoc
419 4241 481 4285 usu
495 4220 589 4286 vocis
603 4209 758 4280 tatamen
775 4219 980 4287 vide'llatth.
998 4228 1088 4301 925.
1112 4225 1210 4288 llarc.
1227 4228 1319 4303 5,t0.
1341 4226 1412 4288 hot.
1431 4227 1525 4302 9,l0;
1550 4227 1604 4304 16,

277 4329 332 4392 37.
348 4328 416 4392 Hoc
431 4326 631 4393 mandatum
645 4347 722 4393 eum
736 4328 915 4394 severitate
934 4350 1004 4394 esse
1019 4329 1206 4394 iniunctum
1220 4349 1367 4418 eumque
1381 4331 1495 4394 statim
1510 4327 1606 4395 abire

275 4430 404 4497 iussum
416 4433 505 4500 solus
518 4441 635 4500 narrat
648 4437 790 4513 llarous;
807 4435 909 4499 etiam
925 4434 981 4500 hic
997 4439 1130 4500 Petrum
1145 4440 1263 4501 testem
1281 4437 1329 4500 rei
1345 4435 1405 4524 qui
1425 4443 1458 4501 et
1472 4433 1604 4501 vultum

275 4538 1605 4630 Dominisonumquevocisettotumagendihabitumaccurateconsideravitet
1670 4581 1673 4588 ·

276 4664 336 4710 sua
352 4643 518 4711 relatione
531 4649 704 4737 expressit,
722 4647 979 4736 deprehendere
990 4647 1068 4713 licet
1078 4672 1085 4727 3
1097 4670 1127 4712 r.
1144 4655 1184 4715 tt
1198 4663 1231 4714 et
1244 4648 1324 4715 dicit
1334 4652 1367 4716 ci
1374 4648 1608 4715 :videremini

274 4749 416 4831 deheres,
428 4773 509 4819 cavo
520 4752 581 4819 ulli
596 4754 784 4844 quidquam
793 4754 896 4821 dicas.
911 4755 1019 4820 Voluit
1030 4756 1179 4821 Christus
1191 4779 1252 4845 pro
1262 4763 1427 4844 suaparte
1438 4756 1604 4845 impedire

308 4923 329 4968 t.
348 4917 479 5048 Dqtorma
493 4918 595 4971 dialecti
615 4923 711 4974 maced.
728 4926 874 4989 ἐκαθερίσθη
888 4938 966 4988 quam
980 4923 1058 4988 aliqui
1078 4923 1141 4974 codd
1156 4923 1285 4988 praebent,
1298 4925 1355 4975 ride
1369 4927 1479 4984 Grturm,
1497 4925 1604 4976 tunicor

275 5011 375 5063 graeco
387 5003 422 5050 at.
435 5013 456 5050 s.
470 5013 495 5051 v.
