<?xml version="1.0" encoding="UTF-8"?>
<!DOCTYPE html PUBLIC "-//W3C//DTD XHTML 1.0 Transitional//EN"
    "http://www.w3.org/TR/xhtml1/DTD/xhtml1-transitional.dtd">
<html xmlns="http://www.w3.org/1999/xhtml" xml:lang="en" lang="en">
 <head>
  <title>
</title>
<meta http-equiv="Content-Type" content="text/html;charset=utf-8" />
  <meta name='ocr-system' content='tesseract 3.04.00' />
  <meta name='ocr-capabilities' content='ocr_page ocr_carea ocr_par ocr_line ocrx_word'/>
</head>
<body>
  <div class='ocr_page' id='page_1' title='image "./commentariusinq01knabgoog_0361.png"; bbox 0 0 3960 5654; ppageno 0'>
   <div class='ocr_carea' id='block_1_1' title="bbox 173 524 1504 764">
    <p class='ocr_par' dir='ltr' id='par_1_1' title="bbox 173 524 1504 764">
     <span class='ocr_line' id='line_1_1' title="bbox 174 524 957 592; baseline -0.003 -8"><span class='ocrx_word' id='word_1_1' title='bbox 174 524 233 584; x_wconf 75' lang='lat' dir='ltr'><strong>ato</strong></span> <span class='ocrx_word' id='word_1_2' title='bbox 720 542 813 586; x_wconf 73' lang='lat' dir='ltr'><strong>nanc.</strong></span> <span class='ocrx_word' id='word_1_3' title='bbox 837 524 885 592; x_wconf 77' lang='lat' dir='ltr'><strong>ta,</strong></span> <span class='ocrx_word' id='word_1_4' title='bbox 910 524 957 584; x_wconf 75' lang='lat' dir='ltr'><strong>tt.</strong></span> 
     </span>
     <span class='ocr_line' id='line_1_2' title="bbox 173 655 1504 764; baseline -0.007 -26"><span class='ocrx_word' id='word_1_5' title='bbox 173 674 287 740; x_wconf 76' lang='lat' dir='ltr'><strong>Persio</strong></span> <span class='ocrx_word' id='word_1_6' title='bbox 303 669 543 738; x_wconf 88' lang='lat' dir='ltr'><strong>Theodotionis</strong></span> <span class='ocrx_word' id='word_1_7' title='bbox 562 676 596 736; x_wconf 92' lang='lat' dir='ltr'><strong>et</strong></span> <span class='ocrx_word' id='word_1_8' title='bbox 613 677 693 740; x_wconf 85' lang='lat' dir='ltr'><strong>Lxx</strong></span> <span class='ocrx_word' id='word_1_9' title='bbox 712 674 879 764; x_wconf 80' lang='lat' dir='ltr'><strong>praebent</strong></span> <span class='ocrx_word' id='word_1_10' title='bbox 892 677 972 740; x_wconf 80' lang='lat' dir='ltr'><strong>Itan.</strong></span> <span class='ocrx_word' id='word_1_11' title='bbox 1000 678 1080 755; x_wconf 68' lang='grc' dir='ltr'><strong>9,Ξῖ</strong></span> <span class='ocrx_word' id='word_1_12' title='bbox 1100 665 1149 731; x_wconf 80' lang='grc' dir='ltr'><strong>ἐπὶ</strong></span> <span class='ocrx_word' id='word_1_13' title='bbox 1175 671 1211 734; x_wconf 85' lang='grc' dir='ltr'><strong>τὸ</strong></span> <span class='ocrx_word' id='word_1_14' title='bbox 1242 670 1313 761; x_wconf 71' lang='grc' dir='ltr'>ἱερὸν</span> <span class='ocrx_word' id='word_1_15' title='bbox 1343 655 1504 757; x_wconf 67' lang='grc' dir='ltr'>βδεἋυγμα</span> 
     </span>
    </p>
   </div>
   <div class='ocr_carea' id='block_1_2' title="bbox 44 774 1504 871">
    <p class='ocr_par' dir='ltr' id='par_1_2' title="bbox 44 774 1504 871">
     <span class='ocr_line' id='line_1_3' title="bbox 44 774 1504 871; baseline -0.003 -26"><span class='ocrx_word' id='word_1_16' title='bbox 44 816 48 824; x_wconf 65' lang='lat'>‹</span> <span class='ocrx_word' id='word_1_17' title='bbox 172 785 232 841; x_wconf 85' lang='grc' dir='ltr'><strong>τῶν</strong></span> <span class='ocrx_word' id='word_1_18' title='bbox 245 774 442 864; x_wconf 55' lang='lat' dir='ltr'><strong>{paradoxum</strong></span> <span class='ocrx_word' id='word_1_19' title='bbox 471 798 510 843; x_wconf 93' lang='lat' dir='ltr'><strong>eo</strong></span> <span class='ocrx_word' id='word_1_20' title='bbox 537 777 611 845; x_wconf 89' lang='lat' dir='ltr'><strong>loco</strong></span> <span class='ocrx_word' id='word_1_21' title='bbox 644 787 717 871; x_wconf 92' lang='lat' dir='ltr'><strong>post</strong></span> <span class='ocrx_word' id='word_1_22' title='bbox 744 783 887 846; x_wconf 92' lang='lat' dir='ltr'><strong>mortem</strong></span> <span class='ocrx_word' id='word_1_23' title='bbox 908 782 1043 847; x_wconf 88' lang='lat' dir='ltr'><strong>ltessiae</strong></span> <span class='ocrx_word' id='word_1_24' title='bbox 1066 777 1276 866; x_wconf 79' lang='lat' dir='ltr'><strong>praedicitur</strong></span> <span class='ocrx_word' id='word_1_25' title='bbox 1300 777 1444 846; x_wconf 91' lang='lat' dir='ltr'><strong>vastatio</strong></span> <span class='ocrx_word' id='word_1_26' title='bbox 1471 783 1504 842; x_wconf 90' lang='lat' dir='ltr'><strong>et</strong></span> 
     </span>
    </p>
   </div>
   <div class='ocr_carea' id='block_1_3' title="bbox 81 882 1505 2572">
    <p class='ocr_par' dir='ltr' id='par_1_3' title="bbox 81 882 1505 2572">
     <span class='ocr_line' id='line_1_4' title="bbox 172 882 1504 973; baseline -0.002 -22"><span class='ocrx_word' id='word_1_27' title='bbox 172 882 337 951; x_wconf 78' lang='lat' dir='ltr'>desolatio</span> <span class='ocrx_word' id='word_1_28' title='bbox 364 905 371 951; x_wconf 94' lang='lat'><strong>:</strong></span> <span class='ocrx_word' id='word_1_29' title='bbox 396 888 428 948; x_wconf 91' lang='lat' dir='ltr'><strong>et</strong></span> <span class='ocrx_word' id='word_1_30' title='bbox 449 884 621 952; x_wconf 89' lang='lat' dir='ltr'><strong>civitatem</strong></span> <span class='ocrx_word' id='word_1_31' title='bbox 642 895 675 954; x_wconf 93' lang='lat' dir='ltr'><strong>et</strong></span> <span class='ocrx_word' id='word_1_32' title='bbox 698 884 928 954; x_wconf 78' lang='lat' dir='ltr'><strong>sanctuarium</strong></span> <span class='ocrx_word' id='word_1_33' title='bbox 945 883 1123 973; x_wconf 75' lang='lat' dir='ltr'><strong>dissipabit</strong></span> <span class='ocrx_word' id='word_1_34' title='bbox 1149 884 1295 973; x_wconf 92' lang='lat' dir='ltr'><strong>populus</strong></span> <span class='ocrx_word' id='word_1_35' title='bbox 1317 907 1396 952; x_wconf 90' lang='lat' dir='ltr'><strong>cum</strong></span> <span class='ocrx_word' id='word_1_36' title='bbox 1418 883 1504 949; x_wconf 91' lang='lat' dir='ltr'><strong>duce</strong></span> 
     </span>
     <span class='ocr_line' id='line_1_5' title="bbox 174 991 1505 1083; baseline -0.002 -28"><span class='ocrx_word' id='word_1_37' title='bbox 174 994 333 1078; x_wconf 90' lang='lat' dir='ltr'><strong>venturo,</strong></span> <span class='ocrx_word' id='word_1_38' title='bbox 365 991 419 1056; x_wconf 91' lang='lat' dir='ltr'><strong>vel</strong></span> <span class='ocrx_word' id='word_1_39' title='bbox 443 991 563 1079; x_wconf 90' lang='lat' dir='ltr'><strong>perdet</strong></span> <span class='ocrx_word' id='word_1_40' title='bbox 588 994 735 1083; x_wconf 90' lang='lat' dir='ltr'><strong>populus</strong></span> <span class='ocrx_word' id='word_1_41' title='bbox 763 991 859 1058; x_wconf 88' lang='lat' dir='ltr'><strong>ducis</strong></span> <span class='ocrx_word' id='word_1_42' title='bbox 890 991 1035 1060; x_wconf 89' lang='lat' dir='ltr'><strong>venturi.</strong></span> <span class='ocrx_word' id='word_1_43' title='bbox 1070 994 1179 1068; x_wconf 84' lang='lat' dir='ltr'><strong>Quare</strong></span> <span class='ocrx_word' id='word_1_44' title='bbox 1212 992 1427 1058; x_wconf 84' lang='lat' dir='ltr'><strong>manifestum</strong></span> <span class='ocrx_word' id='word_1_45' title='bbox 1456 995 1505 1056; x_wconf 89' lang='lat' dir='ltr'><strong>est</strong></span> 
     </span>
     <span class='ocr_line' id='line_1_6' title="bbox 174 1096 1501 1189; baseline 0 -27"><span class='ocrx_word' id='word_1_46' title='bbox 174 1096 343 1162; x_wconf 87' lang='lat' dir='ltr'><strong>Christum</strong></span> <span class='ocrx_word' id='word_1_47' title='bbox 358 1096 402 1161; x_wconf 91' lang='lat' dir='ltr'><strong>ad</strong></span> <span class='ocrx_word' id='word_1_48' title='bbox 424 1096 491 1164; x_wconf 90' lang='lat' dir='ltr'><strong>hoc</strong></span> <span class='ocrx_word' id='word_1_49' title='bbox 506 1101 674 1189; x_wconf 84' lang='lat' dir='ltr'><strong>respicere</strong></span> <span class='ocrx_word' id='word_1_50' title='bbox 690 1098 882 1181; x_wconf 90' lang='lat' dir='ltr'><strong>oraculum,</strong></span> <span class='ocrx_word' id='word_1_51' title='bbox 898 1122 966 1166; x_wconf 93' lang='lat' dir='ltr'><strong>non</strong></span> <span class='ocrx_word' id='word_1_52' title='bbox 982 1096 1027 1164; x_wconf 90' lang='lat' dir='ltr'><strong>ad</strong></span> <span class='ocrx_word' id='word_1_53' title='bbox 1042 1096 1149 1164; x_wconf 91' lang='lat' dir='ltr'><strong>verba</strong></span> <span class='ocrx_word' id='word_1_54' title='bbox 1165 1096 1290 1162; x_wconf 91' lang='lat' dir='ltr'><strong>similia</strong></span> <span class='ocrx_word' id='word_1_55' title='bbox 1303 1102 1386 1166; x_wconf 81' lang='lat' dir='ltr'><strong>Itan.</strong></span> <span class='ocrx_word' id='word_1_56' title='bbox 1404 1103 1501 1177; x_wconf 71' lang='lat' dir='ltr'><strong>mat</strong></span> 
     </span>
     <span class='ocr_line' id='line_1_7' title="bbox 103 1202 1505 1295; baseline 0.001 -28"><span class='ocrx_word' id='word_1_57' title='bbox 103 1228 105 1232; x_wconf 49' lang='lat'><em>⁴</em></span> <span class='ocrx_word' id='word_1_58' title='bbox 175 1202 362 1281; x_wconf 77' lang='lat' dir='ltr'><strong>ve112,11‚</strong></span> <span class='ocrx_word' id='word_1_59' title='bbox 391 1225 480 1293; x_wconf 93' lang='lat' dir='ltr'><strong>quae</strong></span> <span class='ocrx_word' id='word_1_60' title='bbox 505 1205 546 1272; x_wconf 92' lang='lat' dir='ltr'><strong>de</strong></span> <span class='ocrx_word' id='word_1_61' title='bbox 571 1211 727 1295; x_wconf 90' lang='lat' dir='ltr'><strong>tempore</strong></span> <span class='ocrx_word' id='word_1_62' title='bbox 749 1203 908 1272; x_wconf 90' lang='lat' dir='ltr'><strong>dicuntur</strong></span> <span class='ocrx_word' id='word_1_63' title='bbox 936 1203 1093 1272; x_wconf 75' lang='lat' dir='ltr'><strong>Antiochi</strong></span> <span class='ocrx_word' id='word_1_64' title='bbox 1117 1203 1316 1293; x_wconf 83' lang='lat' dir='ltr'><strong>Epiphanis,</strong></span> <span class='ocrx_word' id='word_1_65' title='bbox 1349 1205 1400 1270; x_wconf 90' lang='lat' dir='ltr'><strong>uti</strong></span> <span class='ocrx_word' id='word_1_66' title='bbox 1422 1204 1505 1294; x_wconf 90' lang='lat' dir='ltr'><strong>ipsis</strong></span> 
     </span>
     <span class='ocr_line' id='line_1_8' title="bbox 173 1306 1500 1396; baseline 0.002 -24"><span class='ocrx_word' id='word_1_67' title='bbox 173 1306 272 1373; x_wconf 89' lang='lat' dir='ltr'><strong>libris</strong></span> <span class='ocrx_word' id='word_1_68' title='bbox 295 1310 575 1378; x_wconf 68' lang='lat' dir='ltr'><strong>machabaeorum</strong></span> <span class='ocrx_word' id='word_1_69' title='bbox 594 1316 628 1377; x_wconf 94' lang='lat' dir='ltr'><strong>et</strong></span> <span class='ocrx_word' id='word_1_70' title='bbox 650 1314 773 1375; x_wconf 91' lang='lat' dir='ltr'><strong>eventu</strong></span> <span class='ocrx_word' id='word_1_71' title='bbox 800 1332 915 1378; x_wconf 87' lang='lat' dir='ltr'><strong>rerum</strong></span> <span class='ocrx_word' id='word_1_72' title='bbox 942 1309 1133 1376; x_wconf 87' lang='lat' dir='ltr'><strong>ostenditur</strong></span> <span class='ocrx_word' id='word_1_73' title='bbox 1161 1311 1191 1396; x_wconf 89' lang='lat' dir='ltr'><strong>(t</strong></span> <span class='ocrx_word' id='word_1_74' title='bbox 1217 1308 1321 1376; x_wconf 85' lang='lat' dir='ltr'><strong>llach.</strong></span> <span class='ocrx_word' id='word_1_75' title='bbox 1351 1315 1500 1393; x_wconf 60' lang='lat' dir='ltr'><strong>tacet.</strong></span> 
     </span>
     <span class='ocr_line' id='line_1_9' title="bbox 170 1414 1503 1507; baseline 0.002 -28"><span class='ocrx_word' id='word_1_76' title='bbox 170 1419 191 1479; x_wconf 76' lang='lat'><strong>2</strong></span> <span class='ocrx_word' id='word_1_77' title='bbox 220 1414 325 1481; x_wconf 88' lang='lat' dir='ltr'><strong>lIach.</strong></span> <span class='ocrx_word' id='word_1_78' title='bbox 357 1424 451 1500; x_wconf 75' lang='lat'><strong>6‚2-9</strong></span> <span class='ocrx_word' id='word_1_79' title='bbox 481 1417 574 1504; x_wconf 79' lang='lat' dir='ltr'><strong>eta).</strong></span> <span class='ocrx_word' id='word_1_80' title='bbox 608 1415 703 1492; x_wconf 86' lang='lat' dir='ltr'><strong>Quod</strong></span> <span class='ocrx_word' id='word_1_81' title='bbox 730 1420 856 1484; x_wconf 87' lang='lat' dir='ltr'><strong>llarcus</strong></span> <span class='ocrx_word' id='word_1_82' title='bbox 879 1416 995 1484; x_wconf 90' lang='lat' dir='ltr'><strong>scribit</strong></span> <span class='ocrx_word' id='word_1_83' title='bbox 1014 1416 1186 1497; x_wconf 72' lang='grc' dir='ltr'><strong>ἑστηκάτα,</strong></span> <span class='ocrx_word' id='word_1_84' title='bbox 1208 1415 1378 1505; x_wconf 88' lang='lat' dir='ltr'><strong>explicant</strong></span> <span class='ocrx_word' id='word_1_85' title='bbox 1398 1416 1503 1507; x_wconf 86' lang='lat' dir='ltr'><strong>aliqui</strong></span> 
     </span>
     <span class='ocr_line' id='line_1_10' title="bbox 173 1513 1504 1614; baseline 0.001 -28"><span class='ocrx_word' id='word_1_86' title='bbox 173 1527 331 1588; x_wconf 89' lang='lat' dir='ltr'><strong>neutrum</strong></span> <span class='ocrx_word' id='word_1_87' title='bbox 370 1523 505 1614; x_wconf 90' lang='lat' dir='ltr'><strong>plurale</strong></span> <span class='ocrx_word' id='word_1_88' title='bbox 538 1519 744 1611; x_wconf 74' lang='lat' dir='ltr'><strong>(Vollmer),</strong></span> <span class='ocrx_word' id='word_1_89' title='bbox 775 1524 823 1590; x_wconf 91' lang='lat' dir='ltr'><strong>ita</strong></span> <span class='ocrx_word' id='word_1_90' title='bbox 849 1530 886 1590; x_wconf 95' lang='lat' dir='ltr'><strong>ut</strong></span> <span class='ocrx_word' id='word_1_91' title='bbox 903 1513 1065 1611; x_wconf 64' lang='grc' dir='ltr'>βδελυγμα</span> <span class='ocrx_word' id='word_1_92' title='bbox 1084 1531 1260 1614; x_wconf 87' lang='lat' dir='ltr'><strong>tamquam</strong></span> <span class='ocrx_word' id='word_1_93' title='bbox 1286 1543 1412 1589; x_wconf 92' lang='lat' dir='ltr'><strong>nomen</strong></span> <span class='ocrx_word' id='word_1_94' title='bbox 1436 1522 1504 1588; x_wconf 91' lang='lat' dir='ltr'><strong>col·</strong></span> 
     </span>
     <span class='ocr_line' id='line_1_11' title="bbox 170 1625 1501 1716; baseline 0.002 -24"><span class='ocrx_word' id='word_1_95' title='bbox 170 1625 331 1696; x_wconf 90' lang='lat' dir='ltr'><strong>lectivum</strong></span> <span class='ocrx_word' id='word_1_96' title='bbox 356 1630 591 1697; x_wconf 84' lang='lat' dir='ltr'><strong>consideretur</strong></span> <span class='ocrx_word' id='word_1_97' title='bbox 615 1635 648 1694; x_wconf 91' lang='lat' dir='ltr'><strong>et</strong></span> <span class='ocrx_word' id='word_1_98' title='bbox 673 1630 770 1696; x_wconf 91' lang='lat' dir='ltr'><strong>varia</strong></span> <span class='ocrx_word' id='word_1_99' title='bbox 793 1629 1087 1696; x_wconf 89' lang='lat' dir='ltr'><strong>abominationum</strong></span> <span class='ocrx_word' id='word_1_100' title='bbox 1108 1651 1238 1716; x_wconf 83' lang='lat' dir='ltr'><strong>genera</strong></span> <span class='ocrx_word' id='word_1_101' title='bbox 1262 1630 1501 1716; x_wconf 81' lang='lat' dir='ltr'><strong>designentur;</strong></span> 
     </span>
     <span class='ocr_line' id='line_1_12' title="bbox 81 1734 1505 1825; baseline -0.001 -25"><span class='ocrx_word' id='word_1_102' title='bbox 81 1776 83 1782; x_wconf 92' lang='lat'>·</span> <span class='ocrx_word' id='word_1_103' title='bbox 168 1734 380 1824; x_wconf 89' lang='lat' dir='ltr'><strong>frequentius</strong></span> <span class='ocrx_word' id='word_1_104' title='bbox 411 1743 525 1802; x_wconf 91' lang='lat' dir='ltr'><strong>tamen</strong></span> <span class='ocrx_word' id='word_1_105' title='bbox 563 1737 762 1825; x_wconf 92' lang='lat' dir='ltr'><strong>concipiunt</strong></span> <span class='ocrx_word' id='word_1_106' title='bbox 797 1736 1026 1802; x_wconf 85' lang='lat' dir='ltr'><strong>accusativum</strong></span> <span class='ocrx_word' id='word_1_107' title='bbox 1063 1736 1241 1802; x_wconf 85' lang='lat' dir='ltr'><strong>masculini</strong></span> <span class='ocrx_word' id='word_1_108' title='bbox 1277 1736 1430 1822; x_wconf 81' lang='lat' dir='ltr'><strong>generis,</strong></span> <span class='ocrx_word' id='word_1_109' title='bbox 1467 1741 1505 1801; x_wconf 91' lang='lat' dir='ltr'><strong>ut</strong></span> 
     </span>
     <span class='ocr_line' id='line_1_13' title="bbox 167 1836 1500 1931; baseline 0 -25"><span class='ocrx_word' id='word_1_110' title='bbox 167 1843 239 1909; x_wconf 89' lang='lat' dir='ltr'><strong>scil.</strong></span> <span class='ocrx_word' id='word_1_111' title='bbox 271 1842 520 1909; x_wconf 86' lang='lat' dir='ltr'><strong>constructione</strong></span> <span class='ocrx_word' id='word_1_112' title='bbox 552 1863 656 1931; x_wconf 92' lang='lat' dir='ltr'><strong>quam</strong></span> <span class='ocrx_word' id='word_1_113' title='bbox 676 1836 761 1904; x_wconf 79' lang='grc' dir='ltr'><strong>κατὰ</strong></span> <span class='ocrx_word' id='word_1_114' title='bbox 775 1840 907 1923; x_wconf 74' lang='grc' dir='ltr'>σύνεσιν,</span> <span class='ocrx_word' id='word_1_115' title='bbox 929 1842 974 1908; x_wconf 91' lang='lat' dir='ltr'><strong>ad</strong></span> <span class='ocrx_word' id='word_1_116' title='bbox 997 1863 1150 1923; x_wconf 87' lang='lat' dir='ltr'><strong>sensum,</strong></span> <span class='ocrx_word' id='word_1_117' title='bbox 1175 1847 1296 1908; x_wconf 92' lang='lat' dir='ltr'><strong>vocant</strong></span> <span class='ocrx_word' id='word_1_118' title='bbox 1323 1843 1380 1929; x_wconf 85' lang='lat' dir='ltr'><strong>(cl.</strong></span> <span class='ocrx_word' id='word_1_119' title='bbox 1409 1849 1500 1922; x_wconf 69' lang='lat' dir='ltr'><strong>ate.</strong></span> 
     </span>
     <span class='ocr_line' id='line_1_14' title="bbox 167 1947 1502 2038; baseline 0.001 -25"><span class='ocrx_word' id='word_1_120' title='bbox 167 1947 224 2035; x_wconf 76' lang='lat'><strong>25)</strong></span> <span class='ocrx_word' id='word_1_121' title='bbox 248 1948 460 2035; x_wconf 84' lang='lat' dir='ltr'><strong>significetur</strong></span> <span class='ocrx_word' id='word_1_122' title='bbox 474 1952 592 2014; x_wconf 87' lang='lat' dir='ltr'><strong>auctor</strong></span> <span class='ocrx_word' id='word_1_123' title='bbox 618 1948 895 2036; x_wconf 89' lang='lat' dir='ltr'><strong>abominationis.</strong></span> <span class='ocrx_word' id='word_1_124' title='bbox 926 1949 1022 2015; x_wconf 88' lang='lat' dir='ltr'><strong>Prior</strong></span> <span class='ocrx_word' id='word_1_125' title='bbox 1047 1948 1199 2038; x_wconf 88' lang='lat' dir='ltr'><strong>acceptio</strong></span> <span class='ocrx_word' id='word_1_126' title='bbox 1221 1953 1368 2038; x_wconf 88' lang='lat' dir='ltr'><strong>spectato</strong></span> <span class='ocrx_word' id='word_1_127' title='bbox 1387 1970 1502 2014; x_wconf 87' lang='lat' dir='ltr'><strong>rerum</strong></span> 
     </span>
     <span class='ocr_line' id='line_1_15' title="bbox 165 2054 1505 2145; baseline -0.001 -25"><span class='ocrx_word' id='word_1_128' title='bbox 165 2059 288 2121; x_wconf 88' lang='lat' dir='ltr'><strong>eventu</strong></span> <span class='ocrx_word' id='word_1_129' title='bbox 303 2056 443 2120; x_wconf 92' lang='lat' dir='ltr'><strong>omnino</strong></span> <span class='ocrx_word' id='word_1_130' title='bbox 457 2054 591 2120; x_wconf 91' lang='lat' dir='ltr'><strong>admitti</strong></span> <span class='ocrx_word' id='word_1_131' title='bbox 606 2060 727 2144; x_wconf 91' lang='lat' dir='ltr'><strong>potest.</strong></span> <span class='ocrx_word' id='word_1_132' title='bbox 744 2057 866 2121; x_wconf 89' lang='lat' dir='ltr'><strong>Notum</strong></span> <span class='ocrx_word' id='word_1_133' title='bbox 878 2054 970 2122; x_wconf 92' lang='lat' dir='ltr'><strong>enim</strong></span> <span class='ocrx_word' id='word_1_134' title='bbox 985 2061 1034 2122; x_wconf 90' lang='lat' dir='ltr'><strong>est</strong></span> <span class='ocrx_word' id='word_1_135' title='bbox 1048 2063 1177 2145; x_wconf 89' lang='lat' dir='ltr'><strong>quanta</strong></span> <span class='ocrx_word' id='word_1_136' title='bbox 1189 2055 1315 2122; x_wconf 90' lang='lat' dir='ltr'><strong>scelera</strong></span> <span class='ocrx_word' id='word_1_137' title='bbox 1328 2061 1361 2120; x_wconf 93' lang='lat' dir='ltr'><strong>et</strong></span> <span class='ocrx_word' id='word_1_138' title='bbox 1373 2054 1505 2140; x_wconf 82' lang='lat' dir='ltr'><strong>tlagitia</strong></span> 
     </span>
     <span class='ocr_line' id='line_1_16' title="bbox 165 2160 1505 2251; baseline -0.001 -24"><span class='ocrx_word' id='word_1_139' title='bbox 165 2161 291 2227; x_wconf 84' lang='lat' dir='ltr'><strong>zelotae</strong></span> <span class='ocrx_word' id='word_1_140' title='bbox 316 2162 376 2251; x_wconf 91' lang='lat' dir='ltr'><strong>qui</strong></span> <span class='ocrx_word' id='word_1_141' title='bbox 402 2161 667 2251; x_wconf 86' lang='lat' dir='ltr'><strong>appellabantur</strong></span> <span class='ocrx_word' id='word_1_142' title='bbox 695 2161 794 2228; x_wconf 93' lang='lat' dir='ltr'><strong>initio</strong></span> <span class='ocrx_word' id='word_1_143' title='bbox 821 2161 902 2228; x_wconf 89' lang='lat' dir='ltr'><strong>belli</strong></span> <span class='ocrx_word' id='word_1_144' title='bbox 937 2162 1072 2250; x_wconf 18' lang='lat' dir='ltr'><strong>iudaici*</strong></span> <span class='ocrx_word' id='word_1_145' title='bbox 1093 2162 1128 2227; x_wconf 95' lang='lat' dir='ltr'><strong>in</strong></span> <span class='ocrx_word' id='word_1_146' title='bbox 1160 2162 1233 2251; x_wconf 91' lang='lat' dir='ltr'><strong>ipso</strong></span> <span class='ocrx_word' id='word_1_147' title='bbox 1258 2160 1387 2250; x_wconf 87' lang='lat' dir='ltr'><strong>templo</strong></span> <span class='ocrx_word' id='word_1_148' title='bbox 1416 2181 1505 2227; x_wconf 91' lang='lat' dir='ltr'><strong>com-</strong></span> 
     </span>
     <span class='ocr_line' id='line_1_17' title="bbox 167 2267 1504 2358; baseline 0 -25"><span class='ocrx_word' id='word_1_149' title='bbox 167 2268 332 2334; x_wconf 84' lang='lat' dir='ltr'><strong>miserint.</strong></span> <span class='ocrx_word' id='word_1_150' title='bbox 360 2267 413 2334; x_wconf 91' lang='lat' dir='ltr'><strong>Uti</strong></span> <span class='ocrx_word' id='word_1_151' title='bbox 444 2267 604 2357; x_wconf 81' lang='lat' dir='ltr'><strong>Iosephus</strong></span> <span class='ocrx_word' id='word_1_152' title='bbox 633 2269 753 2351; x_wconf 85' lang='lat' dir='ltr'><strong>refert,</strong></span> <span class='ocrx_word' id='word_1_153' title='bbox 782 2273 935 2351; x_wconf 70' lang='lat' dir='ltr'><strong>ananus,</strong></span> <span class='ocrx_word' id='word_1_154' title='bbox 963 2290 1040 2335; x_wconf 92' lang='lat' dir='ltr'><strong>cum</strong></span> <span class='ocrx_word' id='word_1_155' title='bbox 1059 2268 1102 2356; x_wconf 54' lang='lat' dir='ltr'><strong>⁸in</strong></span> <span class='ocrx_word' id='word_1_156' title='bbox 1131 2268 1297 2357; x_wconf 88' lang='lat' dir='ltr'><strong>templum</strong></span> <span class='ocrx_word' id='word_1_157' title='bbox 1323 2289 1425 2358; x_wconf 90' lang='lat' dir='ltr'><strong>saepe</strong></span> <span class='ocrx_word' id='word_1_158' title='bbox 1450 2289 1504 2333; x_wconf 90' lang='lat' dir='ltr'><strong>re-</strong></span> 
     </span>
     <span class='ocr_line' id='line_1_18' title="bbox 166 2373 1505 2465; baseline 0 -25"><span class='ocrx_word' id='word_1_159' title='bbox 166 2380 349 2464; x_wconf 86' lang='lat' dir='ltr'><strong>spectasset</strong></span> <span class='ocrx_word' id='word_1_160' title='bbox 366 2376 549 2465; x_wconf 91' lang='lat' dir='ltr'><strong>oculosque</strong></span> <span class='ocrx_word' id='word_1_161' title='bbox 562 2374 720 2457; x_wconf 78' lang='lat' dir='ltr'><strong>lacrimis</strong></span> <span class='ocrx_word' id='word_1_162' title='bbox 740 2374 925 2465; x_wconf 88' lang='lat' dir='ltr'><strong>opplesset,</strong></span> <span class='ocrx_word' id='word_1_163' title='bbox 948 2374 1109 2465; x_wconf 86' lang='lat' dir='ltr'><strong>equidem</strong></span> <span class='ocrx_word' id='word_1_164' title='bbox 1131 2374 1232 2455; x_wconf 90' lang='lat' dir='ltr'><strong>mihi,</strong></span> <span class='ocrx_word' id='word_1_165' title='bbox 1250 2373 1378 2463; x_wconf 91' lang='lat' dir='ltr'><strong>inquit,</strong></span> <span class='ocrx_word' id='word_1_166' title='bbox 1401 2375 1505 2440; x_wconf 90' lang='lat' dir='ltr'><strong>satius</strong></span> 
     </span>
     <span class='ocr_line' id='line_1_19' title="bbox 169 2480 1504 2572; baseline -0.001 -25"><span class='ocrx_word' id='word_1_167' title='bbox 169 2487 254 2548; x_wconf 88' lang='lat' dir='ltr'><strong>esset</strong></span> <span class='ocrx_word' id='word_1_168' title='bbox 285 2481 390 2564; x_wconf 83' lang='lat' dir='ltr'><strong>mori,</strong></span> <span class='ocrx_word' id='word_1_169' title='bbox 426 2502 530 2572; x_wconf 92' lang='lat' dir='ltr'><strong>quam</strong></span> <span class='ocrx_word' id='word_1_170' title='bbox 562 2481 621 2546; x_wconf 82' lang='lat' dir='ltr'><strong>[tei</strong></span> <span class='ocrx_word' id='word_1_171' title='bbox 652 2481 865 2548; x_wconf 92' lang='lat' dir='ltr'><strong>domicilium</strong></span> <span class='ocrx_word' id='word_1_172' title='bbox 897 2481 1013 2548; x_wconf 89' lang='lat' dir='ltr'><strong>videre</strong></span> <span class='ocrx_word' id='word_1_173' title='bbox 1038 2481 1185 2570; x_wconf 88' lang='lat' dir='ltr'><strong>piaculis</strong></span> <span class='ocrx_word' id='word_1_174' title='bbox 1209 2481 1311 2547; x_wconf 86' lang='lat' dir='ltr'><strong>tantis</strong></span> <span class='ocrx_word' id='word_1_175' title='bbox 1342 2480 1504 2546; x_wconf 90' lang='lat' dir='ltr'><strong>obrutum</strong></span> 
     </span>
    </p>
   </div>
   <div class='ocr_carea' id='block_1_4' title="bbox 68 2586 1504 2677">
    <p class='ocr_par' dir='ltr' id='par_1_4' title="bbox 68 2586 1504 2677">
     <span class='ocr_line' id='line_1_20' title="bbox 68 2586 1504 2677; baseline -0.001 -23"><span class='ocrx_word' id='word_1_176' title='bbox 68 2591 72 2599; x_wconf 83' lang='grc'><em>“</em></span> <span class='ocrx_word' id='word_1_177' title='bbox 170 2587 417 2677; x_wconf 87' lang='lat' dir='ltr'><strong>oppletumque</strong></span> <span class='ocrx_word' id='word_1_178' title='bbox 437 2593 540 2677; x_wconf 91' lang='lat' dir='ltr'><strong>atque</strong></span> <span class='ocrx_word' id='word_1_179' title='bbox 559 2588 731 2655; x_wconf 88' lang='lat' dir='ltr'><strong>inaccessa</strong></span> <span class='ocrx_word' id='word_1_180' title='bbox 750 2594 784 2654; x_wconf 89' lang='lat' dir='ltr'><strong>et</strong></span> <span class='ocrx_word' id='word_1_181' title='bbox 807 2594 924 2656; x_wconf 90' lang='lat' dir='ltr'><strong>sancta</strong></span> <span class='ocrx_word' id='word_1_182' title='bbox 937 2588 1012 2655; x_wconf 92' lang='lat' dir='ltr'><strong>loca</strong></span> <span class='ocrx_word' id='word_1_183' title='bbox 1033 2588 1275 2655; x_wconf 87' lang='lat' dir='ltr'><strong>sceleratorum</strong></span> <span class='ocrx_word' id='word_1_184' title='bbox 1291 2586 1435 2677; x_wconf 90' lang='lat' dir='ltr'><strong>pedibus</strong></span> <span class='ocrx_word' id='word_1_185' title='bbox 1451 2608 1504 2653; x_wconf 90' lang='lat' dir='ltr'><strong>re·</strong></span> 
     </span>
    </p>
   </div>
   <div class='ocr_carea' id='block_1_5' title="bbox 166 2683 1505 3506">
    <p class='ocr_par' dir='ltr' id='par_1_5' title="bbox 166 2683 1505 3506">
     <span class='ocr_line' id='line_1_21' title="bbox 169 2683 1505 2784; baseline 0 -25"><span class='ocrx_word' id='word_1_186' title='bbox 169 2694 256 2760; x_wconf 84' lang='lat' dir='ltr'><strong>ferta</strong></span> <span class='ocrx_word' id='word_1_187' title='bbox 275 2695 368 2782; x_wconf 88' lang='lat' dir='ltr'><strong>(Bell.</strong></span> <span class='ocrx_word' id='word_1_188' title='bbox 391 2695 464 2761; x_wconf 92' lang='lat' dir='ltr'><strong>iud.</strong></span> <span class='ocrx_word' id='word_1_189' title='bbox 491 2702 559 2776; x_wconf 81' lang='lat' dir='ltr'><strong>t‚3.</strong></span> <span class='ocrx_word' id='word_1_190' title='bbox 589 2695 656 2784; x_wconf 81' lang='lat'>10).</span> <span class='ocrx_word' id='word_1_191' title='bbox 679 2695 747 2762; x_wconf 91' lang='lat' dir='ltr'><strong>Sed</strong></span> <span class='ocrx_word' id='word_1_192' title='bbox 765 2696 794 2777; x_wconf 86' lang='lat' dir='ltr'><strong>si</strong></span> <span class='ocrx_word' id='word_1_193' title='bbox 813 2695 856 2762; x_wconf 91' lang='lat' dir='ltr'><strong>ad</strong></span> <span class='ocrx_word' id='word_1_194' title='bbox 870 2695 1068 2762; x_wconf 85' lang='lat' dir='ltr'><strong>vaticinium</strong></span> <span class='ocrx_word' id='word_1_195' title='bbox 1085 2683 1202 2761; x_wconf 87' lang='lat' dir='ltr'><strong>Daniel</strong></span> <span class='ocrx_word' id='word_1_196' title='bbox 1221 2700 1300 2778; x_wconf 70' lang='grc' dir='ltr'><strong>9,Ξό</strong></span> <span class='ocrx_word' id='word_1_197' title='bbox 1321 2695 1505 2783; x_wconf 89' lang='lat' dir='ltr'><strong>respexeris</strong></span> 
     </span>
     <span class='ocr_line' id='line_1_22' title="bbox 171 2800 1504 2891; baseline -0.002 -24"><span class='ocrx_word' id='word_1_198' title='bbox 171 2807 204 2867; x_wconf 90' lang='lat' dir='ltr'><strong>et</strong></span> <span class='ocrx_word' id='word_1_199' title='bbox 227 2800 368 2891; x_wconf 90' lang='lat' dir='ltr'><strong>insuper</strong></span> <span class='ocrx_word' id='word_1_200' title='bbox 391 2800 659 2868; x_wconf 89' lang='lat' dir='ltr'><strong>consideraveris</strong></span> <span class='ocrx_word' id='word_1_201' title='bbox 692 2808 772 2868; x_wconf 89' lang='lat' dir='ltr'><strong>Luc.</strong></span> <span class='ocrx_word' id='word_1_202' title='bbox 805 2808 925 2885; x_wconf 55' lang='lat'>2120,</span> <span class='ocrx_word' id='word_1_203' title='bbox 948 2803 1033 2868; x_wconf 84' lang='lat' dir='ltr'><strong>forte</strong></span> <span class='ocrx_word' id='word_1_204' title='bbox 1062 2801 1161 2867; x_wconf 89' lang='lat' dir='ltr'><strong>alteri</strong></span> <span class='ocrx_word' id='word_1_205' title='bbox 1188 2800 1415 2890; x_wconf 83' lang='lat' dir='ltr'><strong>explanationi</strong></span> <span class='ocrx_word' id='word_1_206' title='bbox 1446 2821 1504 2866; x_wconf 91' lang='lat' dir='ltr'><strong>ac-</strong></span> 
     </span>
     <span class='ocr_line' id='line_1_23' title="bbox 171 2907 1505 2997; baseline -0.001 -26"><span class='ocrx_word' id='word_1_207' title='bbox 171 2908 309 2973; x_wconf 90' lang='lat' dir='ltr'><strong>cesseris</strong></span> <span class='ocrx_word' id='word_1_208' title='bbox 329 2909 376 2972; x_wconf 89' lang='lat' dir='ltr'><strong>ita</strong></span> <span class='ocrx_word' id='word_1_209' title='bbox 397 2914 434 2973; x_wconf 93' lang='lat' dir='ltr'><strong>ut</strong></span> <span class='ocrx_word' id='word_1_210' title='bbox 457 2909 621 2974; x_wconf 90' lang='lat' dir='ltr'><strong>exercitus</strong></span> <span class='ocrx_word' id='word_1_211' title='bbox 646 2930 785 2997; x_wconf 92' lang='lat' dir='ltr'><strong>quoque</strong></span> <span class='ocrx_word' id='word_1_212' title='bbox 808 2907 1023 2995; x_wconf 85' lang='lat' dir='ltr'><strong>intelligatur</strong></span> <span class='ocrx_word' id='word_1_213' title='bbox 1046 2929 1207 2974; x_wconf 91' lang='lat' dir='ltr'><strong>romanus</strong></span> <span class='ocrx_word' id='word_1_214' title='bbox 1225 2908 1505 2996; x_wconf 91' lang='lat' dir='ltr'><strong>appropinquans</strong></span> 
     </span>
     <span class='ocr_line' id='line_1_24' title="bbox 168 3011 1503 3103; baseline 0 -25"><span class='ocrx_word' id='word_1_215' title='bbox 168 3017 201 3078; x_wconf 92' lang='lat' dir='ltr'><strong>et</strong></span> <span class='ocrx_word' id='word_1_216' title='bbox 225 3012 437 3079; x_wconf 92' lang='lat' dir='ltr'><strong>obsidionem</strong></span> <span class='ocrx_word' id='word_1_217' title='bbox 464 3014 637 3081; x_wconf 90' lang='lat' dir='ltr'><strong>minitans.</strong></span> <span class='ocrx_word' id='word_1_218' title='bbox 667 3019 703 3079; x_wconf 93' lang='lat' dir='ltr'><strong>ln</strong></span> <span class='ocrx_word' id='word_1_219' title='bbox 731 3036 800 3103; x_wconf 91' lang='lat' dir='ltr'><strong>qua</strong></span> <span class='ocrx_word' id='word_1_220' title='bbox 832 3021 948 3081; x_wconf 90' lang='lat' dir='ltr'><strong>tamen</strong></span> <span class='ocrx_word' id='word_1_221' title='bbox 979 3014 1173 3103; x_wconf 88' lang='lat' dir='ltr'><strong>acceptione</strong></span> <span class='ocrx_word' id='word_1_222' title='bbox 1205 3011 1346 3080; x_wconf 81' lang='lat' dir='ltr'><strong>difficile</strong></span> <span class='ocrx_word' id='word_1_223' title='bbox 1374 3018 1423 3077; x_wconf 94' lang='lat' dir='ltr'><strong>est</strong></span> <span class='ocrx_word' id='word_1_224' title='bbox 1444 3011 1503 3078; x_wconf 91' lang='lat' dir='ltr'><strong>de-</strong></span> 
     </span>
     <span class='ocr_line' id='line_1_25' title="bbox 169 3118 1502 3208; baseline -0.001 -23"><span class='ocrx_word' id='word_1_225' title='bbox 169 3119 318 3200; x_wconf 85' lang='lat' dir='ltr'><strong>clarare,</strong></span> <span class='ocrx_word' id='word_1_226' title='bbox 349 3119 521 3208; x_wconf 91' lang='lat' dir='ltr'><strong>quomodo</strong></span> <span class='ocrx_word' id='word_1_227' title='bbox 547 3119 629 3186; x_wconf 90' lang='lat' dir='ltr'><strong>dum</strong></span> <span class='ocrx_word' id='word_1_228' title='bbox 657 3119 783 3186; x_wconf 90' lang='lat' dir='ltr'><strong>milites</strong></span> <span class='ocrx_word' id='word_1_229' title='bbox 811 3121 950 3187; x_wconf 91' lang='lat' dir='ltr'><strong>romani</strong></span> <span class='ocrx_word' id='word_1_230' title='bbox 977 3120 1047 3187; x_wconf 89' lang='lat' dir='ltr'><strong>iam</strong></span> <span class='ocrx_word' id='word_1_231' title='bbox 1079 3119 1265 3185; x_wconf 91' lang='lat' dir='ltr'><strong>consistunt</strong></span> <span class='ocrx_word' id='word_1_232' title='bbox 1296 3119 1331 3183; x_wconf 93' lang='lat' dir='ltr'><strong>in</strong></span> <span class='ocrx_word' id='word_1_233' title='bbox 1356 3118 1502 3207; x_wconf 80' lang='lat' dir='ltr'><strong>temple,</strong></span> 
     </span>
     <span class='ocr_line' id='line_1_26' title="bbox 168 3225 1503 3316; baseline -0.001 -24"><span class='ocrx_word' id='word_1_234' title='bbox 168 3231 240 3301; x_wconf 86' lang='lat' dir='ltr'><strong>tum</strong></span> <span class='ocrx_word' id='word_1_235' title='bbox 270 3225 409 3293; x_wconf 90' lang='lat' dir='ltr'><strong>demum</strong></span> <span class='ocrx_word' id='word_1_236' title='bbox 437 3226 556 3313; x_wconf 84' lang='lat' dir='ltr'><strong>fugam</strong></span> <span class='ocrx_word' id='word_1_237' title='bbox 585 3248 760 3316; x_wconf 84' lang='lat' dir='ltr'><strong>capessere</strong></span> <span class='ocrx_word' id='word_1_238' title='bbox 789 3227 987 3294; x_wconf 89' lang='lat' dir='ltr'><strong>iubeantur.</strong></span> <span class='ocrx_word' id='word_1_239' title='bbox 1014 3230 1123 3304; x_wconf 83' lang='lat' dir='ltr'><strong>Quare</strong></span> <span class='ocrx_word' id='word_1_240' title='bbox 1149 3225 1439 3292; x_wconf 90' lang='lat' dir='ltr'><strong>abominationem</strong></span> <span class='ocrx_word' id='word_1_241' title='bbox 1469 3227 1503 3290; x_wconf 91' lang='lat' dir='ltr'><strong>in</strong></span> 
     </span>
     <span class='ocr_line' id='line_1_27' title="bbox 166 3332 1503 3421; baseline 0 -24"><span class='ocrx_word' id='word_1_242' title='bbox 166 3332 241 3397; x_wconf 94' lang='lat' dir='ltr'><strong>loco</strong></span> <span class='ocrx_word' id='word_1_243' title='bbox 253 3354 349 3399; x_wconf 90' lang='lat' dir='ltr'><strong>sacro</strong></span> <span class='ocrx_word' id='word_1_244' title='bbox 360 3333 472 3421; x_wconf 91' lang='lat' dir='ltr'><strong>potius</strong></span> <span class='ocrx_word' id='word_1_245' title='bbox 483 3332 524 3398; x_wconf 91' lang='lat' dir='ltr'><strong>de</strong></span> <span class='ocrx_word' id='word_1_246' title='bbox 536 3332 723 3398; x_wconf 90' lang='lat' dir='ltr'><strong>zelotarum</strong></span> <span class='ocrx_word' id='word_1_247' title='bbox 737 3333 876 3419; x_wconf 80' lang='lat' dir='ltr'><strong>flagitiis</strong></span> <span class='ocrx_word' id='word_1_248' title='bbox 891 3340 923 3399; x_wconf 90' lang='lat' dir='ltr'><strong>et</strong></span> <span class='ocrx_word' id='word_1_249' title='bbox 933 3332 1124 3419; x_wconf 80' lang='lat' dir='ltr'><strong>sacrilegiis</strong></span> <span class='ocrx_word' id='word_1_250' title='bbox 1133 3332 1300 3421; x_wconf 89' lang='lat' dir='ltr'><strong>explicare</strong></span> <span class='ocrx_word' id='word_1_251' title='bbox 1312 3332 1503 3397; x_wconf 89' lang='lat' dir='ltr'><strong>consultum</strong></span> 
     </span>
     <span class='ocr_line' id='line_1_28' title="bbox 168 3440 243 3506; baseline 0.013 -1"><span class='ocrx_word' id='word_1_252' title='bbox 168 3440 243 3506; x_wconf 89' lang='lat' dir='ltr'><strong>erit.</strong></span> 
     </span>
    </p>
   </div>
   <div class='ocr_carea' id='block_1_6' title="bbox 168 3580 1508 5030">
    <p class='ocr_par' dir='ltr' id='par_1_6' title="bbox 168 3580 1508 5030">
     <span class='ocr_line' id='line_1_29' title="bbox 210 3580 1501 3662; baseline -0.002 -20"><span class='ocrx_word' id='word_1_253' title='bbox 210 3580 299 3652; x_wconf 86' lang='lat' dir='ltr'><strong>Ouod</strong></span> <span class='ocrx_word' id='word_1_254' title='bbox 320 3581 467 3662; x_wconf 78' lang='lat' dir='ltr'><strong>Iosephus</strong></span> <span class='ocrx_word' id='word_1_255' title='bbox 492 3587 596 3641; x_wconf 88' lang='lat' dir='ltr'><strong>narrat</strong></span> <span class='ocrx_word' id='word_1_256' title='bbox 614 3581 750 3642; x_wconf 89' lang='lat' dir='ltr'><strong>Pilatum</strong></span> <span class='ocrx_word' id='word_1_257' title='bbox 768 3588 864 3642; x_wconf 90' lang='lat' dir='ltr'><strong>noctu</strong></span> <span class='ocrx_word' id='word_1_258' title='bbox 883 3583 997 3642; x_wconf 88' lang='lat' dir='ltr'><strong>velatas</strong></span> <span class='ocrx_word' id='word_1_259' title='bbox 1016 3582 1156 3656; x_wconf 82' lang='lat' dir='ltr'><strong>Caesaris</strong></span> <span class='ocrx_word' id='word_1_260' title='bbox 1172 3581 1323 3659; x_wconf 80' lang='lat' dir='ltr'><strong>imagines</strong></span> <span class='ocrx_word' id='word_1_261' title='bbox 1343 3581 1375 3640; x_wconf 90' lang='lat' dir='ltr'><strong>in</strong></span> <span class='ocrx_word' id='word_1_262' title='bbox 1390 3581 1501 3641; x_wconf 92' lang='lat' dir='ltr'><strong>urbem</strong></span> 
     </span>
     <span class='ocr_line' id='line_1_30' title="bbox 172 3678 1500 3757; baseline -0.001 -19"><span class='ocrx_word' id='word_1_263' title='bbox 172 3678 351 3740; x_wconf 78' lang='lat' dir='ltr'><strong>inferendas</strong></span> <span class='ocrx_word' id='word_1_264' title='bbox 366 3697 493 3740; x_wconf 90' lang='lat' dir='ltr'><strong>curasse</strong></span> <span class='ocrx_word' id='word_1_265' title='bbox 507 3679 598 3757; x_wconf 89' lang='lat' dir='ltr'><strong>(Bell.</strong></span> <span class='ocrx_word' id='word_1_266' title='bbox 613 3679 682 3739; x_wconf 89' lang='lat' dir='ltr'><strong>iud.</strong></span> <span class='ocrx_word' id='word_1_267' title='bbox 699 3681 761 3750; x_wconf 58' lang='lat'><strong>29.</strong></span> <span class='ocrx_word' id='word_1_268' title='bbox 779 3682 814 3753; x_wconf 75' lang='lat'><strong>23</strong></span> <span class='ocrx_word' id='word_1_269' title='bbox 829 3680 934 3756; x_wconf 77' lang='lat' dir='ltr'><strong>Antiq.</strong></span> <span class='ocrx_word' id='word_1_270' title='bbox 951 3681 1081 3752; x_wconf 84' lang='lat'><strong>18,3.1;</strong></span> <span class='ocrx_word' id='word_1_271' title='bbox 1098 3679 1137 3740; x_wconf 86' lang='lat' dir='ltr'><strong>cl.</strong></span> <span class='ocrx_word' id='word_1_272' title='bbox 1154 3679 1267 3739; x_wconf 86' lang='lat' dir='ltr'><strong>Euseb.</strong></span> <span class='ocrx_word' id='word_1_273' title='bbox 1285 3678 1316 3739; x_wconf 92' lang='lat' dir='ltr'><strong>h.</strong></span> <span class='ocrx_word' id='word_1_274' title='bbox 1334 3696 1361 3738; x_wconf 93' lang='lat' dir='ltr'><strong>e.</strong></span> <span class='ocrx_word' id='word_1_275' title='bbox 1378 3679 1442 3751; x_wconf 51' lang='grc' dir='ltr'><strong>λδ.</strong></span> <span class='ocrx_word' id='word_1_276' title='bbox 1454 3679 1500 3754; x_wconf 82' lang='lat' dir='ltr'><strong>t),</strong></span> 
     </span>
     <span class='ocr_line' id='line_1_31' title="bbox 169 3776 1502 3855; baseline -0.002 -18"><span class='ocrx_word' id='word_1_277' title='bbox 169 3776 332 3855; x_wconf 88' lang='lat' dir='ltr'><strong>aliquibus</strong></span> <span class='ocrx_word' id='word_1_278' title='bbox 348 3778 452 3838; x_wconf 92' lang='lat' dir='ltr'><strong>visum</strong></span> <span class='ocrx_word' id='word_1_279' title='bbox 468 3782 516 3838; x_wconf 90' lang='lat' dir='ltr'><strong>est</strong></span> <span class='ocrx_word' id='word_1_280' title='bbox 531 3782 642 3854; x_wconf 87' lang='lat' dir='ltr'><strong>aptum</strong></span> <span class='ocrx_word' id='word_1_281' title='bbox 658 3794 720 3853; x_wconf 93' lang='lat' dir='ltr'><strong>quo</strong></span> <span class='ocrx_word' id='word_1_282' title='bbox 736 3777 929 3837; x_wconf 90' lang='lat' dir='ltr'><strong>abominatio</strong></span> <span class='ocrx_word' id='word_1_283' title='bbox 943 3777 1149 3837; x_wconf 88' lang='lat' dir='ltr'><strong>desolationis</strong></span> <span class='ocrx_word' id='word_1_284' title='bbox 1166 3778 1197 3836; x_wconf 90' lang='lat' dir='ltr'><strong>in</strong></span> <span class='ocrx_word' id='word_1_285' title='bbox 1215 3777 1284 3837; x_wconf 92' lang='lat' dir='ltr'><strong>loco</strong></span> <span class='ocrx_word' id='word_1_286' title='bbox 1300 3793 1386 3836; x_wconf 89' lang='lat' dir='ltr'><strong>sacro</strong></span> <span class='ocrx_word' id='word_1_287' title='bbox 1403 3777 1502 3854; x_wconf 82' lang='lat' dir='ltr'><strong>expli-</strong></span> 
     </span>
     <span class='ocr_line' id='line_1_32' title="bbox 172 3873 1503 3956; baseline -0.002 -20"><span class='ocrx_word' id='word_1_288' title='bbox 172 3882 281 3948; x_wconf 84' lang='lat' dir='ltr'><strong>cetur3</strong></span> <span class='ocrx_word' id='word_1_289' title='bbox 305 3876 344 3936; x_wconf 86' lang='lat' dir='ltr'><strong>cl.</strong></span> <span class='ocrx_word' id='word_1_290' title='bbox 368 3873 403 3935; x_wconf 90' lang='lat' dir='ltr'><strong>S.</strong></span> <span class='ocrx_word' id='word_1_291' title='bbox 424 3874 513 3935; x_wconf 79' lang='lat' dir='ltr'><strong>Hier.</strong></span> <span class='ocrx_word' id='word_1_292' title='bbox 546 3874 621 3933; x_wconf 85' lang='lat' dir='ltr'><strong>Vict.</strong></span> <span class='ocrx_word' id='word_1_293' title='bbox 644 3873 721 3933; x_wconf 88' lang='lat' dir='ltr'><strong>Bed.</strong></span> <span class='ocrx_word' id='word_1_294' title='bbox 747 3873 880 3956; x_wconf 82' lang='lat' dir='ltr'><strong>Theoph.</strong></span> <span class='ocrx_word' id='word_1_295' title='bbox 902 3873 972 3935; x_wconf 76' lang='lat' dir='ltr'><strong>Ate.</strong></span> <span class='ocrx_word' id='word_1_296' title='bbox 993 3876 1112 3935; x_wconf 90' lang='lat' dir='ltr'><strong>Verum</strong></span> <span class='ocrx_word' id='word_1_297' title='bbox 1132 3892 1203 3935; x_wconf 91' lang='lat' dir='ltr'><strong>cum</strong></span> <span class='ocrx_word' id='word_1_298' title='bbox 1224 3874 1341 3934; x_wconf 90' lang='lat' dir='ltr'><strong>Pilatus</strong></span> <span class='ocrx_word' id='word_1_299' title='bbox 1365 3891 1403 3933; x_wconf 90' lang='lat' dir='ltr'><strong>eo</strong></span> <span class='ocrx_word' id='word_1_300' title='bbox 1423 3891 1503 3934; x_wconf 89' lang='lat' dir='ltr'><strong>ausu</strong></span> 
     </span>
     <span class='ocr_line' id='line_1_33' title="bbox 171 3971 1505 4051; baseline -0.001 -18"><span class='ocrx_word' id='word_1_301' title='bbox 171 3989 263 4033; x_wconf 92' lang='lat' dir='ltr'><strong>suum</strong></span> <span class='ocrx_word' id='word_1_302' title='bbox 282 3973 504 4050; x_wconf 88' lang='lat' dir='ltr'><strong>auspicaretur</strong></span> <span class='ocrx_word' id='word_1_303' title='bbox 523 3973 747 4051; x_wconf 88' lang='lat' dir='ltr'><strong>magistratum</strong></span> <span class='ocrx_word' id='word_1_304' title='bbox 767 3977 798 4033; x_wconf 90' lang='lat' dir='ltr'><strong>et</strong></span> <span class='ocrx_word' id='word_1_305' title='bbox 816 3974 948 4051; x_wconf 92' lang='lat' dir='ltr'><strong>proinde</strong></span> <span class='ocrx_word' id='word_1_306' title='bbox 969 3990 1044 4032; x_wconf 93' lang='lat' dir='ltr'><strong>cum</strong></span> <span class='ocrx_word' id='word_1_307' title='bbox 1066 3972 1208 4032; x_wconf 87' lang='lat' dir='ltr'><strong>Christus</strong></span> <span class='ocrx_word' id='word_1_308' title='bbox 1225 3971 1302 4031; x_wconf 92' lang='lat' dir='ltr'><strong>haec</strong></span> <span class='ocrx_word' id='word_1_309' title='bbox 1320 3972 1505 4049; x_wconf 89' lang='lat' dir='ltr'><strong>loqueretur</strong></span> 
     </span>
     <span class='ocr_line' id='line_1_34' title="bbox 169 4069 1502 4148; baseline -0.002 -19"><span class='ocrx_word' id='word_1_310' title='bbox 169 4070 221 4131; x_wconf 92' lang='lat' dir='ltr'><strong>illa</strong></span> <span class='ocrx_word' id='word_1_311' title='bbox 238 4071 302 4131; x_wconf 90' lang='lat' dir='ltr'><strong>iam</strong></span> <span class='ocrx_word' id='word_1_312' title='bbox 317 4077 387 4131; x_wconf 88' lang='lat' dir='ltr'><strong>acta</strong></span> <span class='ocrx_word' id='word_1_313' title='bbox 406 4075 514 4131; x_wconf 90' lang='lat' dir='ltr'><strong>essent</strong></span> <span class='ocrx_word' id='word_1_314' title='bbox 534 4088 613 4147; x_wconf 88' lang='lat' dir='ltr'><strong>quae</strong></span> <span class='ocrx_word' id='word_1_315' title='bbox 636 4071 791 4148; x_wconf 87' lang='lat' dir='ltr'><strong>Iosephus</strong></span> <span class='ocrx_word' id='word_1_316' title='bbox 810 4076 931 4139; x_wconf 88' lang='lat' dir='ltr'><strong>narrat,</strong></span> <span class='ocrx_word' id='word_1_317' title='bbox 948 4071 1026 4130; x_wconf 87' lang='lat' dir='ltr'><strong>haec</strong></span> <span class='ocrx_word' id='word_1_318' title='bbox 1046 4069 1213 4146; x_wconf 79' lang='lat' dir='ltr'><strong>explicatio</strong></span> <span class='ocrx_word' id='word_1_319' title='bbox 1233 4070 1344 4145; x_wconf 92' lang='lat' dir='ltr'><strong>nequit</strong></span> <span class='ocrx_word' id='word_1_320' title='bbox 1363 4070 1502 4129; x_wconf 85' lang='lat' dir='ltr'><strong>admitti.</strong></span> 
     </span>
     <span class='ocr_line' id='line_1_35' title="bbox 168 4166 1505 4251; baseline -0.001 -23"><span class='ocrx_word' id='word_1_321' title='bbox 168 4169 290 4229; x_wconf 88' lang='lat' dir='ltr'><strong>Pariter</strong></span> <span class='ocrx_word' id='word_1_322' title='bbox 311 4169 524 4251; x_wconf 87' lang='lat' dir='ltr'><strong>reiiciendum</strong></span> <span class='ocrx_word' id='word_1_323' title='bbox 547 4174 595 4228; x_wconf 90' lang='lat' dir='ltr'><strong>est</strong></span> <span class='ocrx_word' id='word_1_324' title='bbox 615 4169 702 4245; x_wconf 89' lang='lat' dir='ltr'><strong>quod</strong></span> <span class='ocrx_word' id='word_1_325' title='bbox 720 4168 774 4227; x_wconf 90' lang='lat' dir='ltr'><strong>alii</strong></span> <span class='ocrx_word' id='word_1_326' title='bbox 793 4169 973 4229; x_wconf 83' lang='lat' dir='ltr'><strong>statuebant</strong></span> <span class='ocrx_word' id='word_1_327' title='bbox 991 4167 1040 4227; x_wconf 90' lang='lat' dir='ltr'><strong>vel</strong></span> <span class='ocrx_word' id='word_1_328' title='bbox 1066 4166 1106 4226; x_wconf 92' lang='lat' dir='ltr'><strong>de</strong></span> <span class='ocrx_word' id='word_1_329' title='bbox 1129 4172 1230 4227; x_wconf 89' lang='lat' dir='ltr'><strong>statua</strong></span> <span class='ocrx_word' id='word_1_330' title='bbox 1246 4167 1307 4226; x_wconf 88' lang='lat' dir='ltr'><strong>&#39;Iiti</strong></span> <span class='ocrx_word' id='word_1_331' title='bbox 1328 4168 1359 4227; x_wconf 91' lang='lat' dir='ltr'><strong>iu</strong></span> <span class='ocrx_word' id='word_1_332' title='bbox 1386 4169 1505 4247; x_wconf 90' lang='lat' dir='ltr'><strong>templo</strong></span> 
     </span>
     <span class='ocr_line' id='line_1_36' title="bbox 169 4264 1504 4345; baseline -0.001 -19"><span class='ocrx_word' id='word_1_333' title='bbox 169 4266 336 4339; x_wconf 83' lang='lat' dir='ltr'><strong>collocata,</strong></span> <span class='ocrx_word' id='word_1_334' title='bbox 354 4267 393 4327; x_wconf 92' lang='lat' dir='ltr'><strong>de</strong></span> <span class='ocrx_word' id='word_1_335' title='bbox 411 4284 473 4345; x_wconf 89' lang='lat' dir='ltr'><strong>qua</strong></span> <span class='ocrx_word' id='word_1_336' title='bbox 488 4266 566 4326; x_wconf 89' lang='lat' dir='ltr'><strong>nihil</strong></span> <span class='ocrx_word' id='word_1_337' title='bbox 589 4266 720 4327; x_wconf 91' lang='lat' dir='ltr'><strong>omnino</strong></span> <span class='ocrx_word' id='word_1_338' title='bbox 739 4271 876 4340; x_wconf 87' lang='lat' dir='ltr'><strong>constat,</strong></span> <span class='ocrx_word' id='word_1_339' title='bbox 893 4267 942 4326; x_wconf 92' lang='lat' dir='ltr'><strong>vel</strong></span> <span class='ocrx_word' id='word_1_340' title='bbox 962 4265 1001 4326; x_wconf 90' lang='lat' dir='ltr'><strong>de</strong></span> <span class='ocrx_word' id='word_1_341' title='bbox 1021 4265 1135 4325; x_wconf 90' lang='lat' dir='ltr'><strong>statuis</strong></span> <span class='ocrx_word' id='word_1_342' title='bbox 1150 4265 1187 4324; x_wconf 92' lang='lat' dir='ltr'><strong>ab</strong></span> <span class='ocrx_word' id='word_1_343' title='bbox 1209 4264 1364 4324; x_wconf 90' lang='lat' dir='ltr'><strong>Hadriano</strong></span> <span class='ocrx_word' id='word_1_344' title='bbox 1380 4267 1504 4343; x_wconf 88' lang='lat' dir='ltr'><strong>positis,</strong></span> 
     </span>
     <span class='ocr_line' id='line_1_37' title="bbox 172 4362 1506 4442; baseline -0.001 -19"><span class='ocrx_word' id='word_1_345' title='bbox 172 4381 254 4441; x_wconf 91' lang='lat' dir='ltr'><strong>quae</strong></span> <span class='ocrx_word' id='word_1_346' title='bbox 267 4366 423 4425; x_wconf 90' lang='lat' dir='ltr'><strong>sententia</strong></span> <span class='ocrx_word' id='word_1_347' title='bbox 439 4364 503 4424; x_wconf 88' lang='lat' dir='ltr'><strong>iam</strong></span> <span class='ocrx_word' id='word_1_348' title='bbox 517 4366 638 4424; x_wconf 90' lang='lat' dir='ltr'><strong>ratione</strong></span> <span class='ocrx_word' id='word_1_349' title='bbox 655 4365 810 4441; x_wconf 91' lang='lat' dir='ltr'><strong>temporis</strong></span> <span class='ocrx_word' id='word_1_350' title='bbox 826 4364 1016 4442; x_wconf 89' lang='lat' dir='ltr'><strong>exploditur.</strong></span> <span class='ocrx_word' id='word_1_351' title='bbox 1030 4364 1107 4424; x_wconf 87' lang='lat' dir='ltr'><strong>Cum</strong></span> <span class='ocrx_word' id='word_1_352' title='bbox 1123 4363 1210 4422; x_wconf 92' lang='lat' dir='ltr'><strong>enim</strong></span> <span class='ocrx_word' id='word_1_353' title='bbox 1223 4362 1364 4422; x_wconf 88' lang='lat' dir='ltr'><strong>Christus</strong></span> <span class='ocrx_word' id='word_1_354' title='bbox 1380 4364 1506 4441; x_wconf 84' lang='lat' dir='ltr'><strong>signum</strong></span> 
     </span>
     <span class='ocr_line' id='line_1_38' title="bbox 170 4459 1506 4540; baseline 0.001 -19"><span class='ocrx_word' id='word_1_355' title='bbox 170 4459 224 4522; x_wconf 91' lang='lat' dir='ltr'><strong>det</strong></span> <span class='ocrx_word' id='word_1_356' title='bbox 236 4469 271 4522; x_wconf 92' lang='lat' dir='ltr'><strong>ut</strong></span> <span class='ocrx_word' id='word_1_357' title='bbox 285 4470 357 4523; x_wconf 90' lang='lat' dir='ltr'><strong>ante</strong></span> <span class='ocrx_word' id='word_1_358' title='bbox 373 4464 531 4523; x_wconf 88' lang='lat' dir='ltr'><strong>excidium</strong></span> <span class='ocrx_word' id='word_1_359' title='bbox 547 4463 637 4522; x_wconf 87' lang='lat' dir='ltr'><strong>urbis</strong></span> <span class='ocrx_word' id='word_1_360' title='bbox 651 4462 784 4540; x_wconf 83' lang='lat' dir='ltr'><strong>fugiant,</strong></span> <span class='ocrx_word' id='word_1_361' title='bbox 800 4462 877 4521; x_wconf 89' lang='lat' dir='ltr'><strong>nihil</strong></span> <span class='ocrx_word' id='word_1_362' title='bbox 889 4465 993 4539; x_wconf 89' lang='lat' dir='ltr'><strong>potest</strong></span> <span class='ocrx_word' id='word_1_363' title='bbox 1009 4460 1141 4540; x_wconf 86' lang='lat' dir='ltr'><strong>intelligi</strong></span> <span class='ocrx_word' id='word_1_364' title='bbox 1158 4460 1242 4538; x_wconf 91' lang='lat' dir='ltr'><strong>quod</strong></span> <span class='ocrx_word' id='word_1_365' title='bbox 1255 4461 1304 4520; x_wconf 92' lang='lat' dir='ltr'><strong>vel</strong></span> <span class='ocrx_word' id='word_1_366' title='bbox 1320 4461 1422 4521; x_wconf 90' lang='lat' dir='ltr'><strong>multo</strong></span> <span class='ocrx_word' id='word_1_367' title='bbox 1435 4468 1506 4522; x_wconf 91' lang='lat' dir='ltr'><strong>ante</strong></span> 
     </span>
     <span class='ocr_line' id='line_1_39' title="bbox 172 4558 1508 4637; baseline -0.001 -19"><span class='ocrx_word' id='word_1_368' title='bbox 172 4560 221 4619; x_wconf 90' lang='lat' dir='ltr'><strong>vel</strong></span> <span class='ocrx_word' id='word_1_369' title='bbox 238 4565 310 4637; x_wconf 89' lang='lat' dir='ltr'><strong>post</strong></span> <span class='ocrx_word' id='word_1_370' title='bbox 324 4561 402 4622; x_wconf 91' lang='lat' dir='ltr'><strong>illud</strong></span> <span class='ocrx_word' id='word_1_371' title='bbox 419 4561 535 4620; x_wconf 88' lang='lat' dir='ltr'><strong>evenit.</strong></span> <span class='ocrx_word' id='word_1_372' title='bbox 555 4560 618 4619; x_wconf 82' lang='lat' dir='ltr'><strong>Alii</strong></span> <span class='ocrx_word' id='word_1_373' title='bbox 635 4560 911 4619; x_wconf 88' lang='lat' dir='ltr'><strong>abominationem</strong></span> <span class='ocrx_word' id='word_1_374' title='bbox 927 4559 1122 4637; x_wconf 88' lang='lat' dir='ltr'><strong>explicarunt</strong></span> <span class='ocrx_word' id='word_1_375' title='bbox 1138 4558 1176 4619; x_wconf 91' lang='lat' dir='ltr'><strong>de</strong></span> <span class='ocrx_word' id='word_1_376' title='bbox 1192 4558 1352 4618; x_wconf 87' lang='lat' dir='ltr'><strong>militibus</strong></span> <span class='ocrx_word' id='word_1_377' title='bbox 1369 4561 1508 4619; x_wconf 75' lang='lat' dir='ltr'><strong>romanis</strong></span> 
     </span>
     <span class='ocr_line' id='line_1_40' title="bbox 174 4654 1508 4736; baseline -0.001 -19"><span class='ocrx_word' id='word_1_378' title='bbox 174 4659 206 4717; x_wconf 92' lang='lat' dir='ltr'><strong>in</strong></span> <span class='ocrx_word' id='word_1_379' title='bbox 223 4659 377 4734; x_wconf 88' lang='lat' dir='ltr'><strong>templum</strong></span> <span class='ocrx_word' id='word_1_380' title='bbox 393 4660 561 4736; x_wconf 85' lang='lat' dir='ltr'><strong>ingressis;</strong></span> <span class='ocrx_word' id='word_1_381' title='bbox 580 4659 621 4717; x_wconf 92' lang='lat' dir='ltr'><strong>ita</strong></span> <span class='ocrx_word' id='word_1_382' title='bbox 636 4681 703 4721; x_wconf 77' lang='grc' dir='ltr'>τινες</span> <span class='ocrx_word' id='word_1_383' title='bbox 718 4657 802 4736; x_wconf 89' lang='lat' dir='ltr'><strong>apud</strong></span> <span class='ocrx_word' id='word_1_384' title='bbox 825 4654 921 4734; x_wconf 84' lang='lat' dir='ltr'><strong>Vict.;</strong></span> <span class='ocrx_word' id='word_1_385' title='bbox 934 4663 966 4716; x_wconf 90' lang='lat' dir='ltr'><strong>at</strong></span> <span class='ocrx_word' id='word_1_386' title='bbox 982 4657 1058 4717; x_wconf 92' lang='lat' dir='ltr'><strong>urbe</strong></span> <span class='ocrx_word' id='word_1_387' title='bbox 1076 4660 1254 4734; x_wconf 83' lang='lat' dir='ltr'><strong>expugnata</strong></span> <span class='ocrx_word' id='word_1_388' title='bbox 1269 4656 1380 4716; x_wconf 89' lang='lat' dir='ltr'><strong>inutile</strong></span> <span class='ocrx_word' id='word_1_389' title='bbox 1395 4657 1508 4718; x_wconf 85' lang='lat' dir='ltr'><strong>luisset</strong></span> 
     </span>
     <span class='ocr_line' id='line_1_41' title="bbox 176 4754 1506 4834; baseline -0.001 -19"><span class='ocrx_word' id='word_1_390' title='bbox 176 4755 215 4816; x_wconf 90' lang='lat' dir='ltr'><strong>ad</strong></span> <span class='ocrx_word' id='word_1_391' title='bbox 241 4756 346 4833; x_wconf 85' lang='lat' dir='ltr'><strong>lugam</strong></span> <span class='ocrx_word' id='word_1_392' title='bbox 367 4756 536 4815; x_wconf 84' lang='lat' dir='ltr'><strong>exhortari.</strong></span> <span class='ocrx_word' id='word_1_393' title='bbox 559 4757 660 4824; x_wconf 76' lang='lat' dir='ltr'><strong>Quare</strong></span> <span class='ocrx_word' id='word_1_394' title='bbox 681 4756 734 4815; x_wconf 92' lang='lat' dir='ltr'><strong>alii</strong></span> <span class='ocrx_word' id='word_1_395' title='bbox 759 4757 798 4815; x_wconf 91' lang='lat' dir='ltr'><strong>de</strong></span> <span class='ocrx_word' id='word_1_396' title='bbox 829 4755 967 4815; x_wconf 88' lang='lat' dir='ltr'><strong>exercitu</strong></span> <span class='ocrx_word' id='word_1_397' title='bbox 990 4771 1120 4814; x_wconf 90' lang='lat' dir='ltr'><strong>romano</strong></span> <span class='ocrx_word' id='word_1_398' title='bbox 1141 4755 1388 4831; x_wconf 89' lang='lat' dir='ltr'><strong>interpretantur</strong></span> <span class='ocrx_word' id='word_1_399' title='bbox 1411 4754 1506 4834; x_wconf 82' lang='lat' dir='ltr'><strong>(Coi.)</strong></span> 
     </span>
     <span class='ocr_line' id='line_1_42' title="bbox 174 4852 1507 4932; baseline -0.001 -17"><span class='ocrx_word' id='word_1_400' title='bbox 174 4871 269 4932; x_wconf 85' lang='lat' dir='ltr'><strong>quam</strong></span> <span class='ocrx_word' id='word_1_401' title='bbox 284 4854 502 4929; x_wconf 84' lang='lat' dir='ltr'><strong>acceptIonem</strong></span> <span class='ocrx_word' id='word_1_402' title='bbox 520 4853 605 4912; x_wconf 68' lang='lat' dir='ltr'><strong>Itius.</strong></span> <span class='ocrx_word' id='word_1_403' title='bbox 625 4871 753 4932; x_wconf 90' lang='lat' dir='ltr'><strong>quoque</strong></span> <span class='ocrx_word' id='word_1_404' title='bbox 770 4854 932 4932; x_wconf 87' lang='lat' dir='ltr'><strong>proponit,</strong></span> <span class='ocrx_word' id='word_1_405' title='bbox 951 4853 1005 4912; x_wconf 92' lang='lat' dir='ltr'><strong>sed</strong></span> <span class='ocrx_word' id='word_1_406' title='bbox 1022 4870 1095 4913; x_wconf 89' lang='lat' dir='ltr'><strong>mox</strong></span> <span class='ocrx_word' id='word_1_407' title='bbox 1112 4852 1192 4911; x_wconf 90' lang='lat' dir='ltr'><strong>bene</strong></span> <span class='ocrx_word' id='word_1_408' title='bbox 1207 4858 1316 4912; x_wconf 92' lang='lat' dir='ltr'><strong>monet</strong></span> <span class='ocrx_word' id='word_1_409' title='bbox 1331 4870 1387 4930; x_wconf 89' lang='lat' dir='ltr'><strong>per</strong></span> <span class='ocrx_word' id='word_1_410' title='bbox 1402 4853 1507 4914; x_wconf 88' lang='lat' dir='ltr'><strong>locum</strong></span> 
     </span>
     <span class='ocr_line' id='line_1_43' title="bbox 176 4949 1508 5030; baseline -0.002 -18"><span class='ocrx_word' id='word_1_411' title='bbox 176 4958 318 5012; x_wconf 89' lang='lat' dir='ltr'><strong>sanetum</strong></span> <span class='ocrx_word' id='word_1_412' title='bbox 335 4949 367 5008; x_wconf 89' lang='lat' dir='ltr'><strong>in</strong></span> <span class='ocrx_word' id='word_1_413' title='bbox 383 4967 446 5026; x_wconf 92' lang='lat' dir='ltr'><strong>quo</strong></span> <span class='ocrx_word' id='word_1_414' title='bbox 462 4951 658 5011; x_wconf 89' lang='lat' dir='ltr'><strong>abominatio</strong></span> <span class='ocrx_word' id='word_1_415' title='bbox 674 4952 847 5012; x_wconf 87' lang='lat' dir='ltr'><strong>constituta</strong></span> <span class='ocrx_word' id='word_1_416' title='bbox 867 4951 908 5011; x_wconf 91' lang='lat' dir='ltr'><strong>sit</strong></span> <span class='ocrx_word' id='word_1_417' title='bbox 922 4952 1080 5029; x_wconf 90' lang='lat' dir='ltr'><strong>templum</strong></span> <span class='ocrx_word' id='word_1_418' title='bbox 1100 4951 1200 5011; x_wconf 89' lang='lat' dir='ltr'><strong>videri</strong></span> <span class='ocrx_word' id='word_1_419' title='bbox 1221 4950 1460 5030; x_wconf 82' lang='lat' dir='ltr'><strong>intelligendum</strong></span> <span class='ocrx_word' id='word_1_420' title='bbox 1477 4957 1508 5011; x_wconf 90' lang='lat' dir='ltr'><strong>et</strong></span> 
     </span>
    </p>
   </div>
   <div class='ocr_carea' id='block_1_7' title="bbox 0 0 1985 5654">
    <p class='ocr_par' dir='ltr' id='par_1_7' title="bbox 0 0 1985 5654">
     <span class='ocr_line' id='line_1_44' title="bbox 0 0 1985 5654; baseline 0 0"><span class='ocrx_word' id='word_1_421' title='bbox 0 0 1985 5654; x_wconf 95' lang='lat' dir='ltr'><strong> </strong></span> 
     </span>
    </p>
   </div>
  </div>
 </body>
</html>
