3960 5654
1790 371 1847 432 281

520 519 628 601 simul
639 538 739 586 suum
750 518 786 588 in
803 525 912 589 lesum
926 518 1104 588 declarant
1117 540 1286 604 amorem,
1301 520 1383 609 qnia
1398 519 1554 610 quamvis
1564 520 1715 607 plurima
1729 540 1849 610 perpe·

520 624 637 693 tienda
653 623 735 702 sint,
756 632 871 694 tamen
892 623 987 691 nullo
1005 632 1104 716 pacto
1126 624 1172 690 ab
1193 649 1233 693 eo
1257 625 1434 704 recedere,
1458 624 1518 692 sed
1539 626 1654 692 omnia
1678 647 1757 693 oum
1775 626 1848 716 ipso

519 732 671 821 perterre
680 736 807 821 magna
815 731 1008 798 animorum
1017 730 1317 821 fortitudineapud
1329 754 1365 798 se
1372 738 1536 798 statutum
1548 753 1618 797 esse
1628 732 1844 819 profitentur.

519 843 569 904 lta
591 833 709 905 revera
729 837 815 905 illud
833 857 1016 926 possumus
1036 839 1141 923 longo
1163 837 1342 904 intervallo
1363 858 1528 926 superare
1549 836 1685 902 videtur
1707 838 1848 906 modum

517 941 644 1029 agendi
658 944 747 1012 Petri
764 942 878 1010 llatth.
899 948 997 1022 16,ἓὲ
1016 965 1024 1011 :
1046 943 1220 1011 absitate
1240 944 1398 1025 Domiue;
1416 965 1484 1010 non
1508 944 1573 1010 erit
1595 944 1657 1009 tibi
1677 945 1761 1023 hoo;
1779 944 1848 1011 iam

519 1047 610 1115 enim
625 1071 660 1118 se
675 1054 813 1141 paratos
829 1048 1006 1117 declarant
1019 1071 1096 1117 cnm
1113 1054 1186 1117 lesu
1200 1050 1367 1117 maximas
1381 1050 1496 1117 subire
1510 1072 1691 1117 aerumnas
1709 1051 1848 1141 eiusque

518 1175 589 1222 esse
607 1156 645 1223 in
665 1147 939 1247 perpessionibus
957 1156 1064 1224 socios
1083 1162 1185 1247 atque
1204 1157 1344 1224 omnino
1363 1155 1541 1223 confidunt
1559 1157 1629 1223 iore
1645 1162 1683 1223 ut
1699 1156 1847 1224 nullate-

517 1282 581 1328 nus
590 1261 774 1331 sibidesint
783 1262 882 1330 vires.
897 1261 1040 1330 Grandis
1051 1263 1168 1352 utique
1181 1262 1306 1330 fidncia
1319 1268 1352 1329 et
1363 1263 1576 1353 propositum
1586 1263 1847 1350 magnanimum

519 1367 557 1434 in
568 1367 629 1437 illo
638 1390 820 1459 possumus
834 1368 1038 1436 continetur.

562 1476 723 1542 Dominus
734 1496 799 1566 pro
817 1475 916 1543 solita
937 1497 998 1543 sua
1020 1475 1201 1542 clementia
1215 1496 1283 1541 non
1302 1475 1423 1543 obiicit
1444 1476 1492 1542 eis
1516 1475 1582 1542 sibi
1596 1476 1770 1562 cognitam
1787 1497 1848 1543 eo·

519 1602 598 1648 rum
616 1581 869 1664 infirmitatem,
890 1581 950 1648 sed
970 1580 1187 1671 amplectitur
1205 1603 1323 1648 eorum
1351 1581 1657 1672 promptitudinem
1679 1603 1767 1671 quae
1786 1582 1848 1649 etei

518 1686 667 1755 necdum
685 1687 785 1756 iniis
808 1694 880 1756 erat
903 1709 985 1755 vera
1006 1688 1144 1778 qualem
1167 1687 1218 1755 illi
1241 1687 1283 1754 de
1305 1710 1341 1755 ae
1362 1688 1623 1778 pollicebantur,
1648 1695 1762 1756 tamen
1786 1709 1848 1755 suo

518 1798 673 1884 tempore
687 1816 769 1863 vera
782 1801 854 1862 erat
863 1794 978 1862 lutura
990 1793 1127 1882 (lans.);
1143 1794 1283 1861 calicem
1296 1793 1438 1884 quidem
1450 1817 1552 1884 quem
1565 1817 1625 1884 eqo
1645 1793 1718 1861 bido
1734 1793 1848 1861 bibetis

518 1910 552 1966 et
577 1898 833 1992 duplicatoque
856 1899 1092 1991 eqobaptizor
1116 1899 1392 1991 baptizabimini,
1417 1901 1558 1968 lacobus
1582 1908 1723 1992 propter
1745 1899 1847 1967 fidem

398 2011 401 2016 '
518 2005 640 2073 Christi
655 2006 773 2094 gladio
793 2007 922 2076 occisus
938 2012 987 2074 est
1007 2008 1051 2074 ab
1070 2006 1202 2073 llerode
1223 2009 1305 2091 (Act.
1327 2008 1433 2096 122),
1447 2011 1590 2076 loannes
1607 2013 1721 2074 autem
1740 2006 1848 2096 parti·

518 2133 598 2203 ceps
613 2114 649 2179 in
669 2113 889 2191 tribulatione
911 2119 945 2180 et
965 2135 1074 2200 regno
1099 2118 1133 2179 et
1154 2113 1320 2202 patientia
1342 2114 1378 2179 in
1395 2114 1529 2181 Christo
1547 2113 1718 2202 relegatus
1731 2112 1798 2179 init
1810 2112 1845 2179 in

518 2217 665 2287 insulam
681 2242 769 2311 quae
786 2220 981 2311 appellatur
999 2224 1132 2287 Patmos
1157 2227 1297 2309 propter
1316 2221 1462 2287 verbum
1488 2222 1546 2288 Dei
1565 2227 1599 2287 et
1617 2219 1847 2287 testimonium

519 2329 592 2393 lesu
606 2326 724 2417 (Apoc.
747 2326 834 2419 1,9);
856 2327 1084 2395 Tertullianus
1102 2326 1231 2416 aliique
1245 2332 1401 2394 auctores
1420 2332 1499 2393 sunt
1523 2349 1601 2393 eum
1628 2327 1664 2393 in
1687 2323 1849 2393 ferventis

519 2432 586 2499 olei
600 2432 811 2502 doliumesse
824 2435 964 2501 missum
980 2432 1036 2523 (cl.
1053 2431 1097 2499 de
1111 2454 1260 2522 praescr.
1278 2438 1337 2512 363
1355 2435 1404 2500 M.
1421 2439 1517 2514 a,t9;
1537 2438 1570 2500 S.
1588 2434 1676 2500 Hier.
1694 2455 1725 2501 e.
1739 2431 1845 2500 lovin.

493 2580 498 2590 ·
522 2544 615 2621 1363
637 2539 674 2607 in
697 2541 812 2609 llatth.
836 2547 956 2624 20,23;
978 2542 1026 2606 M.
1050 2545 1191 2619 23,25a;
1214 2541 1370 2628 26,1t3);
1397 2539 1503 2606 immo
1525 2540 1688 2627 Georgius
1711 2539 1848 2606 hamar·

518 2646 624 2724 tolus,
639 2668 728 2715 saec.
746 2654 765 2715 9
780 2647 1087 2736 chronographus,
1104 2667 1144 2712 ex
1160 2646 1284 2735 Papiae
1296 2645 1395 2712 libris
1410 2647 1643 2713 testimonium
1658 2645 1755 2713 allert
1768 2665 1847 2712 eum

518 2774 540 2819 a
556 2752 691 2820 ludaeis
711 2775 781 2821 ease
806 2754 952 2822 occisum
974 2752 1031 2841 (cl.
1060 2751 1223 2840 Comely,
1251 2751 1377 2819 lntrod.
1405 2756 1446 2818 lll
1473 2775 1508 2842 p.
1532 2758 1609 2819 212.
1632 2756 1728 2837 213);
1747 2773 1779 2817 v.
1806 2757 1847 2819 to

516 2857 630 2926 sedere
643 2871 758 2927 autem
771 2859 821 2927 ad
837 2859 1012 2927 mutarum
1030 2879 1142 2924 meum
1163 2856 1219 2923 vel
1236 2856 1284 2924 ad
1302 2859 1474 2925 sim'strum
1492 2880 1560 2925 non
1575 2872 1623 2925 est
1636 2880 1749 2925 meum
1765 2855 1848 2925 dare

518 2964 652 3056 (uobis),
665 2966 727 3034 sed
733 2966 1026 3057 quibuparatom
1039 2977 1099 3044 est,
1111 2964 1182 3030 scil.
1200 2963 1325 3053 quibus
1340 2965 1629 3054 praedestinatum
1641 2975 1707 3046 est,
1720 2963 1847 3031 indicat

517 3074 668 3141 Christus
681 3095 754 3141 non
766 3073 923 3141 sufficere
937 3092 1066 3139 meram
1079 3071 1292 3160 petitionem,
1311 3078 1348 3137 ut
1361 3073 1439 3159 quis
1453 3072 1497 3138 ad
1510 3071 1805 3139 excellentissimos
1814 3078 1847 3138 et

518 3178 699 3247 altissimos
712 3178 904 3266 dignitatis,
925 3179 1083 3257 honoris,
1100 3176 1322 3244 beatitudinis
1337 3177 1467 3264 gradus
1487 3179 1653 3245 evehatur
1670 3198 1781 3267 neque
1796 3177 1846 3245 ln·

519 3287 619 3354 bores
630 3308 693 3377 pro
707 3287 886 3374 regnollci
899 3291 1070 3374 susceptos
1086 3305 1197 3372 neque
1216 3289 1362 3349 mortem
1382 3285 1453 3350 eius
1471 3306 1572 3352 causa
1585 3285 1764 3351 toleratam
1776 3284 1845 3350 iam

518 3398 652 3460 tantum
661 3392 786 3475 valere,
799 3398 836 3459 ut
850 3392 926 3483 quis
941 3389 986 3458 ad
992 3411 1164 3457 summum
1178 3412 1260 3479 prae
1273 3390 1433 3457 omnibus
1446 3392 1577 3479 apicem
1589 3392 1717 3478 gloriae
1724 3410 1846 3480 perve-

517 3500 610 3583 niat3
632 3520 751 3568 verum
769 3502 874 3566 Deum
898 3503 1030 3565 Patrem
1050 3518 1112 3587 pro
1132 3495 1310 3563 liberrimo
1326 3518 1387 3563 suo
1407 3497 1621 3586 beneplacito
1641 3496 1845 3564 excellentis·

518 3607 620 3674 simas
629 3628 783 3698 quasque
796 3605 925 3693 gratius
939 3601 1189 3693 praedestinare
1205 3602 1259 3669 cui
1275 3604 1431 3669 voluerit.
1450 3607 1578 3670 [tantur
1593 3592 1750 3693 quidem,
1767 3623 1845 3669 cnm

518 3718 604 3780 Deus
618 3712 900 3781 omneshomines
914 3710 994 3778 velit
1008 3709 1118 3776 salvos
1133 3708 1206 3775 lieri
1223 3707 1312 3776 etad
1325 3711 1538 3796 agnitionem
1557 3712 1706 3778 veritatis
1728 3731 1845 3800 perve-

518 3818 593 3886 nire
604 3821 637 3909 (1
651 3820 737 3887 Tim.
754 3819 843 3910 Ν),
860 3815 1157 3902 omnibnsgratiae
1172 3814 1374 3882 adsalutem
1392 3816 1627 3902 attingendam
1643 3815 1846 3884 sufficientes

516 3930 619 4015 atque
633 3927 866 4016 unusquisque
885 3945 964 3991 eum
979 3920 1196 3989 nanciscetur
1214 3922 1346 4008 gloriae
1371 3922 1520 4008 gradum
1547 3925 1608 4013 qui
1627 3927 1755 3991 meritis
1776 3923 1846 3990 suis

520 4031 716 4121 respondet;
732 4038 768 4099 at
778 4031 815 4099 in
830 4031 1004 4098 liberrima
1018 4027 1135 4094 divina
1149 4027 1313 4094 electione
1323 4050 1363 4095 ae
1373 4028 1681 4117 praedestinatione
1697 4032 1845 4119 positum

518 4141 583 4219 est,
600 4158 645 4204 an
667 4144 752 4205 [teus
769 4137 898 4225 gratius
920 4156 1024 4225 qnam
1049 4136 1195 4200 maxime
1212 4134 1345 4222 amplas
1369 4143 1403 4200 et
1425 4137 1611 4202 eminentes
1629 4136 1750 4222 largiri
1765 4135 1846 4202 velit

517 4242 645 4334 quihus
664 4265 770 4334 opera
790 4245 863 4310 eius
880 4241 1100 4310 excellentem
1119 4239 1291 4328 quendam
1315 4239 1495 4326 dignitatis
1514 4241 1662 4328 gradum
1678 4244 1847 4329 attingant

518 4356 553 4418 et
574 4350 719 4441 proinde
738 4351 790 4416 ins
813 4349 991 4438 acquirant
1014 4346 1057 4414 ad
1076 4345 1312 4413 sublimiorem
1340 4349 1375 4412 in
1397 4347 1532 4413 coelesti
1555 4350 1665 4437 patria
1686 4348 1844 4435 gloriam.

518 4457 606 4524 Telis
627 4461 743 4525 autem
760 4455 939 4523 liberrima
962 4454 1019 4520 llei
1047 4450 1309 4542 praedestinatio
1326 4453 1417 4518 iacta
1438 4461 1487 4519 est
1512 4453 1556 4521 ab
1578 4462 1715 4522 aeterno
1736 4477 1846 4545 neque

517 4564 647 4631 llessias
662 4565 698 4631 in
717 4567 809 4630 terra
823 4583 958 4629 versans
976 4560 1102 4651 primas
1121 4559 1156 4624 in
1173 4560 1267 4625 coelo
1281 4558 1377 4625 sedes
1390 4581 1482 4626 nime
1502 4561 1695 4650 petentibus
1708 4561 1847 4651 quibus·

517 4692 585 4759 que
599 4672 773 4758 assignare
792 4674 899 4759 potest
918 4691 958 4734 ac
977 4669 1005 4733 si
1029 4665 1132 4732 vellet
1152 4665 1258 4731 Putris
1279 4669 1411 4732 aeterni
1437 4666 1614 4733 decretum
1636 4676 1769 4736 mutare
1790 4669 1844 4737 vel

518 4777 699 4865 abrogare.
