3960 5654
199 488 256 548 168
736 504 824 549 nanc.
848 487 877 553 ll,
902 486 1002 545 caeo.

91 644 94 649 ’
200 662 266 730 que
280 639 338 705 ille
352 633 491 725 quidem
503 632 547 698 ob
563 633 651 701 hanc
667 638 805 704 Herodis
819 635 1043 725 suspicionem
1058 640 1093 704 in
1112 636 1248 702 vincula
1263 633 1432 703 coniectus
1448 633 1529 698 mis-

199 767 322 834 susque
346 745 395 807 est
419 739 463 805 ad
488 739 662 808 castellum
687 744 955 810 Machaeruntem
980 773 994 800 ν
1016 746 1144 833 (antiq.
1166 746 1254 822 18‚5.
1275 743 1322 827 ἓ).
1340 743 1435 805 Certe
1456 746 1528 803 erat

75 898 78 903 -
198 873 260 918 cur
284 844 429 914 llerodes
450 845 584 912 timeret
607 871 649 914 ne
681 872 743 916 sua
766 847 858 937 apud
884 849 1048 936 populum
1076 849 1260 918 auctoritas
1284 848 1526 913 detrimentum

199 959 334 1044 caperet
353 951 575 1019 concionibus
590 953 755 1046 baptistae
771 956 830 1043 qui
847 955 880 1019 in
901 954 982 1021 vitia
996 953 1325 1030 omniumordinum
1341 949 1527 1019 inveheba-

198 1070 265 1128 tur.
290 1060 382 1128 Unde
403 1082 464 1127 cur
485 1061 645 1148 Iosephus
664 1084 703 1128 eo
724 1060 824 1128 modo
843 1083 913 1126 rem
934 1070 1049 1130 narret
1067 1059 1283 1145 intelligitur.
1412 1079 1414 1083 ·

243 1171 364 1233 Verum
388 1165 548 1233 llerodias
571 1188 639 1233 non
664 1191 699 1235 se
724 1173 831 1234 tutam
856 1174 889 1233 et
913 1191 1067 1236 securam
1090 1165 1234 1256 putabat
1259 1164 1423 1254 quamdiu
1443 1169 1529 1231 esset

196 1275 286 1340 inter
302 1274 405 1341 vivos.
431 1271 567 1340 Sciebat
581 1274 672 1340 enim
696 1295 775 1340 eum
792 1272 836 1339 ab
855 1275 982 1342 Herode
1003 1274 1122 1361 magni
1142 1273 1312 1339 aestimari
1328 1277 1361 1336 et
1382 1271 1528 1337 libenter

197 1378 311 1461 audiri
326 1382 467 1468 eiusque
480 1378 772 1447 admonitionibus
784 1386 817 1446 et
832 1379 1154 1469 reprehensionibus
1170 1377 1412 1446 conscientiam
1428 1382 1528 1443 llero·

197 1486 250 1553 dis
268 1487 363 1554 baud
386 1508 463 1552 raro
483 1488 627 1552 concuti.
647 1487 740 1554 Unde
760 1486 834 1576 ipsa
853 1509 991 1577 quoque
1007 1486 1150 1554 timebat
1166 1508 1207 1552 ne
1227 1485 1364 1574 quando
1382 1483 1528 1550 llcrodcs

194 1593 239 1660 ab
259 1592 312 1659 his
329 1593 457 1682 nuptiis
477 1590 708 1660 dimoveretur
725 1602 758 1659 et
773 1594 999 1682 resipisceret;
1019 1617 1050 1658 v.
1075 1600 1115 1660 19
1132 1591 1297 1658 Herodcbs
1312 1603 1428 1657 aiacem
1443 1589 1527 1655 insi-

198 1697 356 1766 diabatur
379 1699 433 1765 illi
451 1694 560 1785 ἐνεῖχεν
580 1698 682 1780 αὐτῷ,
712 1721 817 1787 quam
842 1722 959 1766 vocem
984 1698 1087 1767 Eutt.
1121 1699 1176 1786 (ad
1201 1698 1314 1764 llattlr.
1347 1695 1441 1783 lt,5)
1466 1717 1528 1785 per

196 1801 329 1894 ἐγκοτεῖν
344 1805 454 1885 irasci,
471 1803 646 1890 indignari
662 1805 825 1894 explicat,
845 1807 893 1871 uti
908 1807 1036 1894 pariter
1056 1804 1242 1893 Hesychius
1259 1825 1320 1892 per
1335 1792 1524 1890 dpyssectau

196 1915 275 1978 Lxx
289 1933 329 1977 ca
341 1932 421 1977 voce
434 1909 538 1977 semel
555 1910 700 1977 reddunt
715 1911 813 1979 hebr.
831 1916 910 1976 uu'u
923 1915 1003 1980 Gen.
1022 1918 1123 1992 teca
1136 1911 1191 1977 cui
1208 1909 1281 1975 voci
1294 1910 1387 1976 notio
1402 1907 1527 1975 adver-

193 2017 303 2097 sandi,
327 2016 525 2100 insidiandi,
544 2017 768 2107 persequendi
784 2020 872 2085 inest
891 2020 945 2107 (cl.
970 2023 1051 2085 Gen.
1078 2024 1198 2098 wan
1223 2023 1338 2095 50‚15.
1359 2019 1409 2084 Ps.
1429 2021 1523 2098 55,t.

196 2123 254 2191 lob
278 2129 354 2202 16,9
369 2128 403 2189 ct
416 2123 545 2212 3031).
569 2129 609 2191 Et
624 2124 707 2189 haec
728 2124 931 2211 significatio
955 2125 997 2191 de
1021 2124 1152 2191 insidiis
1174 2124 1278 2190 etiam
1297 2122 1458 2208 congruit
1483 2119 1528 2187 ad

194 2235 272 2298 Luc.
294 2236 405 2310 11‚53.
422 2230 488 2296 Alii
500 2230 672 2296 notionem
692 2230 849 2297 derivant
867 2255 906 2297 ex
925 2254 986 2298 usu
1001 2230 1094 2321 apud
1116 2229 1320 2297 Herodotum
1337 2226 1449 2317 ἐνέχειν
1463 2223 1526 2291 τινὶ

196 2332 288 2426 piton
303 2336 432 2425 (1,118;
449 2343 566 2421 o,119;
584 2342 686 2419 8,·2r;
704 2339 746 2403 cl.
771 2336 894 2417 Wilte,
913 2340 1054 2404 lexicon
1069 2360 1123 2424 gr.
1142 2337 1201 2403 lat.
1215 2391 1222 2418 ‚
1237 2334 1403 2424 setona),
1421 2335 1525 2402 etiam

197 2439 577 2533 hicxobovsupplenteffi
594 2445 652 2510 alii
667 2445 825 2533 supplent
837 2450 903 2506 νοΰν
918 2445 939 2511 i.
962 2468 991 2511 e.
1012 2443 1186 2519 insidiari,
1205 2447 1352 2509 mentem
1375 2441 1527 2528 dirigere

195 2571 293 2617 sensu
307 2550 423 2617 bostili
434 2549 610 2640 (Schepp),
624 2552 680 2617 alii
692 2551 846 2617 relerunt
856 2551 998 2617 verbum
1014 2551 1058 2617 ad
1069 2549 1105 2616 id
1115 2549 1207 2640 quod
1224 2553 1363 2616 loannes
1377 2549 1524 2631 dixerat,

193 2658 288 2724 cuius
301 2656 373 2724 scil.
391 2657 496 2723 verba
515 2656 676 2724 llcrodias
696 2664 807 2724 mente
833 2659 980 2748 reposita
999 2657 1130 2724 habens
1149 2658 1294 2723 iniuriae
1313 2655 1378 2722 sibi
1407 2655 1525 2722 illatae

196 2765 355 2830 continuo
370 2770 489 2831 contra
505 2785 583 2830 eum
603 2786 732 2831 memor
751 2765 864 2831 luerit.
880 2765 1001 2831 Animo
1017 2765 1216 2855 itaqueerat
1234 2765 1268 2829 in
1288 2785 1367 2829 eum
1387 2762 1528 2829 inimico

196 2870 387 2949 etinfens03
407 2883 440 2937 et
458 2869 592 2937 volebat
614 2871 763 2937 occidere
779 2893 856 2938 eum
874 2884 906 2938 et
920 2894 988 2937 non
998 2883 1136 2960 poterut
1150 2872 1173 2938 i.
1194 2892 1225 2936 e.
1243 2869 1287 2936 ab
1304 2869 1434 2936 llerode
1457 2891 1527 2936 non

126 2995 128 2998 ·
198 2980 332 3065 poterat
346 2977 545 3066 impetrare,
562 2984 600 3042 ut
614 2977 645 3043 ei
660 3000 750 3044 mors
765 2979 965 3059 inferretur3
984 3001 1014 3043 v.
1033 2984 1075 3044 20
1093 2976 1239 3043 Herodes
1253 2975 1343 3042 etaim
1357 2973 1528 3042 metuebat

194 3083 357 3149 Ioannem
369 3083 474 3149 sciens
487 3105 563 3149 eum
577 3085 686 3149 viram
705 3085 832 3151 iustum
845 3097 878 3151 et
888 3099 1064 3167 sanctum
1075 3106 1138 3151 cur
1154 3104 1234 3150 eum
1254 3083 1406 3149 timuerit
1417 3082 1527 3173 aliqui

200 3189 378 3278 explicant,
394 3210 436 3255 ne
453 3211 492 3255 ex
502 3188 574 3256 eius
584 3197 691 3257 morte
700 3190 764 3256 sibi
781 3190 864 3279 quiid
875 3192 954 3257 mali
965 3190 1198 3278 contingeret(
1211 3189 1327 3277 Weiss)
1340 3211 1347 3269 ;
1360 3188 1472 3255 sedda
1486 3211 1526 3255 eo

197 3294 319 3362 timore
329 3296 413 3362 nihil
424 3296 536 3363 verbis
544 3295 713 3385 proditur.
729 3296 822 3363 Unde
835 3297 954 3363 melius
965 3297 1022 3363 alii
1036 3320 1043 3362 :
1059 3318 1136 3364 eum
1148 3296 1374 3362 venerabatur
1383 3295 1437 3361 vel
1447 3295 1527 3361 reli-

197 3402 292 3488 gioso
303 3401 581 3490 quodamtimore
591 3402 1260 3494 prosequebaturproptereiusiustitiam
1271 3407 1304 3467 et
1314 3403 1527 3469 sanctitatem

198 3529 303 3597 quam
318 3515 530 3598 perspectam
545 3510 713 3587 habebat,
732 3510 878 3599 ideoque
894 3509 1076 3577 verebatur
1092 3531 1170 3576 eum
1185 3507 1351 3575 occidere.
1370 3510 1527 3575 Homines

198 3614 289 3680 enim
299 3616 429 3682 scelesti
441 3637 508 3681 non
520 3623 658 3705 possunt
671 3638 734 3683 non
749 3618 895 3683 revereri
907 3618 1065 3684 eximiam
1078 3617 1240 3682 virtutem
1251 3637 1396 3704 eamque
1407 3617 1525 3701 magni

199 3720 321 3788 facere.
346 3727 391 3788 Ea
415 3722 531 3811 itaque
556 3724 745 3790 reverentia
769 3728 920 3790 retentus
947 3746 1015 3790 non
1044 3722 1296 3811 obsequebatur
1321 3721 1526 3811 importunis

200 3826 375 3894 adulterae
397 3828 694 3917 postulationibus3
720 3830 779 3896 sed
804 3829 1010 3897 custodiebat
1031 3851 1127 3909 eum,
1156 3830 1327 3916 συνετήρει,
1364 3828 1527 3894 tuebatur

198 3954 293 4016 eum,
315 3957 359 4001 ne
380 3933 451 4001 scil.
480 3935 525 4001 ab
545 3935 734 4002 Herodiade
758 3936 1005 4003 interficeretur
1028 3934 1114 4022 (Ab.
1135 3937 1225 4002 lans.
1250 3935 1404 4017 Schanz,
1431 3935 1524 4017 Keil,

209 4041 333 4128 Weiss).
353 4046 402 4108 lla
415 4042 501 4108 ratio
515 4065 650 4132 quoque
665 4043 819 4109 redditur
834 4043 875 4109 ad
894 4067 923 4108 v.
942 4049 982 4109 19
997 4055 1029 4108 et
1043 4065 1111 4109 aon
1121 4054 1259 4132 poterat
1270 4047 1304 4107 et
1318 4041 1405 4108 bene
1419 4042 1524 4110 Ecca.

199 4169 332 4214 sensum
356 4149 446 4215 vocis
468 4149 605 4238 exponit
635 4171 641 4216 :
673 4150 819 4216 llerodes
835 4150 867 4211 οὐ
886 4150 1073 4237 παρεχώρει,
1095 4171 1165 4215 non
1191 4149 1428 4238 permittebat,
1459 4171 1526 4216 non

201 4252 352 4322 cedebat.
377 4257 441 4321 Alii
461 4257 629 4344 explicant
650 4255 848 4336 observare,
873 4257 1000 4335 colere,
1022 4257 1130 4322 vereri
1150 4255 1286 4344 (Puta),
1306 4278 1394 4344 quae
1410 4262 1526 4322 lamen

201 4359 293 4426 notio
312 4383 332 4427 a
357 4362 461 4428 verbo
479 4361 588 4440 abest3
615 4363 674 4429 alii
694 4362 892 4442 observare,
914 4362 1082 4452 quomodo
1104 4385 1139 4429 se
1156 4369 1255 4449 gerat
1277 4362 1450 4452 (Scdeqq);
1467 4362 1526 4430 sed

202 4464 245 4533 ad
265 4467 348 4555 quid
368 4468 433 4535 hoc
452 4476 635 4535 comesset
654 4470 687 4534 in
708 4473 865 4536 carcere?
886 4470 942 4536 alii
965 4490 972 4536 :
1000 4491 1077 4536 eum
1096 4470 1133 4536 in
1157 4468 1301 4536 vinculis
1320 4468 1470 4536 habebat
1493 4476 1527 4536 et

202 4572 408 4661 prohibebat
432 4598 474 4642 ne
494 4577 628 4663 lugeret
648 4577 773 4664 (Colca.
798 4577 896 4664 Fi'l.};
920 4598 1035 4642 verum
1061 4574 1096 4642 id
1115 4577 1184 4642 iam
1206 4576 1399 4642 dictumest
1415 4597 1526 4664 neque

201 4677 367 4745 eiusmodi
383 4683 539 4771 repetitio
554 4684 617 4749 hoc
634 4683 707 4749 loco
722 4683 767 4748 ad
781 4685 902 4749 seriem
920 4705 1033 4749 rerum
1050 4690 1099 4750 est
1110 4691 1207 4773 apta,
1227 4704 1305 4748 cum
1318 4703 1431 4769 neque
1445 4704 1525 4749 cum

201 4786 479 4855 antecedentibus
499 4811 607 4880 neque
627 4813 704 4856 cum
725 4790 944 4880 sequentibus
962 4790 1153 4857 cohaereat.

246 4897 347 4960 Porro
365 4915 431 4960 non
450 4899 583 4962 tantum
607 4921 684 4964 eum
707 4899 867 4965 tuebatur
885 4899 929 4964 ab
952 4898 1082 4964 insidiis
1104 4896 1317 4978 Herodiadis,
1342 4895 1400 4962 sed
1420 4897 1532 4962 etiam-
