3960 5654
184 513 242 574 322
740 521 829 567 usuc,
854 505 902 573 1⁶2,
925 507 975 564 27.

185 663 261 730 ideo
281 661 447 743 negarent
460 655 540 743 quia
557 655 689 722 animas
711 656 813 722 simul
834 676 912 719 cum
933 677 1075 747 corpore
1100 659 1186 725 mori
1210 663 1244 724 et
1261 655 1431 739 exstingui
1446 678 1512 743 pu-

187 773 314 842 tarent,
339 763 612 852 quamprimum
638 763 819 852 probatum
837 769 886 826 est
909 763 1039 831 animas
1064 786 1133 830 esse
1155 765 1365 853 superstites,
1388 761 1455 824 iam
1472 763 1513 826 iis

185 876 288 942 etiam
307 871 514 936 satisfactum
535 875 585 933 est
602 878 751 937 mortuos
775 890 911 956 quoque
938 872 1124 938 revicturos
1146 892 1229 936 esse.
1258 875 1352 950 Nam,
1371 872 1407 932 ut
1426 864 1512 931 bene

192 979 265 1049 Coi.
295 977 391 1055 dicit,
421 975 514 1042 radix
536 977 685 1061 negandi
715 975 992 1042 resurrectionem
1018 978 1111 1067 apud
1136 975 1342 1044 sadducaeos
1368 980 1441 1040 erat
1464 973 1514 1036 in·

189 1086 306 1152 teritus
339 1086 473 1150 animae
499 1082 600 1147 simul
624 1105 703 1149 cum
735 1103 890 1171 corpore3
922 1081 1012 1148 uude
1041 1081 1216 1150 evellendo
1245 1081 1334 1149 hanc
1363 1080 1512 1148 radicem

187 1192 362 1258 convincit
384 1192 472 1279 ipsos
490 1187 532 1253 de
560 1189 817 1255 resurrectione.
840 1191 993 1253 Ceterum
1022 1190 1140 1270 homo,
1161 1187 1333 1255 abraham
1353 1196 1415 1255 etc.
1446 1209 1513 1253 uon

184 1298 309 1364 dicitur
337 1297 407 1364 sola
433 1296 564 1375 anima,
591 1296 648 1362 sed
677 1302 784 1360 totum
810 1296 1034 1384 compositum
1063 1297 1265 1362 humanum.
1288 1300 1371 1361 Deus
1397 1297 1512 1384 itaque

184 1404 266 1471 dicit
281 1428 315 1472 se
334 1409 624 1470 remuneratorem
646 1402 805 1479 hominis,
828 1403 926 1489 proin
947 1403 1032 1469 sicut
1046 1404 1161 1469 anima
1177 1401 1211 1467 iu
1228 1422 1372 1490 corpore
1388 1408 1513 1467 etcum

185 1534 329 1601 corpore
354 1508 493 1587 meruit,
516 1511 563 1575 ita
585 1510 699 1575 anima
721 1514 754 1574 et
779 1530 900 1597 corpus
920 1532 1058 1598 quoque
1076 1509 1267 1598 praemium
1288 1506 1433 1595 accipiat
1456 1528 1513 1572 ne-

185 1641 275 1686 cesse
294 1625 359 1694 est;
382 1618 485 1683 homo
513 1616 652 1697 meruit,
680 1636 764 1701 ergo
795 1617 998 1681 couveniens
1022 1621 1087 1694 est,
1112 1621 1150 1681 ut
1174 1615 1277 1681 homo
1297 1635 1433 1704 quoque
1452 1612 1513 1679 ha·

184 1726 263 1792 beat
296 1733 328 1791 et
357 1723 522 1812 percipiat
556 1721 759 1789 mercedem.
792 1723 1048 1808 Argumentatio
1080 1720 1201 1788 Christi
1230 1743 1270 1788 eo
1301 1722 1410 1807 magis
1434 1720 1513 1786 serit

184 1831 410 1910 sadducaeos,
446 1829 474 1894 si
503 1829 588 1894 torte
618 1830 788 1894 iactarunt
815 1834 918 1894 Deum
952 1850 1019 1894 uou
1049 1850 1119 1894 esse
1146 1831 1251 1894 Deum
1281 1834 1510 1906 mortuorum;

183 1938 327 2026 ideoque
349 1942 498 2002 mortuos
520 1935 587 2000 iam
610 1934 703 2001 nullo
725 1933 823 2000 modo
847 1936 1015 2001 exsistere.
1039 1938 1213 2001 Praeterea
1232 1955 1335 2023 quam
1358 1955 1443 1999 nexu
1459 1934 1513 1998 iu·

189 2043 376 2111 dissolubili
411 2042 545 2108 animae
575 2041 866 2107 immortalitatem
896 2049 929 2106 et
958 2042 1241 2107 resurrectionem
1268 2041 1357 2106 inter
1380 2063 1415 2106 se
1443 2061 1513 2105 esse

184 2150 379 2235 colligatam
410 2147 524 2214 ludaei
557 2147 779 2226 crediderint,
806 2148 917 2213 elucet
942 2169 1078 2237 quoque
1102 2170 1140 2213 ex
1158 2154 1178 2212 2
1199 2148 1302 2214 llach.
1323 2153 1435 2226 lats.
1456 2153 1510 2228 tt,

188 2257 271 2344 quia
292 2255 390 2320 ludas
405 2254 476 2320 scil.
499 2253 644 2320 credidit
664 2276 721 2320 cos
741 2255 798 2343 qui
819 2255 853 2320 in
871 2255 999 2344 proelio
1019 2255 1117 2321 occisi
1137 2260 1233 2320 eraut
1252 2260 1511 2335 resurrecturos,

184 2361 259 2429 ideo
286 2384 348 2450 pro
375 2361 515 2426 mortuis
538 2361 706 2427 orationes
730 2370 763 2426 et
788 2361 952 2428 sacrificia
976 2361 1147 2428 offerenda
1172 2362 1314 2427 curavit.
1340 2361 1388 2428 Cf.
1415 2365 1512 2427 Com-

184 2476 288 2535 meut.
311 2468 426 2534 Matth.
446 2472 469 2532 ll
486 2491 520 2557 p.
541 2474 605 2533 260
620 2489 691 2556 seq.

232 2576 383 2641 Profecto
399 2595 475 2640 cum
501 2575 599 2639 toties
622 2573 794 2641 audierint
814 2576 872 2641 illa
892 2576 997 2641 verba
1019 2579 1104 2641 Deus
1124 2574 1298 2641 Abrohom
1317 2582 1379 2642 etc.
1403 2596 1513 2664 neque

183 2690 298 2749 tamen
310 2683 351 2746 iis
362 2683 396 2746 in
409 2687 555 2746 mentem
571 2681 704 2746 venerit
713 2688 815 2747 Deum
833 2704 899 2746 non
913 2703 1007 2771 posse
1021 2682 1187 2771 appellari
1200 2687 1305 2748 Deum
1320 2703 1439 2748 eorum
1454 2681 1514 2770 qui

184 2788 378 2853 nullatenus
393 2787 571 2869 exsistunt,
590 2793 694 2853 Deum
709 2810 777 2853 non
791 2790 1040 2870 exsistentium,
1059 2790 1132 2854 iure
1147 2794 1236 2856 lesus
1250 2788 1420 2855 concludit
1434 2789 1514 2854 satis

183 2896 332 2981 graviter
356 2902 389 2958 et
413 2894 565 2959 breviter
582 2892 846 2973 πολὺπλκνᾶσάε,
862 2896 933 2983 (vos
960 2895 1048 2984 erqo)
1070 2895 1216 2961 matteum
1236 2896 1373 2975 erratas,
1401 2925 1416 2956 «
1444 2917 1513 2961 non

186 3009 387 3088 utcumque,
401 2999 460 3065 sed
474 2999 636 3076 multum;
653 3001 718 3066 hoc
730 3009 842 3067 autem
856 3001 952 3067 addit
966 3008 1139 3090 tamquam
1153 3023 1270 3068 eorum
1282 3002 1514 3090 insipientiam

186 3108 362 3173 manifeste
376 3127 525 3191 arguens
543 3134 557 3163 υ
576 3106 721 3193 (Erat).
740 3111 779 3173 Et
793 3108 873 3195 quia
885 3130 924 3174 ex
939 3107 1050 3173 verbis
1061 3106 1146 3174 adeo
1157 3109 1245 3173 notis
1259 3110 1514 3197 tamperspicue

188 3213 394 3280 sadducaeos
414 3212 539 3278 erroris
554 3214 670 3299 arguit
691 3221 724 3278 et
749 3236 868 3280 eorum
889 3213 1060 3303 sophisma
1087 3221 1155 3279 lam
1175 3213 1324 3279 dilucide
1344 3213 1512 3296 dissolvit,

188 3319 364 3386 audientes
388 3319 508 3384 turbae
530 3319 746 3384 mirabantur
768 3320 801 3384 iu
829 3320 983 3386 doctriua
1009 3322 1080 3386 eius
1103 3320 1227 3407 (Matth.
1252 3323 1381 3408 22,33);
1404 3344 1515 3411 neque

187 3425 294 3492 solum
313 3425 450 3505 turbae,
474 3425 532 3491 sed
551 3426 652 3491 etiam
679 3426 763 3511 legis
788 3427 941 3493 doctores
961 3450 993 3492 v.
1016 3434 1057 3495 28
1072 3433 1105 3493 et
1126 3431 1203 3492 Luc.
1229 3433 1342 3505 2039.
1369 3427 1517 3494 Aduolat

186 3531 366 3599 Salmeron
381 3533 402 3596 l.
418 3555 447 3598 c.
464 3554 524 3597 nos
543 3553 584 3597 ea
599 3534 897 3617 argumentatione
912 3534 1036 3599 Christi
1055 3532 1169 3600 doceri
1185 3533 1220 3598 in
1241 3535 1422 3622 scripturis
1437 3558 1516 3601 vere

188 3641 356 3704 contineri
370 3637 404 3702 id
424 3636 515 3727 quod
530 3637 677 3704 evidenti
692 3639 744 3704 vel
762 3642 948 3705 necessaria
960 3641 1199 3728 consequentia
1212 3639 1292 3706 inde
1308 3640 1512 3719 deducatur3

189 3767 299 3833 neque
320 3745 408 3810 enirn
429 3746 462 3810 in
478 3745 551 3810 loco
567 3767 669 3832 quem
686 3745 835 3811 Christus
855 3745 981 3831 alleget
999 3768 1153 3835 expresse
1171 3754 1385 3813 mortuorum
1405 3770 1515 3814 resur-

190 3854 375 3918 rectionem
391 3853 511 3928 asseri,
529 3849 640 3916 sodex
657 3874 696 3916 eo
707 3852 743 3916 in
759 3852 845 3919 bona
866 3854 1105 3941 consequentia
1124 3853 1257 3918 deduci.

473 4094 498 4159 t)
520 4094 679 4158 Quaestio
699 4096 739 4145 de
759 4096 866 4157 primo
886 4096 1043 4147 mandato
1066 4094 1235 4159 12,28-34.

228 4300 317 4357 tw.
336 4300 368 4348 Et
384 4301 501 4348 accessit
519 4312 590 4348 unsis
608 4299 642 4347 dc
663 4298 762 4347 scribis
780 4302 826 4362 qui
917 4299 1003 4358 12:28.
1031 4295 1076 4346 liat
1099 4296 1241 4366 προσελθὼν
1266 4295 1300 4358 εἷς
1325 4304 1374 4350 τῶν
1397 4318 1518 4368 γραμμα-

188 4389 314 4440 audicmt
341 4390 403 4437 illos
431 4390 642 4450 conquirentes,
672 4392 699 4436 et
730 4387 827 4437 videns
879 4386 939 4436 τέων
968 4385 1071 4445 ἀκούσας
1101 4385 1181 4438 atton
1213 4389 1415 4453 συκζητοΰντων,
1448 4388 1517 4450 εἰδὼς

185 4481 319 4543 quoniam
336 4479 406 4527 bone
425 4478 480 4525 illis
496 4477 684 4540 responderit,
709 4477 829 4525 interro·
879 4474 918 4525 ὅτι
942 4473 1024 4535 καλῶς
1041 4473 1159 4545 ἀπεκρίθη
1179 4475 1262 4537 asma
1287 4474 1443 4546 ἐπηρώτησεν
1471 4478 1516 4529 αὐ-

189 4569 267 4631 gavit
282 4581 345 4616 euru
368 4567 442 4629 quod
463 4571 537 4615 esset
559 4568 679 4628 primum
704 4568 827 4614 omnium
880 4562 941 4632 τὸν,
971 4562 1031 4614 ίίοία
1065 4563 1129 4617 ἐστὶν
1161 4564 1250 4629 ἐντολὴ
1284 4569 1367 4634 πρώτη
1401 4569 1514 4630 aduram

191 4656 419 4706 mandatum.‘.‘¹l.
437 4654 826 4716 lesnsautemrespondttci:
880 4655 925 4705 29.
961 4651 1078 4722 ἀπεκρίθη
1106 4654 1120 4705 t
1149 4653 1244 4719 Ἰησοῦς
1274 4656 1313 4706 ὅτι
1342 4656 1430 4725 Πρώτη
1450 4655 1516 4709 ἐστίν

191 4745 263 4804 Quia
289 4747 406 4806 primum
430 4746 554 4792 omniurn
577 4743 737 4793 mandatum
763 4747 827 4793 cst:
883 4740 988 4805 Ἄκουε,
1026 4741 1137 4812 Ἰσραήλ·
1177 4744 1261 4813 ίίύριος
1293 4743 1307 4795 ὁ
1348 4745 1409 4806 θεὸς
1445 4745 1515 4816 ἡμῶν

192 4835 277 4902 Attali,
297 4833 397 4888 lsrael,
416 4833 551 4882 Dominus
566 4833 640 4882 Deus
662 4837 738 4893 tuus,
757 4834 830 4883 Deus
883 4830 967 4900 Κύριος
987 4827 1020 4892 εἷς
1044 4832 1103 4886 ἐστί.
1130 4837 1173 4887 30.
1198 4834 1239 4885 καί
1267 4832 1401 4903 ἀγαπήσεις
1429 4836 1516 4906 litigios

191 4937 264 4975 uncis
280 4929 331 4972 cst.
352 4921 396 4970 30.
412 4920 445 4969 Et
459 4920 559 4984 diliges
575 4922 723 4973 Dominum
743 4924 830 4974 Deum
854 4963 859 4983 ,
882 4919 925 4972 τὸν
945 4919 1007 4974 θεόν
1028 4941 1069 4975 σου
1092 4921 1116 4982 ἐξ
1139 4921 1199 4988 ὅλης
1222 4924 1321 4994 καρδίας
1346 4944 1401 4987 σου,
1427 4926 1468 4977 καὶ
1492 4926 1516 4988 ἐξ
