<?xml version="1.0" encoding="UTF-8"?>
<!DOCTYPE html PUBLIC "-//W3C//DTD XHTML 1.0 Transitional//EN"
    "http://www.w3.org/TR/xhtml1/DTD/xhtml1-transitional.dtd">
<html xmlns="http://www.w3.org/1999/xhtml" xml:lang="en" lang="en">
 <head>
  <title>
</title>
<meta http-equiv="Content-Type" content="text/html;charset=utf-8" />
  <meta name='ocr-system' content='tesseract 3.04.00' />
  <meta name='ocr-capabilities' content='ocr_page ocr_carea ocr_par ocr_line ocrx_word'/>
</head>
<body>
  <div class='ocr_page' id='page_1' title='image "./commentariusinq01knabgoog_0376.png"; bbox 0 0 3960 5654; ppageno 0'>
   <div class='ocr_carea' id='block_1_1' title="bbox 842 320 1731 406">
    <p class='ocr_par' dir='ltr' id='par_1_1' title="bbox 842 320 1731 406">
     <span class='ocr_line' id='line_1_1' title="bbox 842 320 1731 406; baseline -0.003 -8"><span class='ocrx_word' id='word_1_1' title='bbox 842 320 846 329; x_wconf 83' lang='grc'><strong>’</strong></span> <span class='ocrx_word' id='word_1_2' title='bbox 940 353 1031 398; x_wconf 68' lang='grc' dir='ltr'><strong>ωε.</strong></span> <span class='ocrx_word' id='word_1_3' title='bbox 1056 337 1105 406; x_wconf 81' lang='lat' dir='ltr'><strong>n,</strong></span> <span class='ocrx_word' id='word_1_4' title='bbox 1130 335 1194 393; x_wconf 79' lang='lat'><strong>1-2.</strong></span> <span class='ocrx_word' id='word_1_5' title='bbox 1675 337 1731 396; x_wconf 76' lang='lat' dir='ltr'><strong>aar</strong></span> 
     </span>
    </p>
   </div>
   <div class='ocr_carea' id='block_1_2' title="bbox 393 481 1818 4302">
    <p class='ocr_par' dir='ltr' id='par_1_2' title="bbox 398 481 1738 2808">
     <span class='ocr_line' id='line_1_2' title="bbox 404 481 1736 576; baseline 0.001 -29"><span class='ocrx_word' id='word_1_6' title='bbox 404 483 601 576; x_wconf 80' lang='lat' dir='ltr'><strong>scribasque</strong></span> <span class='ocrx_word' id='word_1_7' title='bbox 616 486 754 553; x_wconf 89' lang='lat' dir='ltr'><strong>consilia</strong></span> <span class='ocrx_word' id='word_1_8' title='bbox 769 483 857 548; x_wconf 91' lang='lat' dir='ltr'><strong>inire</strong></span> <span class='ocrx_word' id='word_1_9' title='bbox 875 488 1025 576; x_wconf 90' lang='lat' dir='ltr'><strong>coepisse</strong></span> <span class='ocrx_word' id='word_1_10' title='bbox 1046 481 1089 547; x_wconf 93' lang='lat' dir='ltr'><strong>de</strong></span> <span class='ocrx_word' id='word_1_11' title='bbox 1105 483 1237 549; x_wconf 90' lang='lat' dir='ltr'><strong>Christo</strong></span> <span class='ocrx_word' id='word_1_12' title='bbox 1254 484 1479 565; x_wconf 85' lang='lat' dir='ltr'><strong>sustollendo,</strong></span> <span class='ocrx_word' id='word_1_13' title='bbox 1497 482 1556 552; x_wconf 89' lang='lat' dir='ltr'><strong>sed</strong></span> <span class='ocrx_word' id='word_1_14' title='bbox 1570 482 1662 551; x_wconf 88' lang='lat' dir='ltr'><strong>diem</strong></span> <span class='ocrx_word' id='word_1_15' title='bbox 1683 483 1736 549; x_wconf 93' lang='lat' dir='ltr'><strong>in-</strong></span> 
     </span>
     <span class='ocr_line' id='line_1_3' title="bbox 403 588 1736 682; baseline 0 -26"><span class='ocrx_word' id='word_1_16' title='bbox 403 589 496 659; x_wconf 89' lang='lat' dir='ltr'><strong>dicat</strong></span> <span class='ocrx_word' id='word_1_17' title='bbox 514 614 583 682; x_wconf 92' lang='lat' dir='ltr'><strong>quo</strong></span> <span class='ocrx_word' id='word_1_18' title='bbox 602 591 755 660; x_wconf 90' lang='lat' dir='ltr'><strong>Christus</strong></span> <span class='ocrx_word' id='word_1_19' title='bbox 772 588 870 656; x_wconf 93' lang='lat' dir='ltr'><strong>illum</strong></span> <span class='ocrx_word' id='word_1_20' title='bbox 888 611 1082 658; x_wconf 90' lang='lat' dir='ltr'><strong>sermonem</strong></span> <span class='ocrx_word' id='word_1_21' title='bbox 1103 589 1224 656; x_wconf 91' lang='lat' dir='ltr'><strong>habuit</strong></span> <span class='ocrx_word' id='word_1_22' title='bbox 1246 593 1479 678; x_wconf 86' lang='lat' dir='ltr'><strong>continuoque</strong></span> <span class='ocrx_word' id='word_1_23' title='bbox 1498 590 1597 659; x_wconf 86' lang='lat' dir='ltr'><strong>addit</strong></span> <span class='ocrx_word' id='word_1_24' title='bbox 1616 595 1654 657; x_wconf 92' lang='lat' dir='ltr'><strong>ut</strong></span> <span class='ocrx_word' id='word_1_25' title='bbox 1674 612 1736 679; x_wconf 88' lang='lat' dir='ltr'><strong>per</strong></span> 
     </span>
     <span class='ocr_line' id='line_1_4' title="bbox 403 694 1735 788; baseline 0.002 -25"><span class='ocrx_word' id='word_1_26' title='bbox 403 719 460 764; x_wconf 92' lang='lat' dir='ltr'><strong>eos</strong></span> <span class='ocrx_word' id='word_1_27' title='bbox 472 696 544 764; x_wconf 92' lang='lat' dir='ltr'><strong>dies</strong></span> <span class='ocrx_word' id='word_1_28' title='bbox 559 698 614 763; x_wconf 92' lang='lat' dir='ltr'><strong>isti</strong></span> <span class='ocrx_word' id='word_1_29' title='bbox 628 698 792 788; x_wconf 85' lang='lat' dir='ltr'><strong>perlicere</strong></span> <span class='ocrx_word' id='word_1_30' title='bbox 805 696 982 764; x_wconf 79' lang='lat' dir='ltr'><strong>studerent</strong></span> <span class='ocrx_word' id='word_1_31' title='bbox 997 694 1090 784; x_wconf 90' lang='lat' dir='ltr'><strong>quod</strong></span> <span class='ocrx_word' id='word_1_32' title='bbox 1106 697 1206 763; x_wconf 89' lang='lat' dir='ltr'><strong>tertio</strong></span> <span class='ocrx_word' id='word_1_33' title='bbox 1221 697 1290 763; x_wconf 90' lang='lat' dir='ltr'><strong>iam</strong></span> <span class='ocrx_word' id='word_1_34' title='bbox 1307 717 1420 763; x_wconf 89' lang='lat' dir='ltr'><strong>mense</strong></span> <span class='ocrx_word' id='word_1_35' title='bbox 1435 698 1540 783; x_wconf 85' lang='lat' dir='ltr'><strong>(toan.</strong></span> <span class='ocrx_word' id='word_1_36' title='bbox 1560 697 1735 786; x_wconf 61' lang='lat' dir='ltr'><strong>una-53)</strong></span> 
     </span>
     <span class='ocr_line' id='line_1_5' title="bbox 404 801 1738 892; baseline 0 -22"><span class='ocrx_word' id='word_1_37' title='bbox 404 802 717 871; x_wconf 85' lang='lat' dir='ltr'><strong>machinabantur»</strong></span> <span class='ocrx_word' id='word_1_38' title='bbox 731 803 866 892; x_wconf 69' lang='lat' dir='ltr'><strong>(Pata).</strong></span> <span class='ocrx_word' id='word_1_39' title='bbox 882 805 934 871; x_wconf 90' lang='lat' dir='ltr'><strong>Uti</strong></span> <span class='ocrx_word' id='word_1_40' title='bbox 948 803 1032 868; x_wconf 88' lang='lat' dir='ltr'><strong>alias</strong></span> <span class='ocrx_word' id='word_1_41' title='bbox 1043 802 1165 869; x_wconf 88' lang='lat' dir='ltr'><strong>timore</strong></span> <span class='ocrx_word' id='word_1_42' title='bbox 1175 803 1294 892; x_wconf 90' lang='lat' dir='ltr'><strong>populi</strong></span> <span class='ocrx_word' id='word_1_43' title='bbox 1305 801 1608 869; x_wconf 89' lang='lat' dir='ltr'><strong>cohibebanturne</strong></span> <span class='ocrx_word' id='word_1_44' title='bbox 1618 811 1738 892; x_wconf 87' lang='lat' dir='ltr'><strong>aperta</strong></span> 
     </span>
     <span class='ocr_line' id='line_1_6' title="bbox 403 908 1737 999; baseline 0.001 -25"><span class='ocrx_word' id='word_1_45' title='bbox 403 911 435 975; x_wconf 90' lang='lat' dir='ltr'><strong>vi</strong></span> <span class='ocrx_word' id='word_1_46' title='bbox 452 931 573 975; x_wconf 89' lang='lat' dir='ltr'><strong>manus</strong></span> <span class='ocrx_word' id='word_1_47' title='bbox 583 909 619 974; x_wconf 94' lang='lat' dir='ltr'><strong>in</strong></span> <span class='ocrx_word' id='word_1_48' title='bbox 633 931 711 977; x_wconf 89' lang='lat' dir='ltr'><strong>eum</strong></span> <span class='ocrx_word' id='word_1_49' title='bbox 726 908 924 990; x_wconf 88' lang='lat' dir='ltr'><strong>iniicerent,</strong></span> <span class='ocrx_word' id='word_1_50' title='bbox 940 911 1075 974; x_wconf 82' lang='lat' dir='ltr'><strong>ilatum</strong></span> <span class='ocrx_word' id='word_1_51' title='bbox 1092 930 1231 999; x_wconf 91' lang='lat' dir='ltr'><strong>quoque</strong></span> <span class='ocrx_word' id='word_1_52' title='bbox 1248 908 1353 974; x_wconf 90' lang='lat' dir='ltr'><strong>satius</strong></span> <span class='ocrx_word' id='word_1_53' title='bbox 1364 908 1536 975; x_wconf 84' lang='lat' dir='ltr'><strong>duxerunt</strong></span> <span class='ocrx_word' id='word_1_54' title='bbox 1545 914 1737 997; x_wconf 85' lang='lat' dir='ltr'><strong>exspectare</strong></span> 
     </span>
     <span class='ocr_line' id='line_1_7' title="bbox 403 1005 1735 1103; baseline 0.001 -23"><span class='ocrx_word' id='word_1_55' title='bbox 403 1014 513 1081; x_wconf 90' lang='lat' dir='ltr'><strong>donec</strong></span> <span class='ocrx_word' id='word_1_56' title='bbox 526 1015 707 1083; x_wconf 84' lang='lat' dir='ltr'><strong>festivitate</strong></span> <span class='ocrx_word' id='word_1_57' title='bbox 720 1021 860 1103; x_wconf 89' lang='lat' dir='ltr'><strong>peracta</strong></span> <span class='ocrx_word' id='word_1_58' title='bbox 875 1015 997 1082; x_wconf 85' lang='lat' dir='ltr'><strong>turbae</strong></span> <span class='ocrx_word' id='word_1_59' title='bbox 1010 1005 1239 1082; x_wconf 73' lang='lat' dir='ltr'><strong>Galilaeorum</strong></span> <span class='ocrx_word' id='word_1_60' title='bbox 1258 1014 1344 1080; x_wconf 90' lang='lat' dir='ltr'><strong>urbe</strong></span> <span class='ocrx_word' id='word_1_61' title='bbox 1360 1014 1575 1081; x_wconf 82' lang='lat' dir='ltr'><strong>excessissent</strong></span> <span class='ocrx_word' id='word_1_62' title='bbox 1588 1038 1621 1081; x_wconf 86' lang='lat' dir='ltr'><strong>v.</strong></span> <span class='ocrx_word' id='word_1_63' title='bbox 1643 1021 1663 1080; x_wconf 73' lang='lat'><strong>2</strong></span> <span class='ocrx_word' id='word_1_64' title='bbox 1682 1012 1735 1081; x_wconf 73' lang='lat' dir='ltr'><strong>dr·-</strong></span> 
     </span>
     <span class='ocr_line' id='line_1_8' title="bbox 403 1119 1736 1210; baseline 0.002 -25"><span class='ocrx_word' id='word_1_65' title='bbox 403 1119 524 1186; x_wconf 81' lang='lat' dir='ltr'><strong>cebant</strong></span> <span class='ocrx_word' id='word_1_66' title='bbox 543 1134 658 1189; x_wconf 85' lang='lat' dir='ltr'><strong>autcm</strong></span> <span class='ocrx_word' id='word_1_67' title='bbox 678 1143 690 1187; x_wconf 92' lang='lat'><strong>.·</strong></span> <span class='ocrx_word' id='word_1_68' title='bbox 710 1143 779 1187; x_wconf 83' lang='lat' dir='ltr'><strong>non</strong></span> <span class='ocrx_word' id='word_1_69' title='bbox 801 1122 839 1188; x_wconf 85' lang='lat' dir='ltr'><strong>in</strong></span> <span class='ocrx_word' id='word_1_70' title='bbox 858 1121 912 1189; x_wconf 82' lang='lat' dir='ltr'><strong>dic</strong></span> <span class='ocrx_word' id='word_1_71' title='bbox 931 1122 1036 1209; x_wconf 75' lang='lat' dir='ltr'><strong>sesto,</strong></span> <span class='ocrx_word' id='word_1_72' title='bbox 1058 1144 1100 1188; x_wconf 84' lang='lat' dir='ltr'><strong>ne</strong></span> <span class='ocrx_word' id='word_1_73' title='bbox 1119 1123 1210 1210; x_wconf 83' lang='lat' dir='ltr'><strong>sorte</strong></span> <span class='ocrx_word' id='word_1_74' title='bbox 1230 1119 1398 1186; x_wconf 83' lang='lat' dir='ltr'><strong>tumultus</strong></span> <span class='ocrx_word' id='word_1_75' title='bbox 1417 1121 1515 1209; x_wconf 79' lang='lat' dir='ltr'><strong>fieret</strong></span> <span class='ocrx_word' id='word_1_76' title='bbox 1533 1121 1570 1186; x_wconf 82' lang='lat' dir='ltr'><strong>in</strong></span> <span class='ocrx_word' id='word_1_77' title='bbox 1587 1120 1716 1210; x_wconf 84' lang='lat' dir='ltr'><strong>populo</strong></span> <span class='ocrx_word' id='word_1_78' title='bbox 1721 1141 1736 1204; x_wconf 89' lang='lat'><em>;</em></span> 
     </span>
     <span class='ocr_line' id='line_1_9' title="bbox 402 1227 1735 1317; baseline 0.002 -25"><span class='ocrx_word' id='word_1_79' title='bbox 402 1230 509 1293; x_wconf 89' lang='lat' dir='ltr'><strong>lesum</strong></span> <span class='ocrx_word' id='word_1_80' title='bbox 526 1231 618 1296; x_wconf 92' lang='lat' dir='ltr'><strong>enim</strong></span> <span class='ocrx_word' id='word_1_81' title='bbox 634 1228 733 1295; x_wconf 90' lang='lat' dir='ltr'><strong>multi</strong></span> <span class='ocrx_word' id='word_1_82' title='bbox 747 1231 852 1296; x_wconf 91' lang='lat' dir='ltr'><strong>secuti</strong></span> <span class='ocrx_word' id='word_1_83' title='bbox 865 1235 964 1296; x_wconf 89' lang='lat' dir='ltr'><strong>erant</strong></span> <span class='ocrx_word' id='word_1_84' title='bbox 976 1250 995 1294; x_wconf 90' lang='lat' dir='ltr'><strong>e</strong></span> <span class='ocrx_word' id='word_1_85' title='bbox 1008 1228 1158 1296; x_wconf 86' lang='lat' dir='ltr'><strong>Galilaea</strong></span> <span class='ocrx_word' id='word_1_86' title='bbox 1173 1227 1233 1317; x_wconf 91' lang='lat' dir='ltr'><strong>qui</strong></span> <span class='ocrx_word' id='word_1_87' title='bbox 1249 1249 1330 1294; x_wconf 93' lang='lat' dir='ltr'><strong>eum</strong></span> <span class='ocrx_word' id='word_1_88' title='bbox 1344 1227 1518 1294; x_wconf 87' lang='lat' dir='ltr'><strong>habebant</strong></span> <span class='ocrx_word' id='word_1_89' title='bbox 1531 1229 1735 1317; x_wconf 88' lang='lat' dir='ltr'><strong>prophetam</strong></span> 
     </span>
     <span class='ocr_line' id='line_1_10' title="bbox 402 1333 1735 1424; baseline 0.002 -26"><span class='ocrx_word' id='word_1_90' title='bbox 402 1339 435 1399; x_wconf 88' lang='lat' dir='ltr'><strong>et</strong></span> <span class='ocrx_word' id='word_1_91' title='bbox 445 1341 572 1422; x_wconf 90' lang='lat' dir='ltr'><strong>quanto</strong></span> <span class='ocrx_word' id='word_1_92' title='bbox 580 1355 748 1422; x_wconf 80' lang='lat' dir='ltr'><strong>argaeum</strong></span> <span class='ocrx_word' id='word_1_93' title='bbox 756 1335 868 1402; x_wconf 90' lang='lat' dir='ltr'><strong>studio</strong></span> <span class='ocrx_word' id='word_1_94' title='bbox 876 1334 1020 1424; x_wconf 88' lang='lat' dir='ltr'><strong>plurimi</strong></span> <span class='ocrx_word' id='word_1_95' title='bbox 1031 1340 1230 1402; x_wconf 88' lang='lat' dir='ltr'><strong>tenerentur</strong></span> <span class='ocrx_word' id='word_1_96' title='bbox 1241 1333 1459 1401; x_wconf 83' lang='lat' dir='ltr'><strong>manifestum</strong></span> <span class='ocrx_word' id='word_1_97' title='bbox 1474 1333 1516 1400; x_wconf 89' lang='lat' dir='ltr'><strong>iis</strong></span> <span class='ocrx_word' id='word_1_98' title='bbox 1530 1339 1604 1400; x_wconf 87' lang='lat' dir='ltr'><strong>erat</strong></span> <span class='ocrx_word' id='word_1_99' title='bbox 1618 1335 1735 1423; x_wconf 87' lang='lat' dir='ltr'><strong>etipse</strong></span> 
     </span>
     <span class='ocr_line' id='line_1_11' title="bbox 401 1437 1734 1530; baseline 0.002 -26"><span class='ocrx_word' id='word_1_100' title='bbox 401 1440 572 1527; x_wconf 85' lang='lat' dir='ltr'><strong>ingressus</strong></span> <span class='ocrx_word' id='word_1_101' title='bbox 584 1443 619 1507; x_wconf 95' lang='lat' dir='ltr'><strong>in</strong></span> <span class='ocrx_word' id='word_1_102' title='bbox 632 1440 752 1507; x_wconf 90' lang='lat' dir='ltr'><strong>urbem</strong></span> <span class='ocrx_word' id='word_1_103' title='bbox 765 1440 821 1508; x_wconf 89' lang='lat' dir='ltr'><strong>die</strong></span> <span class='ocrx_word' id='word_1_104' title='bbox 832 1448 865 1508; x_wconf 93' lang='lat' dir='ltr'><strong>et</strong></span> <span class='ocrx_word' id='word_1_105' title='bbox 880 1439 1108 1508; x_wconf 88' lang='lat' dir='ltr'><strong>admiratione</strong></span> <span class='ocrx_word' id='word_1_106' title='bbox 1123 1440 1184 1507; x_wconf 92' lang='lat' dir='ltr'><strong>illa</strong></span> <span class='ocrx_word' id='word_1_107' title='bbox 1200 1463 1270 1530; x_wconf 90' lang='lat' dir='ltr'><strong>qua</strong></span> <span class='ocrx_word' id='word_1_108' title='bbox 1281 1441 1403 1506; x_wconf 89' lang='lat' dir='ltr'><strong>turbae</strong></span> <span class='ocrx_word' id='word_1_109' title='bbox 1422 1441 1456 1506; x_wconf 93' lang='lat' dir='ltr'><strong>in</strong></span> <span class='ocrx_word' id='word_1_110' title='bbox 1476 1440 1604 1529; x_wconf 90' lang='lat' dir='ltr'><strong>templo</strong></span> <span class='ocrx_word' id='word_1_111' title='bbox 1619 1437 1734 1530; x_wconf 91' lang='lat' dir='ltr'><strong>dispu-</strong></span> 
     </span>
     <span class='ocr_line' id='line_1_12' title="bbox 400 1545 1734 1636; baseline 0.001 -25"><span class='ocrx_word' id='word_1_112' title='bbox 400 1547 543 1614; x_wconf 89' lang='lat' dir='ltr'><strong>tationes</strong></span> <span class='ocrx_word' id='word_1_113' title='bbox 554 1553 626 1614; x_wconf 88' lang='lat' dir='ltr'><strong>lesu</strong></span> <span class='ocrx_word' id='word_1_114' title='bbox 637 1549 933 1636; x_wconf 89' lang='lat' dir='ltr'><strong>prosequebantur</strong></span> <span class='ocrx_word' id='word_1_115' title='bbox 949 1548 1079 1632; x_wconf 85' lang='lat'><strong>(11,18;</strong></span> <span class='ocrx_word' id='word_1_116' title='bbox 1093 1554 1207 1627; x_wconf 52' lang='lat'><strong>1217.</strong></span> <span class='ocrx_word' id='word_1_117' title='bbox 1224 1548 1293 1633; x_wconf 79' lang='lat'><strong>37).</strong></span> <span class='ocrx_word' id='word_1_118' title='bbox 1309 1547 1405 1624; x_wconf 86' lang='lat' dir='ltr'><strong>Quod</strong></span> <span class='ocrx_word' id='word_1_119' title='bbox 1415 1545 1564 1613; x_wconf 90' lang='lat' dir='ltr'><strong>habetur</strong></span> <span class='ocrx_word' id='word_1_120' title='bbox 1574 1547 1610 1613; x_wconf 93' lang='lat' dir='ltr'><strong>iu</strong></span> <span class='ocrx_word' id='word_1_121' title='bbox 1620 1551 1734 1613; x_wconf 90' lang='lat' dir='ltr'><strong>nostra</strong></span> 
     </span>
     <span class='ocr_line' id='line_1_13' title="bbox 399 1652 1734 1742; baseline 0 -24"><span class='ocrx_word' id='word_1_122' title='bbox 399 1652 492 1742; x_wconf 78' lang='lat' dir='ltr'><strong>vulq.</strong></span> <span class='ocrx_word' id='word_1_123' title='bbox 510 1661 543 1720; x_wconf 90' lang='lat' dir='ltr'><strong>et</strong></span> <span class='ocrx_word' id='word_1_124' title='bbox 557 1653 593 1720; x_wconf 91' lang='lat' dir='ltr'><strong>in</strong></span> <span class='ocrx_word' id='word_1_125' title='bbox 605 1652 777 1742; x_wconf 88' lang='lat' dir='ltr'><strong>aliquibus</strong></span> <span class='ocrx_word' id='word_1_126' title='bbox 791 1653 968 1720; x_wconf 87' lang='lat' dir='ltr'><strong>codicibus</strong></span> <span class='ocrx_word' id='word_1_127' title='bbox 983 1654 1117 1740; x_wconf 87' lang='lat' dir='ltr'><strong>graecis</strong></span> <span class='ocrx_word' id='word_1_128' title='bbox 1130 1652 1289 1720; x_wconf 82' lang='lat' dir='ltr'><strong>dicebant</strong></span> <span class='ocrx_word' id='word_1_129' title='bbox 1304 1667 1435 1735; x_wconf 82' lang='lat' dir='ltr'><strong>eutem,</strong></span> <span class='ocrx_word' id='word_1_130' title='bbox 1448 1653 1548 1720; x_wconf 81' lang='lat' dir='ltr'><strong>facile</strong></span> <span class='ocrx_word' id='word_1_131' title='bbox 1560 1653 1654 1735; x_wconf 90' lang='lat' dir='ltr'><strong>ssuit;</strong></span> <span class='ocrx_word' id='word_1_132' title='bbox 1671 1652 1734 1720; x_wconf 88' lang='lat' dir='ltr'><strong>dif-</strong></span> 
     </span>
     <span class='ocr_line' id='line_1_14' title="bbox 401 1757 1733 1850; baseline 0.001 -27"><span class='ocrx_word' id='word_1_133' title='bbox 401 1757 523 1824; x_wconf 79' lang='lat' dir='ltr'><strong>ficilior</strong></span> <span class='ocrx_word' id='word_1_134' title='bbox 537 1766 586 1826; x_wconf 91' lang='lat' dir='ltr'><strong>est</strong></span> <span class='ocrx_word' id='word_1_135' title='bbox 600 1759 701 1826; x_wconf 88' lang='lat' dir='ltr'><strong>lectio</strong></span> <span class='ocrx_word' id='word_1_136' title='bbox 717 1782 806 1850; x_wconf 90' lang='lat' dir='ltr'><strong>quae</strong></span> <span class='ocrx_word' id='word_1_137' title='bbox 821 1760 939 1826; x_wconf 89' lang='lat' dir='ltr'><strong>critice</strong></span> <span class='ocrx_word' id='word_1_138' title='bbox 954 1760 1146 1849; x_wconf 81' lang='lat' dir='ltr'><strong>praefertur</strong></span> <span class='ocrx_word' id='word_1_139' title='bbox 1164 1758 1272 1850; x_wconf 72' lang='grc' dir='ltr'>ἔλεγον</span> <span class='ocrx_word' id='word_1_140' title='bbox 1289 1765 1367 1850; x_wconf 74' lang='grc' dir='ltr'><strong>γάρ,</strong></span> <span class='ocrx_word' id='word_1_141' title='bbox 1388 1757 1548 1828; x_wconf 83' lang='lat' dir='ltr'><strong>dicebant</strong></span> <span class='ocrx_word' id='word_1_142' title='bbox 1562 1758 1652 1826; x_wconf 79' lang='lat' dir='ltr'><strong>cuim</strong></span> <span class='ocrx_word' id='word_1_143' title='bbox 1670 1758 1733 1848; x_wconf 90' lang='lat' dir='ltr'><strong>(uti</strong></span> 
     </span>
     <span class='ocr_line' id='line_1_15' title="bbox 399 1865 1733 1956; baseline 0.001 -25"><span class='ocrx_word' id='word_1_144' title='bbox 399 1865 529 1931; x_wconf 89' lang='lat' dir='ltr'><strong>codices</strong></span> <span class='ocrx_word' id='word_1_145' title='bbox 555 1867 648 1956; x_wconf 75' lang='lat' dir='ltr'><strong>vulp.</strong></span> <span class='ocrx_word' id='word_1_146' title='bbox 674 1888 810 1955; x_wconf 89' lang='lat' dir='ltr'><strong>quoque</strong></span> <span class='ocrx_word' id='word_1_147' title='bbox 836 1866 992 1955; x_wconf 88' lang='lat' dir='ltr'><strong>habent),</strong></span> <span class='ocrx_word' id='word_1_148' title='bbox 1017 1872 1119 1955; x_wconf 91' lang='lat' dir='ltr'><strong>prout</strong></span> <span class='ocrx_word' id='word_1_149' title='bbox 1148 1867 1251 1935; x_wconf 91' lang='lat' dir='ltr'><strong>etiam</strong></span> <span class='ocrx_word' id='word_1_150' title='bbox 1278 1890 1317 1934; x_wconf 86' lang='lat' dir='ltr'><strong>ex</strong></span> <span class='ocrx_word' id='word_1_151' title='bbox 1339 1867 1434 1934; x_wconf 90' lang='lat' dir='ltr'><strong>varia</strong></span> <span class='ocrx_word' id='word_1_152' title='bbox 1457 1867 1733 1956; x_wconf 89' lang='lat' dir='ltr'><strong>interpretatione</strong></span> 
     </span>
     <span class='ocr_line' id='line_1_16' title="bbox 399 1964 1733 2061; baseline 0 -23"><span class='ocrx_word' id='word_1_153' title='bbox 399 1972 523 2053; x_wconf 82' lang='lat' dir='ltr'><strong>elucet3</strong></span> <span class='ocrx_word' id='word_1_154' title='bbox 541 1994 620 2039; x_wconf 90' lang='lat' dir='ltr'><strong>nam</strong></span> <span class='ocrx_word' id='word_1_155' title='bbox 634 1973 741 2061; x_wconf 91' lang='lat' dir='ltr'><strong>aliqui</strong></span> <span class='ocrx_word' id='word_1_156' title='bbox 755 1973 908 2039; x_wconf 80' lang='lat' dir='ltr'><strong>referunt</strong></span> <span class='ocrx_word' id='word_1_157' title='bbox 923 1973 1128 2061; x_wconf 89' lang='lat' dir='ltr'><strong>particulam</strong></span> <span class='ocrx_word' id='word_1_158' title='bbox 1144 1975 1236 2040; x_wconf 84' lang='lat' dir='ltr'><strong>enim</strong></span> <span class='ocrx_word' id='word_1_159' title='bbox 1251 1973 1295 2040; x_wconf 92' lang='lat' dir='ltr'><strong>ad</strong></span> <span class='ocrx_word' id='word_1_160' title='bbox 1317 1964 1438 2047; x_wconf 61' lang='grc' dir='ltr'>ἐζήτουν</span> <span class='ocrx_word' id='word_1_161' title='bbox 1453 1978 1531 2051; x_wconf 83' lang='grc' dir='ltr'>πῶς,</span> <span class='ocrx_word' id='word_1_162' title='bbox 1550 1972 1609 2039; x_wconf 88' lang='lat' dir='ltr'><strong>alii</strong></span> <span class='ocrx_word' id='word_1_163' title='bbox 1624 1971 1669 2039; x_wconf 91' lang='lat' dir='ltr'><strong>ad</strong></span> <span class='ocrx_word' id='word_1_164' title='bbox 1681 1994 1733 2038; x_wconf 91' lang='lat' dir='ltr'><strong>oc·</strong></span> 
     </span>
     <span class='ocr_line' id='line_1_17' title="bbox 401 2076 1731 2170; baseline 0.002 -25"><span class='ocrx_word' id='word_1_165' title='bbox 401 2076 566 2159; x_wconf 75' lang='lat' dir='ltr'><strong>citiorem,</strong></span> <span class='ocrx_word' id='word_1_166' title='bbox 580 2079 639 2146; x_wconf 88' lang='lat' dir='ltr'><strong>alii</strong></span> <span class='ocrx_word' id='word_1_167' title='bbox 653 2077 696 2145; x_wconf 94' lang='lat' dir='ltr'><strong>ad</strong></span> <span class='ocrx_word' id='word_1_168' title='bbox 712 2078 801 2146; x_wconf 85' lang='lat' dir='ltr'><strong>dolo.</strong></span> <span class='ocrx_word' id='word_1_169' title='bbox 820 2078 885 2146; x_wconf 88' lang='lat' dir='ltr'><strong>Sed</strong></span> <span class='ocrx_word' id='word_1_170' title='bbox 901 2078 1042 2145; x_wconf 84' lang='lat' dir='ltr'><strong>difficile</strong></span> <span class='ocrx_word' id='word_1_171' title='bbox 1057 2079 1275 2170; x_wconf 88' lang='lat' dir='ltr'><strong>perspicitur,</strong></span> <span class='ocrx_word' id='word_1_172' title='bbox 1295 2103 1357 2147; x_wconf 91' lang='lat' dir='ltr'><strong>cur</strong></span> <span class='ocrx_word' id='word_1_173' title='bbox 1370 2102 1439 2146; x_wconf 84' lang='lat' dir='ltr'><strong>non</strong></span> <span class='ocrx_word' id='word_1_174' title='bbox 1453 2081 1489 2146; x_wconf 85' lang='lat' dir='ltr'><strong>in</strong></span> <span class='ocrx_word' id='word_1_175' title='bbox 1500 2079 1554 2146; x_wconf 81' lang='lat' dir='ltr'><strong>dic</strong></span> <span class='ocrx_word' id='word_1_176' title='bbox 1566 2079 1653 2168; x_wconf 71' lang='lat' dir='ltr'><strong>sesto</strong></span> <span class='ocrx_word' id='word_1_177' title='bbox 1668 2085 1731 2147; x_wconf 83' lang='lat' dir='ltr'><strong>etc.</strong></span> 
     </span>
     <span class='ocr_line' id='line_1_18' title="bbox 400 2185 1733 2276; baseline -0.001 -24"><span class='ocrx_word' id='word_1_178' title='bbox 400 2185 562 2253; x_wconf 81' lang='lat' dir='ltr'><strong>afferatur</strong></span> <span class='ocrx_word' id='word_1_179' title='bbox 574 2191 747 2274; x_wconf 90' lang='lat' dir='ltr'><strong>tamquam</strong></span> <span class='ocrx_word' id='word_1_180' title='bbox 764 2187 851 2252; x_wconf 88' lang='lat' dir='ltr'><strong>ratio</strong></span> <span class='ocrx_word' id='word_1_181' title='bbox 864 2185 968 2252; x_wconf 90' lang='lat' dir='ltr'><strong>studii</strong></span> <span class='ocrx_word' id='word_1_182' title='bbox 983 2207 1062 2253; x_wconf 91' lang='lat' dir='ltr'><strong>eum</strong></span> <span class='ocrx_word' id='word_1_183' title='bbox 1077 2187 1217 2254; x_wconf 88' lang='lat' dir='ltr'><strong>tenendi</strong></span> <span class='ocrx_word' id='word_1_184' title='bbox 1230 2186 1284 2254; x_wconf 91' lang='lat' dir='ltr'><strong>vel</strong></span> <span class='ocrx_word' id='word_1_185' title='bbox 1300 2187 1478 2254; x_wconf 90' lang='lat' dir='ltr'><strong>occidendi</strong></span> <span class='ocrx_word' id='word_1_186' title='bbox 1490 2188 1544 2253; x_wconf 90' lang='lat' dir='ltr'><strong>vel</strong></span> <span class='ocrx_word' id='word_1_187' title='bbox 1558 2192 1733 2276; x_wconf 88' lang='lat' dir='ltr'><strong>tamquam</strong></span> 
     </span>
     <span class='ocr_line' id='line_1_19' title="bbox 400 2279 1734 2383; baseline -0.001 -24"><span class='ocrx_word' id='word_1_188' title='bbox 400 2314 502 2360; x_wconf 89' lang='lat' dir='ltr'><strong>causa</strong></span> <span class='ocrx_word' id='word_1_189' title='bbox 521 2292 557 2358; x_wconf 91' lang='lat' dir='ltr'><strong>id</strong></span> <span class='ocrx_word' id='word_1_190' title='bbox 567 2289 596 2352; x_wconf 80' lang='grc' dir='ltr'><strong>ἐν</strong></span> <span class='ocrx_word' id='word_1_191' title='bbox 608 2279 692 2374; x_wconf 63' lang='lat' dir='ltr'><strong>doto</strong></span> <span class='ocrx_word' id='word_1_192' title='bbox 703 2292 907 2382; x_wconf 80' lang='lat' dir='ltr'><strong>peragendi.</strong></span> <span class='ocrx_word' id='word_1_193' title='bbox 929 2298 1208 2382; x_wconf 79' lang='lat' dir='ltr'><strong>Exspectaremus</strong></span> <span class='ocrx_word' id='word_1_194' title='bbox 1233 2292 1300 2360; x_wconf 88' lang='lat' dir='ltr'><strong>dici</strong></span> <span class='ocrx_word' id='word_1_195' title='bbox 1325 2317 1332 2359; x_wconf 93' lang='lat'>:</span> <span class='ocrx_word' id='word_1_196' title='bbox 1362 2292 1535 2383; x_wconf 88' lang='lat' dir='ltr'><strong>quomodo</strong></span> <span class='ocrx_word' id='word_1_197' title='bbox 1555 2313 1633 2358; x_wconf 86' lang='lat' dir='ltr'><strong>eum</strong></span> <span class='ocrx_word' id='word_1_198' title='bbox 1657 2298 1734 2380; x_wconf 91' lang='lat' dir='ltr'><strong>post</strong></span> 
     </span>
     <span class='ocr_line' id='line_1_20' title="bbox 401 2398 1733 2489; baseline -0.001 -24"><span class='ocrx_word' id='word_1_199' title='bbox 401 2399 473 2466; x_wconf 92' lang='lat' dir='ltr'><strong>dies</strong></span> <span class='ocrx_word' id='word_1_200' title='bbox 493 2401 593 2466; x_wconf 81' lang='lat' dir='ltr'><strong>festos</strong></span> <span class='ocrx_word' id='word_1_201' title='bbox 611 2398 690 2467; x_wconf 93' lang='lat' dir='ltr'><strong>dolo</strong></span> <span class='ocrx_word' id='word_1_202' title='bbox 710 2406 868 2467; x_wconf 89' lang='lat' dir='ltr'><strong>tenerent</strong></span> <span class='ocrx_word' id='word_1_203' title='bbox 887 2399 951 2486; x_wconf 87' lang='lat' dir='ltr'><strong>(uti</strong></span> <span class='ocrx_word' id='word_1_204' title='bbox 970 2398 1103 2489; x_wconf 70' lang='lat' dir='ltr'><strong>Scheqq</strong></span> <span class='ocrx_word' id='word_1_205' title='bbox 1125 2400 1297 2488; x_wconf 84' lang='lat' dir='ltr'><strong>explicat),</strong></span> <span class='ocrx_word' id='word_1_206' title='bbox 1318 2400 1373 2465; x_wconf 89' lang='lat' dir='ltr'><strong>vel</strong></span> <span class='ocrx_word' id='word_1_207' title='bbox 1387 2398 1571 2465; x_wconf 91' lang='lat' dir='ltr'><strong>dicendum</strong></span> <span class='ocrx_word' id='word_1_208' title='bbox 1584 2399 1649 2465; x_wconf 92' lang='lat' dir='ltr'><strong>erit</strong></span> <span class='ocrx_word' id='word_1_209' title='bbox 1662 2420 1733 2464; x_wconf 91' lang='lat' dir='ltr'><strong>esse</strong></span> 
     </span>
     <span class='ocr_line' id='line_1_21' title="bbox 399 2505 1732 2596; baseline -0.001 -24"><span class='ocrx_word' id='word_1_210' title='bbox 399 2505 629 2595; x_wconf 89' lang='lat' dir='ltr'><strong>supplendum</strong></span> <span class='ocrx_word' id='word_1_211' title='bbox 648 2505 753 2596; x_wconf 82' lang='lat' dir='ltr'><strong>(quod</strong></span> <span class='ocrx_word' id='word_1_212' title='bbox 772 2506 846 2574; x_wconf 82' lang='lat' dir='ltr'><strong>Coi.</strong></span> <span class='ocrx_word' id='word_1_213' title='bbox 867 2505 990 2594; x_wconf 89' lang='lat' dir='ltr'><strong>innuit)</strong></span> <span class='ocrx_word' id='word_1_214' title='bbox 1011 2527 1018 2572; x_wconf 93' lang='lat'>:</span> <span class='ocrx_word' id='word_1_215' title='bbox 1037 2507 1214 2572; x_wconf 90' lang='lat' dir='ltr'><strong>nonenim</strong></span> <span class='ocrx_word' id='word_1_216' title='bbox 1231 2505 1408 2572; x_wconf 83' lang='lat' dir='ltr'><strong>audebant</strong></span> <span class='ocrx_word' id='word_1_217' title='bbox 1428 2506 1497 2571; x_wconf 92' lang='lat' dir='ltr'><strong>vim</strong></span> <span class='ocrx_word' id='word_1_218' title='bbox 1519 2505 1732 2573; x_wconf 81' lang='lat' dir='ltr'><strong>manifestam</strong></span> 
     </span>
     <span class='ocr_line' id='line_1_22' title="bbox 400 2610 1730 2702; baseline 0.001 -26"><span class='ocrx_word' id='word_1_219' title='bbox 400 2613 526 2678; x_wconf 81' lang='lat' dir='ltr'><strong>inferre</strong></span> <span class='ocrx_word' id='word_1_220' title='bbox 541 2612 675 2702; x_wconf 88' lang='lat' dir='ltr'><strong>palam;</strong></span> <span class='ocrx_word' id='word_1_221' title='bbox 692 2633 773 2678; x_wconf 90' lang='lat' dir='ltr'><strong>nam</strong></span> <span class='ocrx_word' id='word_1_222' title='bbox 788 2610 956 2678; x_wconf 90' lang='lat' dir='ltr'><strong>timebant</strong></span> <span class='ocrx_word' id='word_1_223' title='bbox 973 2634 1016 2678; x_wconf 91' lang='lat' dir='ltr'><strong>ne</strong></span> <span class='ocrx_word' id='word_1_224' title='bbox 1034 2612 1184 2701; x_wconf 92' lang='lat' dir='ltr'><strong>populus</strong></span> <span class='ocrx_word' id='word_1_225' title='bbox 1198 2612 1468 2679; x_wconf 92' lang='lat' dir='ltr'><strong>tumultuaretur</strong></span> <span class='ocrx_word' id='word_1_226' title='bbox 1486 2618 1605 2678; x_wconf 89' lang='lat' dir='ltr'><strong>contra</strong></span> <span class='ocrx_word' id='word_1_227' title='bbox 1623 2612 1730 2700; x_wconf 92' lang='lat' dir='ltr'><strong>ipsos,</strong></span> 
     </span>
     <span class='ocr_line' id='line_1_23' title="bbox 398 2718 1147 2808; baseline 0.003 -25"><span class='ocrx_word' id='word_1_228' title='bbox 398 2718 426 2783; x_wconf 90' lang='lat' dir='ltr'><strong>si</strong></span> <span class='ocrx_word' id='word_1_229' title='bbox 446 2719 513 2784; x_wconf 91' lang='lat' dir='ltr'><strong>vim</strong></span> <span class='ocrx_word' id='word_1_230' title='bbox 537 2719 676 2808; x_wconf 90' lang='lat' dir='ltr'><strong>publice</strong></span> <span class='ocrx_word' id='word_1_231' title='bbox 696 2720 731 2784; x_wconf 94' lang='lat' dir='ltr'><strong>in</strong></span> <span class='ocrx_word' id='word_1_232' title='bbox 751 2718 923 2784; x_wconf 89' lang='lat' dir='ltr'><strong>Christum</strong></span> <span class='ocrx_word' id='word_1_233' title='bbox 943 2718 1147 2786; x_wconf 89' lang='lat' dir='ltr'><strong>intulissent.</strong></span> 
     </span>
    </p>

    <p class='ocr_par' dir='ltr' id='par_1_3' title="bbox 393 2824 1818 4196">
     <span class='ocr_line' id='line_1_24' title="bbox 446 2824 1763 2915; baseline 0.005 -30"><span class='ocrx_word' id='word_1_234' title='bbox 446 2853 461 2885; x_wconf 75' lang='grc' dir='ltr'>α</span> <span class='ocrx_word' id='word_1_235' title='bbox 484 2825 534 2890; x_wconf 93' lang='lat' dir='ltr'><strong>llli</strong></span> <span class='ocrx_word' id='word_1_236' title='bbox 552 2826 691 2913; x_wconf 91' lang='lat' dir='ltr'><strong>quidem</strong></span> <span class='ocrx_word' id='word_1_237' title='bbox 708 2824 949 2891; x_wconf 89' lang='lat' dir='ltr'><strong>consultabant</strong></span> <span class='ocrx_word' id='word_1_238' title='bbox 972 2825 1209 2893; x_wconf 88' lang='lat' dir='ltr'><strong>sollemnitatis</strong></span> <span class='ocrx_word' id='word_1_239' title='bbox 1228 2832 1365 2915; x_wconf 92' lang='lat' dir='ltr'><strong>tempus</strong></span> <span class='ocrx_word' id='word_1_240' title='bbox 1385 2826 1673 2914; x_wconf 80' lang='lat' dir='ltr'><strong>praetermittere3</strong></span> <span class='ocrx_word' id='word_1_241' title='bbox 1696 2831 1731 2892; x_wconf 87' lang='lat' dir='ltr'><strong>at</strong></span> <span class='ocrx_word' id='word_1_242' title='bbox 1761 2849 1763 2854; x_wconf 68' lang='grc'>’</span> 
     </span>
     <span class='ocr_line' id='line_1_25' title="bbox 397 2930 1731 3021; baseline 0 -24"><span class='ocrx_word' id='word_1_243' title='bbox 397 2955 466 2998; x_wconf 88' lang='lat' dir='ltr'><strong>non</strong></span> <span class='ocrx_word' id='word_1_244' title='bbox 487 2933 690 3021; x_wconf 91' lang='lat' dir='ltr'><strong>permissum</strong></span> <span class='ocrx_word' id='word_1_245' title='bbox 713 2939 763 2997; x_wconf 90' lang='lat' dir='ltr'><strong>est</strong></span> <span class='ocrx_word' id='word_1_246' title='bbox 784 2932 842 3012; x_wconf 91' lang='lat' dir='ltr'><strong>eis,</strong></span> <span class='ocrx_word' id='word_1_247' title='bbox 858 2930 919 2998; x_wconf 93' lang='lat' dir='ltr'><strong>sed</strong></span> <span class='ocrx_word' id='word_1_248' title='bbox 940 2932 1013 3020; x_wconf 88' lang='lat' dir='ltr'><strong>ipse</strong></span> <span class='ocrx_word' id='word_1_249' title='bbox 1030 2932 1095 2998; x_wconf 91' lang='lat' dir='ltr'><strong>sibi</strong></span> <span class='ocrx_word' id='word_1_250' title='bbox 1114 2931 1179 3021; x_wconf 91' lang='lat' dir='ltr'><strong>ipsi</strong></span> <span class='ocrx_word' id='word_1_251' title='bbox 1196 2938 1333 3021; x_wconf 89' lang='lat' dir='ltr'><strong>tempus</strong></span> <span class='ocrx_word' id='word_1_252' title='bbox 1353 2932 1515 3021; x_wconf 90' lang='lat' dir='ltr'><strong>passionis</strong></span> <span class='ocrx_word' id='word_1_253' title='bbox 1529 2937 1677 2998; x_wconf 92' lang='lat' dir='ltr'><strong>statuens</strong></span> <span class='ocrx_word' id='word_1_254' title='bbox 1696 2932 1731 2997; x_wconf 92' lang='lat' dir='ltr'><strong>iu</strong></span> 
     </span>
     <span class='ocr_line' id='line_1_26' title="bbox 397 3038 1732 3130; baseline -0.001 -25"><span class='ocrx_word' id='word_1_255' title='bbox 397 3038 691 3130; x_wconf 84' lang='lat' dir='ltr'><strong>paschacrucisrgi</strong></span> <span class='ocrx_word' id='word_1_256' title='bbox 700 3038 825 3119; x_wconf 89' lang='lat' dir='ltr'><strong>voluit;</strong></span> <span class='ocrx_word' id='word_1_257' title='bbox 838 3039 911 3128; x_wconf 91' lang='lat' dir='ltr'><strong>ipsc</strong></span> <span class='ocrx_word' id='word_1_258' title='bbox 921 3039 1012 3105; x_wconf 92' lang='lat' dir='ltr'><strong>enim</strong></span> <span class='ocrx_word' id='word_1_259' title='bbox 1025 3045 1097 3106; x_wconf 87' lang='lat' dir='ltr'><strong>erat</strong></span> <span class='ocrx_word' id='word_1_260' title='bbox 1106 3039 1373 3128; x_wconf 87' lang='lat' dir='ltr'><strong>paschaverum.</strong></span> <span class='ocrx_word' id='word_1_261' title='bbox 1385 3038 1477 3107; x_wconf 93' lang='lat' dir='ltr'><strong>Unde</strong></span> <span class='ocrx_word' id='word_1_262' title='bbox 1491 3039 1732 3119; x_wconf 86' lang='lat' dir='ltr'><strong>virtutemeius</strong></span> 
     </span>
     <span class='ocr_line' id='line_1_27' title="bbox 396 3144 1730 3236; baseline -0.001 -25"><span class='ocrx_word' id='word_1_263' title='bbox 396 3145 560 3211; x_wconf 87' lang='lat' dir='ltr'><strong>admirari</strong></span> <span class='ocrx_word' id='word_1_264' title='bbox 579 3144 673 3224; x_wconf 87' lang='lat' dir='ltr'><strong>licet;</strong></span> <span class='ocrx_word' id='word_1_265' title='bbox 695 3166 773 3211; x_wconf 91' lang='lat' dir='ltr'><strong>nam</strong></span> <span class='ocrx_word' id='word_1_266' title='bbox 794 3166 873 3210; x_wconf 90' lang='lat' dir='ltr'><strong>cum</strong></span> <span class='ocrx_word' id='word_1_267' title='bbox 892 3145 943 3210; x_wconf 90' lang='lat' dir='ltr'><strong>illi</strong></span> <span class='ocrx_word' id='word_1_268' title='bbox 960 3145 1085 3212; x_wconf 89' lang='lat' dir='ltr'><strong>vellent</strong></span> <span class='ocrx_word' id='word_1_269' title='bbox 1104 3168 1184 3212; x_wconf 90' lang='lat' dir='ltr'><strong>eum</strong></span> <span class='ocrx_word' id='word_1_270' title='bbox 1203 3145 1498 3235; x_wconf 88' lang='lat' dir='ltr'><strong>comprehendere</strong></span> <span class='ocrx_word' id='word_1_271' title='bbox 1518 3167 1587 3212; x_wconf 89' lang='lat' dir='ltr'><strong>non</strong></span> <span class='ocrx_word' id='word_1_272' title='bbox 1610 3152 1730 3236; x_wconf 91' lang='lat' dir='ltr'><strong>potue·</strong></span> 
     </span>
     <span class='ocr_line' id='line_1_28' title="bbox 397 3251 1730 3341; baseline -0.002 -23"><span class='ocrx_word' id='word_1_273' title='bbox 397 3257 490 3327; x_wconf 89' lang='lat' dir='ltr'><strong>runt;</strong></span> <span class='ocrx_word' id='word_1_274' title='bbox 512 3251 651 3341; x_wconf 91' lang='lat' dir='ltr'><strong>quando</strong></span> <span class='ocrx_word' id='word_1_275' title='bbox 673 3257 787 3317; x_wconf 89' lang='lat' dir='ltr'><strong>autem</strong></span> <span class='ocrx_word' id='word_1_276' title='bbox 807 3251 858 3317; x_wconf 86' lang='lat' dir='ltr'><strong>illi</strong></span> <span class='ocrx_word' id='word_1_277' title='bbox 877 3251 1060 3317; x_wconf 89' lang='lat' dir='ltr'><strong>noluerunt</strong></span> <span class='ocrx_word' id='word_1_278' title='bbox 1081 3261 1221 3341; x_wconf 88' lang='lat' dir='ltr'><strong>propter</strong></span> <span class='ocrx_word' id='word_1_279' title='bbox 1242 3254 1366 3319; x_wconf 82' lang='lat' dir='ltr'><strong>testum</strong></span> <span class='ocrx_word' id='word_1_280' title='bbox 1387 3253 1491 3333; x_wconf 84' lang='lat' dir='ltr'><strong>diem,</strong></span> <span class='ocrx_word' id='word_1_281' title='bbox 1509 3259 1590 3319; x_wconf 93' lang='lat' dir='ltr'><strong>tunc</strong></span> <span class='ocrx_word' id='word_1_282' title='bbox 1608 3252 1730 3317; x_wconf 88' lang='lat' dir='ltr'><strong>volun-</strong></span> 
     </span>
     <span class='ocr_line' id='line_1_29' title="bbox 397 3356 1730 3449; baseline -0.001 -24"><span class='ocrx_word' id='word_1_283' title='bbox 397 3357 738 3447; x_wconf 84' lang='lat' dir='ltr'><strong>tariusipseseipsum</strong></span> <span class='ocrx_word' id='word_1_284' title='bbox 749 3356 892 3423; x_wconf 89' lang='lat' dir='ltr'><strong>tradidit</strong></span> <span class='ocrx_word' id='word_1_285' title='bbox 903 3387 918 3417; x_wconf 68' lang='grc' dir='ltr'><strong>υ</strong></span> <span class='ocrx_word' id='word_1_286' title='bbox 932 3358 1095 3448; x_wconf 77' lang='lat' dir='ltr'><strong>(Theoplt.</strong></span> <span class='ocrx_word' id='word_1_287' title='bbox 1113 3358 1226 3446; x_wconf 68' lang='lat' dir='ltr'><strong>Vrec).</strong></span> <span class='ocrx_word' id='word_1_288' title='bbox 1240 3363 1307 3426; x_wconf 90' lang='lat' dir='ltr'><strong>Cur</strong></span> <span class='ocrx_word' id='word_1_289' title='bbox 1317 3360 1505 3449; x_wconf 91' lang='lat' dir='ltr'><strong>antiquitus</strong></span> <span class='ocrx_word' id='word_1_290' title='bbox 1512 3357 1599 3425; x_wconf 87' lang='lat' dir='ltr'><strong>feria</strong></span> <span class='ocrx_word' id='word_1_291' title='bbox 1607 3363 1730 3447; x_wconf 88' lang='lat' dir='ltr'><strong>quarta</strong></span> 
     </span>
     <span class='ocr_line' id='line_1_30' title="bbox 397 3456 1818 3555; baseline 0.001 -26"><span class='ocrx_word' id='word_1_292' title='bbox 397 3463 572 3532; x_wconf 90' lang='lat' dir='ltr'><strong>ieiunandi</strong></span> <span class='ocrx_word' id='word_1_293' title='bbox 595 3465 801 3532; x_wconf 89' lang='lat' dir='ltr'><strong>consuetudo</strong></span> <span class='ocrx_word' id='word_1_294' title='bbox 823 3465 927 3531; x_wconf 86' lang='lat' dir='ltr'><strong>luerit</strong></span> <span class='ocrx_word' id='word_1_295' title='bbox 953 3487 992 3530; x_wconf 83' lang='lat' dir='ltr'><strong>ex</strong></span> <span class='ocrx_word' id='word_1_296' title='bbox 1015 3465 1177 3533; x_wconf 89' lang='lat' dir='ltr'><strong>hocloco</strong></span> <span class='ocrx_word' id='word_1_297' title='bbox 1205 3467 1286 3532; x_wconf 81' lang='lat' dir='ltr'><strong>Vc&#39;ct.</strong></span> <span class='ocrx_word' id='word_1_298' title='bbox 1310 3488 1447 3555; x_wconf 86' lang='lat' dir='ltr'><strong>quoque</strong></span> <span class='ocrx_word' id='word_1_299' title='bbox 1467 3464 1625 3555; x_wconf 81' lang='lat' dir='ltr'><strong>explicat,</strong></span> <span class='ocrx_word' id='word_1_300' title='bbox 1648 3466 1729 3554; x_wconf 91' lang='lat' dir='ltr'><strong>quia</strong></span> <span class='ocrx_word' id='word_1_301' title='bbox 1817 3456 1818 3460; x_wconf 27' lang='lat'>¹</span> 
     </span>
     <span class='ocr_line' id='line_1_31' title="bbox 396 3570 1729 3663; baseline 0.002 -27"><span class='ocrx_word' id='word_1_302' title='bbox 396 3572 504 3661; x_wconf 88' lang='lat' dir='ltr'><strong>passio</strong></span> <span class='ocrx_word' id='word_1_303' title='bbox 516 3570 602 3638; x_wconf 87' lang='lat' dir='ltr'><strong>feria</strong></span> <span class='ocrx_word' id='word_1_304' title='bbox 612 3577 705 3638; x_wconf 80' lang='lat' dir='ltr'><strong>sexta</strong></span> <span class='ocrx_word' id='word_1_305' title='bbox 717 3573 759 3638; x_wconf 94' lang='lat' dir='ltr'><strong>sit</strong></span> <span class='ocrx_word' id='word_1_306' title='bbox 770 3571 936 3660; x_wconf 81' lang='lat' dir='ltr'><strong>perlecta3</strong></span> <span class='ocrx_word' id='word_1_307' title='bbox 950 3572 1078 3661; x_wconf 89' lang='lat' dir='ltr'><strong>pascha</strong></span> <span class='ocrx_word' id='word_1_308' title='bbox 1093 3574 1210 3663; x_wconf 92' lang='lat' dir='ltr'><strong>itaque</strong></span> <span class='ocrx_word' id='word_1_309' title='bbox 1223 3572 1482 3657; x_wconf 85' lang='lat' dir='ltr'><strong>intelligebatur</strong></span> <span class='ocrx_word' id='word_1_310' title='bbox 1496 3572 1646 3639; x_wconf 91' lang='lat' dir='ltr'><strong>eomodo</strong></span> <span class='ocrx_word' id='word_1_311' title='bbox 1661 3594 1729 3661; x_wconf 91' lang='lat' dir='ltr'><strong>quo</strong></span> 
     </span>
     <span class='ocr_line' id='line_1_32' title="bbox 396 3677 1725 3767; baseline -0.002 -23"><span class='ocrx_word' id='word_1_312' title='bbox 396 3678 568 3766; x_wconf 92' lang='lat' dir='ltr'><strong>apostolus</strong></span> <span class='ocrx_word' id='word_1_313' title='bbox 586 3677 670 3744; x_wconf 91' lang='lat' dir='ltr'><strong>dicit</strong></span> <span class='ocrx_word' id='word_1_314' title='bbox 691 3701 698 3745; x_wconf 91' lang='lat'>:</span> <span class='ocrx_word' id='word_1_315' title='bbox 722 3678 848 3767; x_wconf 89' lang='lat' dir='ltr'><strong>pascha</strong></span> <span class='ocrx_word' id='word_1_316' title='bbox 868 3685 1022 3745; x_wconf 91' lang='lat' dir='ltr'><strong>nostrum</strong></span> <span class='ocrx_word' id='word_1_317' title='bbox 1043 3680 1240 3746; x_wconf 91' lang='lat' dir='ltr'><strong>immolatus</strong></span> <span class='ocrx_word' id='word_1_318' title='bbox 1259 3685 1308 3745; x_wconf 90' lang='lat' dir='ltr'><strong>est</strong></span> <span class='ocrx_word' id='word_1_319' title='bbox 1323 3679 1476 3746; x_wconf 86' lang='lat' dir='ltr'><strong>Christus</strong></span> <span class='ocrx_word' id='word_1_320' title='bbox 1492 3680 1522 3766; x_wconf 88' lang='lat' dir='ltr'><strong>(l</strong></span> <span class='ocrx_word' id='word_1_321' title='bbox 1545 3683 1620 3747; x_wconf 86' lang='lat' dir='ltr'><strong>Cor.</strong></span> <span class='ocrx_word' id='word_1_322' title='bbox 1640 3679 1725 3765; x_wconf 78' lang='lat'>5‚7),</span> 
     </span>
     <span class='ocr_line' id='line_1_33' title="bbox 396 3784 1728 3875; baseline 0.001 -26"><span class='ocrx_word' id='word_1_323' title='bbox 396 3784 488 3873; x_wconf 91' lang='lat' dir='ltr'><strong>quod</strong></span> <span class='ocrx_word' id='word_1_324' title='bbox 502 3784 587 3851; x_wconf 90' lang='lat' dir='ltr'><strong>alias</strong></span> <span class='ocrx_word' id='word_1_325' title='bbox 599 3784 793 3875; x_wconf 86' lang='lat' dir='ltr'><strong>appellatur</strong></span> <span class='ocrx_word' id='word_1_326' title='bbox 810 3789 919 3870; x_wconf 62' lang='lat' dir='ltr'><strong>siqu</strong></span> <span class='ocrx_word' id='word_1_327' title='bbox 939 3785 1159 3873; x_wconf 77' lang='grc' dir='ltr'>σταυρώσιμον.</span> <span class='ocrx_word' id='word_1_328' title='bbox 1180 3787 1245 3852; x_wconf 75' lang='lat' dir='ltr'><strong>alii</strong></span> <span class='ocrx_word' id='word_1_329' title='bbox 1259 3809 1339 3852; x_wconf 92' lang='lat' dir='ltr'><strong>eum</strong></span> <span class='ocrx_word' id='word_1_330' title='bbox 1353 3808 1449 3852; x_wconf 89' lang='lat' dir='ltr'><strong>usum</strong></span> <span class='ocrx_word' id='word_1_331' title='bbox 1467 3786 1543 3852; x_wconf 91' lang='lat' dir='ltr'><strong>ideo</strong></span> <span class='ocrx_word' id='word_1_332' title='bbox 1556 3785 1592 3851; x_wconf 89' lang='lat' dir='ltr'><strong>iu</strong></span> <span class='ocrx_word' id='word_1_333' title='bbox 1608 3785 1728 3851; x_wconf 88' lang='lat' dir='ltr'><strong>leriam</strong></span> 
     </span>
     <span class='ocr_line' id='line_1_34' title="bbox 395 3891 1726 3981; baseline 0.001 -26"><span class='ocrx_word' id='word_1_334' title='bbox 395 3899 552 3978; x_wconf 90' lang='lat' dir='ltr'><strong>quartam</strong></span> <span class='ocrx_word' id='word_1_335' title='bbox 577 3913 647 3958; x_wconf 89' lang='lat' dir='ltr'><strong>esse</strong></span> <span class='ocrx_word' id='word_1_336' title='bbox 669 3891 869 3957; x_wconf 85' lang='lat' dir='ltr'><strong>translatum</strong></span> <span class='ocrx_word' id='word_1_337' title='bbox 892 3898 1014 3981; x_wconf 89' lang='lat' dir='ltr'><strong>putant</strong></span> <span class='ocrx_word' id='word_1_338' title='bbox 1037 3894 1118 3981; x_wconf 88' lang='lat' dir='ltr'><strong>quia</strong></span> <span class='ocrx_word' id='word_1_339' title='bbox 1138 3893 1341 3961; x_wconf 90' lang='lat' dir='ltr'><strong>consultatio</strong></span> <span class='ocrx_word' id='word_1_340' title='bbox 1362 3893 1420 3959; x_wconf 89' lang='lat' dir='ltr'><strong>illa</strong></span> <span class='ocrx_word' id='word_1_341' title='bbox 1440 3892 1558 3959; x_wconf 90' lang='lat' dir='ltr'><strong>habita</strong></span> <span class='ocrx_word' id='word_1_342' title='bbox 1578 3893 1620 3957; x_wconf 88' lang='lat' dir='ltr'><strong>sit</strong></span> <span class='ocrx_word' id='word_1_343' title='bbox 1641 3891 1726 3957; x_wconf 86' lang='lat' dir='ltr'><strong>feria</strong></span> 
     </span>
     <span class='ocr_line' id='line_1_35' title="bbox 393 3996 1725 4088; baseline 0.002 -27"><span class='ocrx_word' id='word_1_344' title='bbox 393 3997 494 4063; x_wconf 87' lang='lat' dir='ltr'><strong>tertia</strong></span> <span class='ocrx_word' id='word_1_345' title='bbox 509 3996 553 4062; x_wconf 89' lang='lat' dir='ltr'><strong>ad</strong></span> <span class='ocrx_word' id='word_1_346' title='bbox 569 4020 744 4088; x_wconf 89' lang='lat' dir='ltr'><strong>vesperam</strong></span> <span class='ocrx_word' id='word_1_347' title='bbox 759 4006 791 4064; x_wconf 89' lang='lat' dir='ltr'><strong>et</strong></span> <span class='ocrx_word' id='word_1_348' title='bbox 806 3998 907 4064; x_wconf 84' lang='lat' dir='ltr'><strong>tudae</strong></span> <span class='ocrx_word' id='word_1_349' title='bbox 922 3999 1107 4087; x_wconf 90' lang='lat' dir='ltr'><strong>proditoris</strong></span> <span class='ocrx_word' id='word_1_350' title='bbox 1122 4000 1165 4065; x_wconf 87' lang='lat' dir='ltr'><strong>ad</strong></span> <span class='ocrx_word' id='word_1_351' title='bbox 1180 4001 1369 4066; x_wconf 86' lang='lat' dir='ltr'><strong>sacerdotes</strong></span> <span class='ocrx_word' id='word_1_352' title='bbox 1384 4021 1535 4066; x_wconf 89' lang='lat' dir='ltr'><strong>accessus</strong></span> <span class='ocrx_word' id='word_1_353' title='bbox 1548 4004 1581 4065; x_wconf 91' lang='lat' dir='ltr'><strong>et</strong></span> <span class='ocrx_word' id='word_1_354' title='bbox 1590 3998 1725 4086; x_wconf 91' lang='lat' dir='ltr'><strong>sponsio</strong></span> 
     </span>
     <span class='ocr_line' id='line_1_36' title="bbox 395 4103 1282 4196; baseline 0.006 -29"><span class='ocrx_word' id='word_1_355' title='bbox 395 4103 480 4170; x_wconf 78' lang='lat' dir='ltr'><strong>teria</strong></span> <span class='ocrx_word' id='word_1_356' title='bbox 497 4109 619 4192; x_wconf 89' lang='lat' dir='ltr'><strong>quarta</strong></span> <span class='ocrx_word' id='word_1_357' title='bbox 638 4104 693 4192; x_wconf 82' lang='lat' dir='ltr'><strong>(cl.</strong></span> <span class='ocrx_word' id='word_1_358' title='bbox 716 4104 870 4194; x_wconf 73' lang='lat' dir='ltr'><strong>Sebeqq;</strong></span> <span class='ocrx_word' id='word_1_359' title='bbox 888 4105 965 4170; x_wconf 84' lang='lat' dir='ltr'><strong>vide</strong></span> <span class='ocrx_word' id='word_1_360' title='bbox 978 4105 1021 4170; x_wconf 87' lang='lat' dir='ltr'><strong>ad</strong></span> <span class='ocrx_word' id='word_1_361' title='bbox 1040 4107 1154 4172; x_wconf 89' lang='lat' dir='ltr'><strong>llatth.</strong></span> <span class='ocrx_word' id='word_1_362' title='bbox 1176 4107 1282 4196; x_wconf 59' lang='grc' dir='ltr'><strong>ΞΜ).</strong></span> 
     </span>
    </p>

    <p class='ocr_par' dir='ltr' id='par_1_4' title="bbox 436 4211 1724 4302">
     <span class='ocr_line' id='line_1_37' title="bbox 436 4211 1724 4302; baseline -0.001 -25"><span class='ocrx_word' id='word_1_363' title='bbox 436 4214 548 4277; x_wconf 89' lang='lat' dir='ltr'><strong>Coena</strong></span> <span class='ocrx_word' id='word_1_364' title='bbox 563 4212 598 4277; x_wconf 93' lang='lat' dir='ltr'><strong>in</strong></span> <span class='ocrx_word' id='word_1_365' title='bbox 614 4211 778 4277; x_wconf 88' lang='lat' dir='ltr'><strong>Bethania</strong></span> <span class='ocrx_word' id='word_1_366' title='bbox 794 4221 827 4278; x_wconf 90' lang='lat' dir='ltr'><strong>et</strong></span> <span class='ocrx_word' id='word_1_367' title='bbox 843 4215 958 4278; x_wconf 91' lang='lat' dir='ltr'><strong>unctio</strong></span> <span class='ocrx_word' id='word_1_368' title='bbox 976 4218 1047 4278; x_wconf 90' lang='lat' dir='ltr'><strong>lesu</strong></span> <span class='ocrx_word' id='word_1_369' title='bbox 1063 4219 1203 4302; x_wconf 86' lang='lat' dir='ltr'><strong>peracta</strong></span> <span class='ocrx_word' id='word_1_370' title='bbox 1219 4220 1285 4296; x_wconf 86' lang='lat' dir='ltr'><strong>est,</strong></span> <span class='ocrx_word' id='word_1_371' title='bbox 1304 4219 1405 4302; x_wconf 89' lang='lat' dir='ltr'><strong>prout</strong></span> <span class='ocrx_word' id='word_1_372' title='bbox 1417 4235 1457 4280; x_wconf 84' lang='lat' dir='ltr'><strong>ex</strong></span> <span class='ocrx_word' id='word_1_373' title='bbox 1472 4217 1564 4278; x_wconf 90' lang='lat' dir='ltr'><strong>loan.</strong></span> <span class='ocrx_word' id='word_1_374' title='bbox 1585 4216 1724 4292; x_wconf 64' lang='lat' dir='ltr'><strong>lat-12</strong></span> 
     </span>
    </p>
   </div>
   <div class='ocr_carea' id='block_1_3' title="bbox 394 4318 1725 4841">
    <p class='ocr_par' dir='ltr' id='par_1_5' title="bbox 394 4318 1725 4841">
     <span class='ocr_line' id='line_1_38' title="bbox 395 4318 1725 4408; baseline 0.001 -25"><span class='ocrx_word' id='word_1_375' title='bbox 395 4323 499 4408; x_wconf 85' lang='lat' dir='ltr'><strong>patet,</strong></span> <span class='ocrx_word' id='word_1_376' title='bbox 520 4324 598 4384; x_wconf 89' lang='lat' dir='ltr'><strong>ante</strong></span> <span class='ocrx_word' id='word_1_377' title='bbox 613 4318 810 4384; x_wconf 88' lang='lat' dir='ltr'><strong>sollemnem</strong></span> <span class='ocrx_word' id='word_1_378' title='bbox 832 4321 866 4384; x_wconf 93' lang='lat' dir='ltr'><strong>in</strong></span> <span class='ocrx_word' id='word_1_379' title='bbox 885 4319 1004 4385; x_wconf 88' lang='lat' dir='ltr'><strong>urbem</strong></span> <span class='ocrx_word' id='word_1_380' title='bbox 1021 4320 1227 4406; x_wconf 86' lang='lat' dir='ltr'><strong>ingressum.</strong></span> <span class='ocrx_word' id='word_1_381' title='bbox 1246 4326 1272 4386; x_wconf 79' lang='lat' dir='ltr'><strong>A</strong></span> <span class='ocrx_word' id='word_1_382' title='bbox 1294 4321 1461 4386; x_wconf 85' lang='lat' dir='ltr'><strong>llatthaeo</strong></span> <span class='ocrx_word' id='word_1_383' title='bbox 1484 4324 1517 4384; x_wconf 90' lang='lat' dir='ltr'><strong>et</strong></span> <span class='ocrx_word' id='word_1_384' title='bbox 1532 4323 1640 4385; x_wconf 86' lang='lat' dir='ltr'><strong>Marco</strong></span> <span class='ocrx_word' id='word_1_385' title='bbox 1662 4318 1725 4384; x_wconf 91' lang='lat' dir='ltr'><strong>hoc</strong></span> 
     </span>
     <span class='ocr_line' id='line_1_39' title="bbox 394 4425 1725 4516; baseline -0.001 -25"><span class='ocrx_word' id='word_1_386' title='bbox 394 4425 469 4491; x_wconf 90' lang='lat' dir='ltr'><strong>loco</strong></span> <span class='ocrx_word' id='word_1_387' title='bbox 484 4425 643 4506; x_wconf 82' lang='lat' dir='ltr'><strong>refertur,</strong></span> <span class='ocrx_word' id='word_1_388' title='bbox 664 4426 744 4513; x_wconf 88' lang='lat' dir='ltr'><strong>quia</strong></span> <span class='ocrx_word' id='word_1_389' title='bbox 759 4447 847 4514; x_wconf 87' lang='lat' dir='ltr'><strong>quae</strong></span> <span class='ocrx_word' id='word_1_390' title='bbox 858 4426 907 4491; x_wconf 89' lang='lat' dir='ltr'><strong>ibi</strong></span> <span class='ocrx_word' id='word_1_391' title='bbox 923 4434 1018 4511; x_wconf 84' lang='lat' dir='ltr'><strong>gesta</strong></span> <span class='ocrx_word' id='word_1_392' title='bbox 1029 4433 1105 4492; x_wconf 90' lang='lat' dir='ltr'><strong>sunt</strong></span> <span class='ocrx_word' id='word_1_393' title='bbox 1120 4448 1284 4513; x_wconf 85' lang='lat' dir='ltr'><strong>magnam</strong></span> <span class='ocrx_word' id='word_1_394' title='bbox 1300 4433 1430 4516; x_wconf 87' lang='lat' dir='ltr'><strong>partem</strong></span> <span class='ocrx_word' id='word_1_395' title='bbox 1448 4425 1658 4514; x_wconf 89' lang='lat' dir='ltr'><strong>impulerunt</strong></span> <span class='ocrx_word' id='word_1_396' title='bbox 1674 4431 1725 4490; x_wconf 92' lang='lat' dir='ltr'><strong>lu-</strong></span> 
     </span>
     <span class='ocr_line' id='line_1_40' title="bbox 394 4530 1723 4622; baseline 0.002 -25"><span class='ocrx_word' id='word_1_397' title='bbox 394 4530 473 4597; x_wconf 89' lang='lat' dir='ltr'><strong>dam</strong></span> <span class='ocrx_word' id='word_1_398' title='bbox 501 4531 544 4596; x_wconf 90' lang='lat' dir='ltr'><strong>ad</strong></span> <span class='ocrx_word' id='word_1_399' title='bbox 564 4533 695 4597; x_wconf 85' lang='lat' dir='ltr'><strong>lacinus</strong></span> <span class='ocrx_word' id='word_1_400' title='bbox 712 4532 975 4619; x_wconf 84' lang='lat' dir='ltr'><strong>excogitandum</strong></span> <span class='ocrx_word' id='word_1_401' title='bbox 994 4556 1062 4622; x_wconf 88' lang='lat' dir='ltr'><strong>quo</strong></span> <span class='ocrx_word' id='word_1_402' title='bbox 1082 4535 1288 4600; x_wconf 78' lang='lat' dir='ltr'><strong>satisfaceret</strong></span> <span class='ocrx_word' id='word_1_403' title='bbox 1312 4555 1393 4599; x_wconf 90' lang='lat' dir='ltr'><strong>suae</strong></span> <span class='ocrx_word' id='word_1_404' title='bbox 1414 4533 1588 4599; x_wconf 91' lang='lat' dir='ltr'><strong>avaritiae.</strong></span> <span class='ocrx_word' id='word_1_405' title='bbox 1615 4537 1723 4610; x_wconf 86' lang='lat' dir='ltr'><strong>Quare</strong></span> 
     </span>
     <span class='ocr_line' id='line_1_41' title="bbox 395 4637 1722 4735; baseline 0.001 -31"><span class='ocrx_word' id='word_1_406' title='bbox 395 4637 469 4704; x_wconf 78' lang='lat' dir='ltr'><strong>Alo.</strong></span> <span class='ocrx_word' id='word_1_407' title='bbox 487 4638 570 4705; x_wconf 88' lang='lat' dir='ltr'><strong>dicit</strong></span> <span class='ocrx_word' id='word_1_408' title='bbox 584 4661 592 4704; x_wconf 82' lang='lat' dir='ltr'><strong>t</strong></span> <span class='ocrx_word' id='word_1_409' title='bbox 611 4638 666 4705; x_wconf 90' lang='lat' dir='ltr'><strong>hic</strong></span> <span class='ocrx_word' id='word_1_410' title='bbox 678 4646 861 4728; x_wconf 85' lang='lat' dir='ltr'><strong>conceptae</strong></span> <span class='ocrx_word' id='word_1_411' title='bbox 875 4639 1078 4729; x_wconf 90' lang='lat' dir='ltr'><strong>proditionis</strong></span> <span class='ocrx_word' id='word_1_412' title='bbox 1091 4642 1246 4728; x_wconf 83' lang='lat' dir='ltr'><strong>tangitur</strong></span> <span class='ocrx_word' id='word_1_413' title='bbox 1260 4641 1368 4730; x_wconf 90' lang='lat' dir='ltr'><strong>turpis</strong></span> <span class='ocrx_word' id='word_1_414' title='bbox 1378 4662 1495 4735; x_wconf 84' lang='lat' dir='ltr'><strong>causa,</strong></span> <span class='ocrx_word' id='word_1_415' title='bbox 1518 4646 1550 4706; x_wconf 91' lang='lat' dir='ltr'><strong>et</strong></span> <span class='ocrx_word' id='word_1_416' title='bbox 1564 4641 1639 4707; x_wconf 75' lang='lat' dir='ltr'><strong>cai.</strong></span> <span class='ocrx_word' id='word_1_417' title='bbox 1658 4661 1722 4705; x_wconf 88' lang='lat' dir='ltr'><strong>uu-</strong></span> 
     </span>
     <span class='ocr_line' id='line_1_42' title="bbox 396 4744 1725 4841; baseline 0.002 -29"><span class='ocrx_word' id='word_1_418' title='bbox 396 4752 563 4832; x_wconf 81' lang='lat' dir='ltr'><strong>guentum</strong></span> <span class='ocrx_word' id='word_1_419' title='bbox 578 4745 720 4812; x_wconf 83' lang='lat' dir='ltr'><strong>effusum</strong></span> <span class='ocrx_word' id='word_1_420' title='bbox 737 4747 997 4813; x_wconf 87' lang='lat' dir='ltr'><strong>commemorari</strong></span> <span class='ocrx_word' id='word_1_421' title='bbox 1012 4752 1150 4814; x_wconf 80' lang='lat' dir='ltr'><strong>allarco</strong></span> <span class='ocrx_word' id='word_1_422' title='bbox 1161 4746 1204 4814; x_wconf 89' lang='lat' dir='ltr'><strong>ad</strong></span> <span class='ocrx_word' id='word_1_423' title='bbox 1222 4744 1464 4814; x_wconf 88' lang='lat' dir='ltr'><strong>insinuandam</strong></span> <span class='ocrx_word' id='word_1_424' title='bbox 1478 4748 1644 4841; x_wconf 88' lang='lat' dir='ltr'><strong>rationem</strong></span> <span class='ocrx_word' id='word_1_425' title='bbox 1658 4768 1725 4836; x_wconf 87' lang='lat' dir='ltr'><strong>qua</strong></span> 
     </span>
    </p>
   </div>
   <div class='ocr_carea' id='block_1_4' title="bbox 0 0 1984 5654">
    <p class='ocr_par' dir='ltr' id='par_1_6' title="bbox 0 0 1984 5654">
     <span class='ocr_line' id='line_1_43' title="bbox 0 0 1984 5654; baseline 0 5"><span class='ocrx_word' id='word_1_426' title='bbox 0 0 1984 5654; x_wconf 95' lang='lat' dir='ltr'><strong> </strong></span> 
     </span>
    </p>
   </div>
  </div>
 </body>
</html>
