3960 5654
407 98 413 110 0
453 88 458 97 ¹
814 108 818 116 ,
911 108 914 114 ,
1020 108 1025 114 a
1226 109 1231 119 4
1243 112 1249 120 ,
1269 108 1286 115 -.
1342 110 1345 117 .
1418 115 1421 119 ,
1450 104 1454 115 a
1615 110 1619 115 .
1740 116 1751 121 -.
1816 116 1820 121 ,
1872 107 1875 114 ι
1935 111 1939 116 .

355 120 429 175 1⁸⁸5·
440 114 468 167 23¹·
492 112 519 155 ¹³⁶
535 112 539 119 '
573 116 667 171 ‘at-”21
692 151 737 179 r
761 114 812 169 aa*
830 130 836 146 ··
1029 109 1446 195 *aeas-lammezbedse
1471 150 1474 157 ·
1500 110 1691 213 ‚meppea
1704 112 1980 209 ;‹‡³'a=-·-·»''‘·=“·i⁴=b''ll³

364 178 380 219 ,·
393 160 502 225 aaa„
652 172 656 181 ·
681 166 684 173 ·
712 166 726 211 ·.·
1034 161 1090 214 aa
1191 178 1194 186 =
1209 162 1499 225 ..=a·.‚r·⁵«..··‘a³„>
1513 182 1582 217 a
1602 142 1956 225 :statae-a...
1978 185 1980 189 ·

486 239 490 247 ,
913 224 917 231 “
1061 228 1065 233 ”
1279 226 1281 230 ⁴
1353 234 1371 245 ιι
1561 222 1564 227 ”
1668 232 1686 239 ““
1735 218 1772 248 ΝΗ
1811 222 1838 241 ““’
1887 222 1980 248 ··.,·ιι

1075 501 1166 558 lianc
1190 499 1219 567 8,
1244 499 1309 558 1-3.
1798 501 1857 563 205

525 649 606 732 stia,
629 653 677 718 uti
696 647 807 715 elucet
824 671 864 716 ex
879 655 969 717 loan.
988 653 1070 727 636
1084 667 1174 739 seq.;
1195 653 1229 715 et
1246 650 1369 717 turbae
1391 670 1469 715 eum
1489 649 1653 718 volebant
1673 671 1790 739 regem
1805 650 1858 718 n·-

525 778 618 840 cerc;
641 752 728 823 nihil
748 756 815 824 tale
837 759 870 824 in
892 756 1011 822 altera.
1817 822 1820 827 .

568 871 659 945 Quae
669 884 745 929 cum
757 866 805 931 ita
819 887 854 931 se
869 863 1019 930 habeant
1028 865 1132 953 plane
1146 863 1369 930 arbitrarium
1387 869 1437 930 est
1451 863 1546 953 quod
1560 866 1767 933 recentiores
1780 866 1859 957 qui-

523 971 603 1039 dam
626 969 798 1038 affirmant
825 969 1148 1060 (Schleiermacher,
1181 970 1342 1053 Credam,
1376 975 1478 1052 llase,
1506 970 1549 1037 de
1570 975 1695 1053 Wette,
1725 973 1857 1057 Ewald,

524 1084 644 1165 Meyer,
663 1081 765 1146 Weiss
780 1084 843 1145 etc.
862 1099 945 1166 quos
960 1083 1139 1145 enumerat
1152 1077 1315 1164 Sedens),
1333 1100 1442 1144 unum
1462 1077 1680 1167 eundemque
1700 1086 1858 1147 eventum

524 1186 720 1252 narratione
734 1184 864 1274 duplici
880 1185 1046 1252 exbiberi.
1064 1190 1106 1251 at
1120 1206 1199 1252 cum
1217 1207 1334 1252 omues
1348 1184 1560 1252 conditiones
1575 1187 1756 1276 temporis,
1778 1186 1857 1268 loci,

525 1313 745 1359 numerorum
758 1299 821 1359 ete.
840 1291 926 1360 aliae
937 1293 1020 1374 sint,
1036 1293 1140 1359 etiam
1152 1292 1353 1360 auctoritate
1364 1292 1728 1380 evangelistaeomissa
1740 1295 1860 1384 nequit
1943 1321 1946 1326 ·

524 1398 694 1489 explicari,
706 1397 877 1490 quomodo
888 1401 1039 1467 narratio
1047 1399 1090 1466 de
1102 1421 1169 1466 uno
1180 1406 1305 1466 eventu
1317 1399 1527 1467 lemvariam
1536 1399 1688 1467 induerit
1699 1400 1856 1488 formam,

523 1527 600 1573 cum
615 1513 728 1574 tamen
745 1507 808 1596 ipsi
821 1507 1054 1574 rationalistae
1071 1507 1305 1574 narrationem
1319 1507 1470 1575 referant
1483 1505 1527 1574 ad
1542 1508 1671 1575 fontem
1690 1508 1858 1598 antiquio-

524 1635 613 1697 rem,
630 1614 674 1681 ad
689 1613 909 1680 traditionem
926 1616 1111 1704 petrinam.
1133 1619 1220 1681 Bene
1241 1615 1308 1681 iam
1324 1613 1474 1682 advertit
1491 1614 1601 1683 Sulm.
1625 1635 1637 1681 :
1658 1643 1673 1676 α
1694 1614 1858 1705 quemad·

525 1721 664 1788 modum
684 1721 843 1788 Dominus
863 1721 916 1788 bis
933 1721 1033 1788 eiecit
1050 1727 1202 1789 ementes
1221 1727 1255 1788 et
1276 1719 1496 1789 vendentese
1513 1722 1658 1812 templo,
1681 1721 1734 1789 bis
1749 1720 1858 1790 edidit

524 1829 661 1915 signum
682 1829 715 1894 in
729 1826 881 1895 sedanda
893 1833 1094 1918 tempestate
1108 1829 1231 1910 maris,
1248 1828 1334 1896 duos
1351 1829 1575 1919 paralyticos,
1593 1850 1700 1896 unum
1713 1828 1857 1897 submis-

523 1956 598 2001 sum
613 1934 753 2002 funibus
766 1934 809 2002 de
823 1939 928 2018 tecto,
946 1936 1091 2002 alterum
1105 1935 1151 2003 ad
1164 1935 1378 2025 probaticam
1394 1936 1573 2026 piscinam,
1589 1937 1736 2019 sanavit,
1751 1935 1856 2004 semel

523 2041 699 2109 mundavit
712 2043 883 2133 leprosum
899 2048 934 2110 et
952 2044 1074 2110 iterum
1090 2042 1215 2110 decem
1228 2044 1394 2133 leprosos,
1415 2049 1482 2111 tres
1497 2048 1648 2110 mortuos
1664 2043 1853 2128 suscitavit,

523 2150 570 2215 ita
583 2148 648 2216 hoc
661 2151 800 2237 signum
815 2148 1070 2240 multiplicandi
1091 2171 1197 2241 panes
1211 2149 1264 2217 bis
1278 2149 1389 2217 edidit
1404 2149 1441 2218 in
1457 2150 1592 2218 deserto
1609 2177 1639 2220 a.
1665 2155 1736 2230 Qua
1754 2151 1855 2218 itera-

522 2255 614 2323 tione
627 2256 774 2324 ostendit
789 2258 956 2340 Christus,
973 2263 1077 2348 prout
1092 2259 1184 2326 lans.
1206 2263 1319 2341 notat,
1336 2257 1588 2325 indeficientem
1602 2279 1700 2325 suam
1719 2257 1854 2325 bonita-

520 2369 588 2430 tem
614 2371 647 2430 et
664 2365 884 2455 sequentibus
903 2365 937 2432 se
956 2364 1111 2433 declarat
1130 2365 1220 2432 nihil
1239 2387 1392 2454 unquam
1418 2366 1522 2433 etiam
1542 2365 1780 2455 temporalium
1793 2365 1853 2433 de-

522 2470 691 2556 futurum,
709 2495 743 2539 se
758 2473 860 2540 etiam
877 2473 1120 2564 temporalium
1134 2473 1300 2540 rationem
1318 2472 1447 2541 habere
1463 2478 1496 2539 et
1515 2471 1607 2540 lame
1620 2472 1855 2541 laborantibus

522 2578 684 2646 misereri.
1002 2604 1006 2610 ·
1845 2646 1847 2651 .

568 2685 676 2754 lesum
696 2685 824 2754 diutius
838 2689 876 2755 in
891 2688 1035 2775 regione
1049 2688 1206 2756 orientali
1220 2688 1264 2755 ad
1281 2709 1376 2755 mare
1393 2688 1562 2756 Galilaeae
1576 2709 1648 2756 esse
1662 2709 1853 2755 commora-
1870 2763 1880 2780 ,

521 2800 595 2860 tum
608 2817 647 2860 ex
660 2816 699 2861 eo
711 2816 848 2885 quoque
858 2795 1082 2879 concluseris,
1096 2794 1189 2885 quod
1198 2800 1328 2863 Marcus
1340 2795 1426 2862 dicit
1436 2819 1469 2864 v.
1482 2803 1499 2864 1
1514 2795 1551 2862 in
1561 2794 1680 2863 diebus
1690 2794 1772 2881 illis,
1785 2816 1854 2886 qua

521 2900 689 2969 locutione
712 2902 815 2969 semel
841 2905 920 2970 usus
938 2908 989 2970 est
1009 2909 1079 2985 1‚9,
1101 2902 1162 2970 ubi
1185 2904 1315 2994 pariter
1335 2902 1509 2970 indicatur
1531 2907 1640 2970 lesum
1660 2902 1853 2970 venisse'ad

520 3012 681 3076 loannem
701 3010 884 3100 baptistam
903 3018 1084 3100 postquam
1104 3010 1132 3077 is
1151 3011 1221 3077 iam
1241 3031 1304 3100 per
1319 3011 1457 3098 lougius
1476 3016 1611 3100 tempus
1630 3017 1777 3078 munere
1791 3031 1852 3077 suo

521 3115 658 3183 functus
677 3123 741 3197 est,
769 3117 892 3185 iterum
908 3138 986 3184 cum
1002 3115 1101 3184 turba
1115 3117 1226 3184 multa
1243 3128 1343 3198 esset,
1360 3114 1454 3179 πάλιν
1468 3117 1559 3185 refer
1577 3115 1622 3184 ad
1641 3122 1739 3198 6,3t;
1760 3116 1853 3184 fama

519 3222 593 3289 scit.
606 3222 648 3290 de
659 3224 1083 3315 miraculopatrato('1,36.
1095 3223 1152 3313 37)
1167 3223 1250 3292 etde
1260 3224 1337 3291 aliis
1348 3223 1722 3314 sanctionibusfflatth.
1738 3229 1850 3307 raas.

521 3329 578 3417 31)
594 3353 655 3420 per
673 3333 831 3418 regiones
849 3353 966 3421 sparsa
981 3332 1100 3399 turbas
1118 3331 1329 3414 attrahebat,
1349 3354 1411 3399 ricc
1425 3332 1590 3400 deberent
1602 3330 1696 3422 quod
1707 3330 1853 3399 mundu-

521 3450 655 3521 carent,
679 3438 871 3506 convocatis
888 3438 1064 3529 descipulis
1077 3439 1144 3519 uit,
1166 3465 1182 3501 a
1201 3461 1271 3506 non
1290 3445 1326 3505 ut
1340 3441 1505 3526 ignorans
1519 3438 1603 3529 quid
1617 3444 1754 3506 acturus
1767 3444 1855 3507 esset

521 3544 731 3629 consuleret,
757 3547 816 3614 sed
832 3551 870 3612 ut
891 3545 989 3614 nobis
1006 3546 1154 3613 formam
1175 3545 1275 3613 daret
1296 3547 1400 3613 etiam
1415 3569 1437 3614 a
1457 3545 1649 3614 minoribus
1668 3545 1854 3636 aliquando

520 3653 698 3720 consilium
722 3652 873 3721 habendi
893 3680 909 3717 u
927 3652 1047 3741 (Ala),
1065 3652 1195 3743 potius,
1221 3660 1257 3720 ut
1271 3653 1459 3744 discipulos
1475 3653 1635 3721 redderet
1649 3659 1794 3721 attentos
1808 3652 1851 3721 ad

522 3760 743 3841 miraculum,
762 3767 800 3826 ut
812 3760 854 3826 iis
868 3758 968 3827 daret
977 3760 1191 3828 occasionem
1203 3760 1441 3828 intercedendi
1457 3784 1521 3851 pro
1536 3760 1681 3852 populo,
1701 3766 1739 3828 ut
1752 3766 1853 3829 suum

521 3867 556 3932 in
579 3867 696 3934 turbas
713 3868 872 3937 affectum
890 3867 1123 3935 manifestaret
1145 3867 1376 3959 apostolisque
1393 3869 1588 3959 exemplum
1610 3868 1850 3952 miserationis,

521 3994 624 4041 curae
645 3998 685 4042 ac
707 3974 945 4043 sollicitudinis
968 3975 1150 4066 praeberet
1171 3998 1205 4042 v.
1230 3982 1251 4042 2
1269 3976 1430 4044 misereor
1452 3999 1554 4067 super
1577 3976 1712 4044 trudam
1726 3978 1849 4066 σπλαγ·

521 4071 681 4169 χνῖζομαι,
698 4105 862 4170 magnum
875 4082 959 4150 dicit
971 4083 1278 4150 commiserationis
1289 4083 1467 4169 affectum,
1480 4106 1549 4176 quo
1565 4085 1695 4152 viscera
1704 4105 1850 4151 commo

521 4193 654 4271 ventur,
677 4190 759 4279 quia
773 4212 847 4258 ecce
868 4191 929 4282 (ita
944 4197 982 4258 ut
995 4189 1132 4257 videtur
1149 4212 1268 4258 omnes
1281 4190 1382 4258 codd.
1401 4192 1509 4279 vulg„
1529 4193 1638 4260 solum
1658 4192 1727 4258 licb
1748 4190 1852 4259 habet

520 4297 623 4363 etiam
642 4319 706 4386 pro
726 4319 803 4365 ecce
825 4299 907 4388 iam)
928 4299 999 4365 iam
1014 4295 1131 4365 triduo
1149 4298 1315 4366 sauricen!
1333 4321 1388 4367 me
1402 4295 1619 4387 προσμένουσίν
1634 4322 1684 4387 μοι
1695 4304 1850 4381 manent,

520 4411 776 4473 commorantur
788 4405 880 4496 apud
896 4428 967 4487 me,
982 4428 1044 4474 nec
1058 4405 1184 4473 lrabeat
1198 4405 1293 4496 quod
1302 4407 1530 4488 manducent,
1550 4429 1628 4474 cum
1644 4408 1713 4474 iam
1726 4405 1854 4474 diutius

520 4511 568 4578 ibi
580 4518 805 4594 morarentur,
819 4513 942 4582 viatica
955 4536 1044 4604 quae
1054 4535 1168 4582 secum
1183 4514 1373 4582 attulerant
1382 4520 1481 4582 erant
1489 4515 1672 4606 'absumpta
1689 4515 1851 4606 (Theopd.

520 4619 637 4707 Erilli.)
656 4642 688 4686 v.
706 4627 773 4688 3et
786 4619 817 4685 si
828 4618 987 4688 dimisero
1000 4644 1056 4689 eos
1070 4622 1201 4689 ieiunos
1215 4621 1253 4689 in
1265 4620 1408 4689 domum
1422 4643 1539 4706 mom,
1553 4621 1713 4712 deficient
1726 4623 1762 4689 in
1777 4622 1833 4690 aia
1839 4641 1854 4705 ;

520 4728 662 4818 quidum
673 4729 762 4795 enim
771 4727 868 4795 eseia
879 4726 1027 4820 delonqe
1037 4740 1222 4812 nemun&
1236 4731 1350 4819 aptius
1365 4724 1416 4793 καί
1430 4750 1526 4810 ram
1544 4750 1625 4797 nam
1634 4729 1729 4821 quod
1742 4728 1855 4820 cla'qui

520 4838 655 4922 alonge
670 4835 808 4918 adsunt,
825 4855 894 4901 non
907 4841 1018 4926 potest
1032 4859 1103 4905 esse
1118 4839 1222 4921 ratio,
1236 4859 1299 4905 cur
1312 4843 1432 4906 omnes
1443 4839 1480 4905 in
1497 4838 1550 4905 via
1562 4843 1672 4905 esseut
1682 4836 1851 4904 delectari

518 4942 546 5008 si
556 4944 722 5033 impransi
734 4943 1002 5023 dimitterentur;
1019 4945 1163 5036 proinde
1176 4949 1229 5008 καί
1244 4966 1336 5024 τινες,
1352 4944 1617 5037 quasententiae
1628 4949 1725 5034 parte
1734 4944 1853 5014 condi·
