3960 5654
777 393 869 455 nanc.
894 395 944 464 tr,
967 392 1073 453 6465.
1532 395 1593 454 399

256 541 521 634 blaspleemram;
553 542 641 633 quid
662 541 752 608 vobis
775 544 933 610 videno?
951 545 1015 632 qai
1036 564 1152 609 omnes
1184 540 1494 610 condemnaverunt
1513 566 1592 610 ram

255 673 322 718 esse
343 671 439 716 ream
455 653 591 733 ntor-tim
616 672 657 715 en
690 650 853 740 impletur
872 649 965 737 quod
988 654 1077 717 iesus
1096 649 1232 714 dixerat
1255 655 1353 727 1033
1376 655 1435 715 :et
1450 651 1592 718 damna-

255 757 341 823 bunt
360 778 437 822 eum
455 766 577 838 mortc;
600 760 789 846 omnesqui
810 757 970 837 aderant;
995 777 1073 821 nam
1096 755 1215 844 ioseph
1236 755 1389 834 decurio,
1413 757 1591 838 βουλευταῖς,

253 886 321 929 non
333 873 550 931 consenserat
565 862 707 930 consilio
718 862 894 930 etactibus
907 857 960 950 (τῇ
979 853 1098 949 πράξει)
1112 883 1249 941 eorum;
1265 861 1316 927 vel
1331 863 1358 927 si
1370 863 1440 951 ipse
1453 885 1592 952 quoquc

253 969 422 1047 interfuit,
455 973 576 1038 modus
598 970 762 1057 loquendi
788 968 973 1035 adhibetur
1006 970 1139 1034 ratione
1166 967 1315 1056 quadam
1338 970 1489 1053 generali
1520 992 1589 1058 qua

252 1097 365 1141 omnes
380 1076 525 1143 dicimus
540 1078 639 1161 longe
658 1078 838 1165 pterosque
850 1082 883 1140 et
897 1077 967 1141 tere
982 1096 1099 1141 omnes
1120 1074 1212 1162 (vide
1230 1079 1306 1141 Luc.
1324 1073 1452 1163 nect).

296 1187 436 1251 Summa
456 1182 616 1250 barbarie
636 1190 669 1248 et
696 1192 814 1249 contra
840 1203 940 1248 omne
966 1184 1016 1248 tas
1040 1182 1211 1270 incipiunt
1227 1182 1329 1247 variis
1345 1202 1423 1247 eum
1439 1183 1587 1268 ignomi-

251 1289 382 1355 niarum
402 1297 435 1356 et
456 1289 672 1356 vexationum
691 1288 876 1376 generibus
895 1310 1038 1354 onerare
1060 1310 1090 1354 v.
1118 1295 1159 1354 65
1176 1300 1208 1353 at
1229 1300 1408 1376 coeperant
1424 1287 1586 1377 quidam,

249 1395 273 1462 i.
290 1417 319 1462 e.
338 1418 377 1461 ex
398 1396 597 1485 synedristis
625 1396 681 1484 (ct.
700 1394 899 1474 Salmeroa,
926 1396 1079 1485 Schepq,
1099 1395 1249 1482 Saliam)
1273 1396 1316 1460 ita
1332 1396 1422 1460 enim
1440 1396 1518 1467 τινές
1537 1397 1587 1462 in-

248 1502 423 1589 telligendi
439 1507 517 1568 suut
531 1503 604 1568 scil.
625 1503 732 1590 aliqui
748 1524 788 1567 cx
801 1501 869 1568 illis
885 1501 1062 1581 omnibus,
1086 1501 1128 1567 de
1149 1501 1276 1591 quibus
1293 1502 1328 1567 in
1345 1524 1377 1566 v.
1397 1507 1439 1567 ot
1457 1508 1490 1567 et
1505 1505 1586 1593 quia

246 1608 300 1675 isti
317 1607 456 1696 quriiam
472 1608 734 1695 distinguuntur
744 1630 765 1673 a
775 1609 949 1687 ministris,
961 1608 1142 1697 dequibus
1156 1607 1376 1696 postmodum
1391 1610 1518 1674 mentio
1530 1609 1583 1687 fit3

246 1736 353 1803 quare
366 1737 435 1780 non
454 1715 524 1780 iam
537 1717 592 1781 isti
612 1713 690 1787 τινές
709 1714 751 1780 de
766 1716 871 1780 servis
885 1714 1048 1802 explicari
1064 1721 1205 1802 possunt
1219 1714 1271 1802 (ut
1283 1715 1453 1803 explicare
1468 1715 1587 1781 volunt

248 1821 275 1885 T
272 1820 393 1909 keopk.
415 1824 508 1888 Patr.
528 1821 607 1908 Fil.)
625 1843 809 1911 conspuere
824 1842 918 1901 eum,
936 1827 1065 1909 quanta
1086 1821 1172 1887 baec
1192 1821 1235 1886 sit
1255 1820 1463 1906 ignominia,
1482 1823 1584 1889 ctiam

246 1926 368 2013 collige
381 1951 421 1993 ex
438 1933 536 1995 Num.
559 1935 656 2008 12,st
676 1936 709 1993 et
735 1927 793 1994 tob
814 1934 928 2010 30‚10,
951 1940 984 1993 et
1007 1927 1121 1994 velare
1139 1926 1267 2016 (aciem
1294 1929 1364 1993 eiras
1381 1937 1414 1993 et
1433 1927 1585 2018 colaphis

245 2056 323 2100 eam
351 2033 489 2100 caedere
510 2025 696 2122 κολαφίζειν,
720 2036 871 2123 aliquem
900 2056 1004 2101 manu
1029 2034 1116 2116 lata,
1143 2034 1275 2124 palma,
1298 2034 1334 2100 in
1359 2034 1480 2100 faciem
1509 2057 1583 2124 per-

244 2148 358 2206 cutere
374 2154 407 2205 et
423 2141 533 2207 dicere
552 2142 585 2207 ei
605 2164 617 2208 :
633 2142 857 2231 prophetiza·
875 2140 960 2230 quid
979 2162 1043 2230 per
1062 2141 1257 2207 irrisionem
1276 2163 1351 2206 eum
1370 2140 1509 2208 iubeant
1525 2164 1581 2207 va·

245 2247 395 2328 ticinari,
412 2254 508 2337 patet
524 2270 561 2313 ex
577 2271 617 2314 eo
635 2248 727 2338 quod
745 2250 856 2315 velata
876 2248 961 2315 facie
981 2269 1060 2315 eum
1080 2248 1293 2337 percutiunt;
1315 2247 1389 2313 scil.
1413 2247 1505 2337 quod
1524 2248 1582 2313 ba-

243 2352 344 2418 betur
370 2355 484 2420 naith.
515 2361 619 2436 26,68
643 2376 650 2420 :
675 2357 753 2444 quis
774 2362 823 2421 est
844 2356 903 2444 qui
932 2360 964 2420 te
990 2356 1157 2443 percussit
1178 2354 1269 2442 (tue.
1294 2354 1432 2441 22‚6t)?
1452 2358 1535 2420 Cum
1562 2376 1582 2420 a

243 2462 369 2548 populo
383 2461 519 2528 babitus
533 2463 575 2528 sit
589 2472 624 2529 et
638 2464 829 2552 appellatus
847 2462 1016 2550 propbeta
1032 2462 1093 2549 (ita
1106 2462 1141 2527 in
1154 2461 1210 2526 die
1226 2460 1398 2526 sollemnis
1408 2461 1443 2526 in
1459 2461 1580 2527 urbem

242 2567 413 2652 ingressus
439 2569 554 2635 Mattb.
583 2571 716 2656 2¹,tt),
747 2570 779 2634 ei
800 2556 977 2656 tamquam
1007 2569 1198 2657 prophetae
1222 2566 1315 2633 rabie
1335 2566 1485 2654 quadam
1512 2567 1581 2633 bel-

243 2674 337 2739 luina
352 2674 472 2761 (lans.)
488 2676 650 2741 illudunt.
671 2680 738 2741 tam
755 2676 892 2764 impleri
909 2682 1070 2762 coeptum
1092 2682 1142 2740 est
1168 2672 1260 2763 quod
1278 2673 1491 2762 praedictum
1507 2679 1581 2740 erat

244 2783 282 2845 ts.
301 2787 380 2860 50,6
396 2803 405 2849 :
422 2804 545 2871 corpus
561 2804 674 2848 meum
691 2781 770 2847 dedi
786 2781 1058 2871 percutientibus
1076 2787 1110 2847 et
1128 2802 1236 2866 genas
1251 2801 1342 2846 meas
1357 2779 1576 2861 vellentibus;

242 2886 364 2952 faciem
380 2908 491 2954 meam
513 2911 580 2954 non
601 2889 708 2954 averti
726 2888 771 2954 ab
785 2887 1044 2977 increpantibus
1064 2896 1099 2952 et
1116 2886 1385 2976 conspuentibus
1400 2886 1433 2951 in
1452 2908 1515 2954 me.
1535 2926 1579 2935 —

242 2993 437 3060 Barbariem
456 2996 650 3083 principum
675 3004 707 3061 et
726 2995 945 3060 dominorum
968 2995 1057 3060 servi
1082 2994 1211 3060 imitari
1234 3015 1302 3058 non
1325 2999 1528 3060 cunctantur
1547 3008 1580 3059 at

240 3101 387 3165 ministri
407 3101 517 3189 alapis
540 3125 617 3168 eum
641 3101 843 3180 caedebant,
869 3091 981 3161 ἔλαὸον
1001 3121 1080 3167 eum
1108 3098 1324 3188 accipiebant
1352 3099 1475 3187 alapis,
1499 3122 1577 3165 cum

240 3205 307 3271 itlis
320 3207 512 3273 traderetur
527 3216 651 3273 uteum
663 3206 829 3296 usquead
847 3207 914 3272 diei
930 3214 1043 3272 ortum
1062 3206 1289 3273 custodireut;
1313 3207 1452 3292 ραἱπιομα
1479 3207 1578 3296 alapa

240 3313 284 3378 ci.
309 3318 398 3380 ioan.
416 3320 533 3394 18‚22;
554 3321 652 3395 19,3;
675 3316 759 3381 alias
774 3337 815 3380 ea
829 3336 913 3380 voce
929 3315 1016 3380 ictus
1029 3315 1210 3399 virgarum
1225 3312 1446 3385 denotantur;
1473 3335 1576 3402 quam

240 3420 328 3486 male
343 3420 481 3486 habitus
495 3421 538 3487 sit
556 3444 594 3487 ea
614 3430 712 3487 nocte
728 3421 804 3486 vide
824 3421 937 3487 itatth.
959 3426 1074 3500 6667.
1098 3426 1177 3487 Luc.
1197 3426 1373 3501 nnat-65.

587 3666 611 3728 st
633 3664 727 3715 Petri
747 3665 883 3727 negatio
904 3663 1033 3728 triplex
1056 3664 1223 3728 14‚se72.

277 3852 365 3910 ttae.
382 3852 418 3902 Et
437 3866 523 3915 quum
538 3858 614 3903 essct
638 3853 739 3903 Petrus
760 3852 789 3900 in
809 3854 880 3902 atrio
972 3850 1061 3910 teca.
1093 3846 1141 3897 Καὶ
1168 3848 1239 3907 ὄντος
1264 3851 1307 3898 τοῦ
1335 3847 1427 3916 ΙΙέτρον
1455 3849 1520 3899 κάτω
1550 3845 1575 3898 ἐν

237 3942 381 4000 deorsum,
408 3943 484 3991 venit
508 3955 564 3991 una
591 3955 626 3991 ex
651 3939 760 3993 ancitlts
778 3943 879 3990 summi
932 3945 961 4006 τῇ
982 3935 1061 4007 αὐλῇ,
1089 3934 1190 4006 ἔρχεται
1225 3936 1269 4006 μία
1297 3941 1345 3987 τῶν
1369 3937 1505 3988 παιδισκῶν
1532 3941 1574 3988 τοῦ

236 4030 398 4081 sacerdotis.
422 4029 466 4078 67.
482 4030 515 4079 Et
528 4044 613 4094 quum
629 4031 745 4081 vidisset
768 4031 878 4080 Petrum
931 4023 1076 4095 ἀρχιερέως,
1113 4029 1158 4079 67.
1192 4024 1234 4076 καὶ
1272 4021 1359 4077 ἰδοῦσα
1400 4028 1442 4076 τὀν
1482 4025 1574 4093 Πέτρον

236 4119 445 4169 caletacicutem
467 4132 512 4177 se,
536 4120 675 4181 aspiciens
697 4120 789 4179 illum,
812 4121 877 4168 ait:
931 4115 1124 4185 θερμαινόμενον
1150 4112 1291 4184 ἐρ6λὲψααα
1320 4113 1386 4183 αὐτῷ
1413 4113 1497 4180 λέγει,
1529 4113 1576 4164 Καὶ

238 4208 270 4258 Et
291 4215 319 4257 tu
341 4221 402 4258 cum
428 4208 491 4257 Iesu
512 4208 656 4257 Nazarcno
681 4221 752 4260 eras.
778 4208 821 4258 68.
844 4210 879 4258 At
903 4200 905 4205 ’
929 4204 957 4255 σὺ
982 4203 1046 4274 μετὰ
1069 4206 1114 4255 τοῦ
1143 4206 1290 4271 Ναζαρηνοῦ
1313 4198 1376 4266 ἦσθα
1404 4207 1448 4253 τοῦ
1479 4201 1572 4267 Ἰησοῦ.

235 4297 284 4347 ille
299 4299 425 4360 negavit,
440 4297 537 4347 dicens
555 4311 560 4343 :
576 4297 673 4360 Neque
691 4299 763 4357 scio,
787 4311 878 4360 neque
930 4296 974 4346 68.
994 4293 1009 4344 ὁ
1027 4289 1056 4344 at
1075 4291 1203 4361 ἠρνήσατο
1221 4292 1317 4356 λέγων,
1338 4290 1404 4344 Οὔτε
1423 4288 1497 4357 οἶδε,
1518 4291 1573 4344 οὔτε

237 4389 300 4436 novi
328 4386 394 4449 quid
423 4387 510 4436 dicas.
545 4385 577 4434 nt
609 4386 677 4435 exiit
707 4387 782 4437 toras
813 4391 878 4436 ante
901 4386 904 4485 ρ
929 4380 1062 4452 ἐπίσταμαι
1081 4381 1111 4432 οὔ
1135 4382 1159 4434 :i
1178 4383 1266 4449 λέγεις.
1288 4381 1329 4432 καὶ
1349 4379 1450 4445 ἐξῆλθεν
1476 4380 1521 4440 ἔξω
1542 4381 1573 4441 εἷς

232 4478 351 4532 attium,
367 4483 395 4526 ct
409 4476 502 4538 gallus
516 4478 647 4525 cantavit.
929 4472 956 4523 :b
994 4471 1138 4541 προαύλιον·
1179 4471 1233 4540 [καὶ
1273 4469 1384 4539 ἀλέκτωρ
1427 4470 1573 4539 {patrarem}

272 4565 315 4615 69.
335 4566 441 4614 Rursus
455 4570 548 4615 autem
561 4577 648 4627 quum
663 4565 779 4615 vidisset
799 4565 875 4615 illum
900 4494 904 4642 i
928 4565 972 4615 69.
1004 4559 1050 4610 Καὶ
1083 4558 1097 4625 ἢ
1134 4560 1251 4625 παιδίσκη
1286 4558 1370 4612 ἰδοῦσαι
1400 4559 1473 4611 αὺτὸν
1503 4557 1571 4612 εἶπεν

234 4655 348 4711 ancilla,
375 4656 466 4717 coepit
489 4654 580 4704 dicere
599 4655 842 4705 circumstantibus
868 4667 873 4702 :
900 4658 903 4707 l
928 4655 979 4710 τοῖς
1012 4652 1207 4719 παρεστηκόοιν,
1237 4649 1294 4702 ’Ότι
1324 4646 1395 4710 οὗτος
1432 4648 1455 4709 ἐξ
1491 4648 1570 4700 οὔτῶν

236 4743 308 4802 Quia
322 4745 368 4793 hic
382 4757 416 4792 cx
433 4745 487 4794 iltis
502 4749 553 4794 est.
577 4744 618 4793 70.
647 4746 682 4793 At
700 4745 748 4793 itte
775 4745 874 4793 iterum
900 4710 903 4764 Ι
927 4737 1002 4793 ἐστίν.
1025 4743 1067 4792 70.
1094 4739 1109 4791 ὁ
1133 4739 1163 4792 δὲ
1191 4739 1264 4792 πάλιν
1294 4737 1402 4807 ἠρνεῖτο.
1438 4737 1483 4789 Καὶ
1509 4739 1571 4809 μετὰ

233 4836 356 4897 negavit.
384 4829 414 4884 Et
443 4840 507 4899 post
537 4836 667 4898 pusulam
703 4846 801 4885 rursus
828 4835 874 4897 qui
899 4799 902 4880 i
927 4829 1015 4900 μικρὸν
1034 4830 1107 4881 πάλιν
1127 4830 1150 4881 οἱ
1169 4835 1323 4898 παρεστῶτες
1347 4829 1437 4898 ἕλε-ρον
1464 4833 1498 4898 τῷ
1522 4830 1569 4882 [Ιὲ-
