3960 5654
216 509 273 568 15⁶2

213 661 439 721 excludebatur
459 655 619 733 cogitatio.
638 661 781 719 Fortasse
800 659 883 718 inter
904 672 941 714 ea
963 674 1042 733 quae
1061 657 1099 717 de
1121 657 1192 715 lesu
1207 657 1328 717 audivit
1343 653 1439 715 etiam
1454 670 1540 715 com-

211 759 294 836 perit
309 772 380 817 eum
393 755 514 831 lepram
527 758 611 815 tactu
624 774 735 816 manus
748 757 889 834 fugasse;
904 757 1045 815 ceterum
1057 771 1151 815 nemo
1166 753 1248 813 serio
1264 754 1410 815 dubitare
1421 754 1539 829 poterit

211 856 287 934 quin
303 870 340 912 ea
356 852 385 911 in
401 851 584 914 conditione
601 853 717 913 mulier
730 854 790 913 sibi
806 851 936 912 omnino
951 853 1144 931 persuaserit
1163 851 1259 910 licere
1279 851 1474 912 sanationem
1490 866 1540 909 ex-

211 953 349 1030 quirere.
372 949 432 1009 Pro
453 950 521 1010 eius
540 952 661 1029 origine
681 951 792 1026 gentili
815 948 916 1026 magis
937 950 1050 1011 adduci
1071 952 1177 1028 potest
1198 964 1266 1007 earn
1287 949 1326 1009 de
1344 950 1415 1010 lesu
1434 946 1539 1007 solum

209 1047 351 1117 audisse,
369 1048 513 1110 nondum
528 1049 624 1109 luisse
645 1051 760 1107 testem
776 1063 910 1125 operum
925 1046 1049 1107 Christi.
1068 1046 1130 1106 Sed
1145 1045 1255 1106 audire
1270 1043 1303 1102 tl:
1318 1051 1379 1124 περὶ
1394 1048 1439 1104 τοῦ
1449 1042 1540 1114 Ἰησοῦ

210 1143 272 1205 dici
288 1146 405 1222 poterit
415 1147 454 1206 de
470 1147 629 1215 omnihus,
644 1145 770 1221 quinon
785 1144 937 1206 continuo
948 1146 1081 1206 comites
1096 1144 1164 1204 eius
1180 1147 1268 1203 erant
1283 1148 1315 1203 et
1329 1143 1462 1222 proinde
1476 1158 1539 1201 non

209 1243 351 1303 omnium
367 1245 435 1304 eius
450 1259 582 1322 opernm
599 1246 705 1303 testes.

254 1439 269 1471 α
293 1410 545 1501 Dispensatione
570 1409 719 1498 quadam
744 1411 872 1477 lactum
898 1416 962 1492 est,
987 1416 1024 1476 ut
1048 1410 1160 1477 nuntii
1182 1410 1274 1476 tiliae
1302 1414 1445 1475 mortem
1469 1429 1536 1475 non

208 1519 405 1585 nuntiarent
416 1522 494 1582 ante
507 1515 711 1583 miraculum
722 1516 906 1584 sanationis
916 1516 1081 1598 mulieris,
1098 1516 1156 1583 sed
1169 1516 1306 1607 quando
1319 1515 1538 1604 expraeseuti

207 1622 493 1713 contemplatione
505 1621 651 1689 inauditi
668 1623 824 1689 miraculi
839 1625 999 1714 princeps
1014 1623 1076 1690 iste
1094 1625 1205 1710 magis
1219 1631 1332 1712 posset
1352 1644 1373 1688 a
1392 1621 1538 1688 Domino

208 1729 404 1798 confirmari
418 1730 453 1794 in
469 1728 536 1795 tide
550 1729 689 1796 alterius
701 1730 804 1795 etiam
820 1729 965 1796 inauditi
981 1730 1138 1797 miraculi
1153 1757 1168 1790 »
1183 1728 1299 1818 (lans.)
1319 1751 1351 1795 r.
1369 1735 1410 1797 35
1424 1726 1539 1794 udlruc

208 1859 245 1903 eo
260 1837 416 1924 loquente
427 1833 616 1902 ueniuntab
627 1835 894 1926 archisynagogo
906 1836 929 1901 i.
948 1857 977 1901 a.
993 1834 1126 1902 adonio
1138 1835 1403 1922 archisynagogi
1419 1833 1535 1922 (Ereti.

210 1943 282 2010 cai.
304 1941 402 2031 etc.);
418 1948 533 2008 nannet
546 1944 711 2008 Erasmus
725 1941 768 2008 de
784 1941 947 2031 loquendi
965 1941 1086 2028 figuris
1104 1965 1113 2012 ε
1130 1963 1246 2008 eamus
1260 1941 1304 2008 ad
1322 1963 1394 2021 me,
1409 1963 1430 2007 a
1444 1940 1540 2007 vobis

208 2049 291 2129 exit,
309 2071 370 2137 pro
384 2070 424 2115 eo
436 2047 530 2138 quod
543 2055 594 2114 est
607 2048 652 2115 ad
667 2049 808 2114 domum
824 2069 947 2129 meam,
964 2048 1099 2115 edomo
1117 2054 1245 2125 vestra;
1270 2047 1441 2114 dieentes:
1455 2048 1538 2137 quio

204 2155 280 2242 filio
296 2167 355 2220 tun
371 2166 506 2221 mortuo
522 2167 569 2220 est
573 2175 588 2237 ,·
602 2154 688 2243 qru'ri
703 2152 794 2221 ultro
809 2176 910 2221 vexas
924 2156 1147 2243 magistrum?
1164 2160 1273 2222 lesum
1288 2155 1424 2222 morbos
1442 2175 1540 2244 posse

206 2283 327 2328 sanare
346 2260 505 2340 eredunt;
529 2269 680 2327 mortuos
695 2263 857 2330 suscitare
877 2262 1086 2337 nullatenus;
1106 2265 1248 2334 σκύλλεις
1264 2261 1410 2351 explicat
1428 2262 1535 2328 Euat.

207 2368 365 2456 περισπᾷς,
382 2367 525 2456 ἐνοχλεῖς.
544 2373 590 2435 Ea
598 2368 704 2435 verba
713 2391 850 2436 ornnem
860 2391 956 2459 spem
966 2369 1057 2460 patri
1067 2369 1217 2436 adimere
1228 2367 1435 2436 videbantur
1444 2390 1539 2435 eum·

208 2498 274 2565 que
289 2498 328 2541 ex
340 2473 465 2542 fidncia
476 2480 510 2541 et
520 2476 749 2541 consolatione
761 2497 865 2564 quam
878 2481 1079 2565 perceperat
1089 2476 1283 2542 lesustatim
1297 2476 1369 2542 eius
1378 2475 1536 2564 petitioni

207 2583 439 2671 acquiescente
462 2583 497 2648 in
511 2583 700 2648 maximum
714 2581 820 2648 animi
837 2583 989 2649 dolorem
1004 2581 1167 2663 deiicere3
1189 2604 1306 2648 verum
1321 2583 1433 2649 statim
1448 2586 1539 2648 lesus

207 2688 239 2755 ei
253 2688 420 2754 succurrit
431 2695 464 2755 et
476 2688 520 2755 ad
530 2710 625 2777 spem
641 2690 744 2774 erigit
758 2713 791 2755 v.
809 2691 851 2756 36
867 2691 958 2755 Iesus
970 2702 1085 2755 nutem
1099 2689 1216 2755 audito
1232 2688 1329 2756 verbo
1344 2687 1439 2778 quod
1446 2688 1538 2755 diee-

208 2792 307 2861 batur
333 2794 543 2883 παρακούσας,
573 2818 635 2862 vox
666 2797 750 2862 haec
779 2817 878 2862 sensu
911 2818 978 2863 non
1004 2795 1222 2877 advertendi,
1251 2793 1449 2882 negligendi
1478 2794 1534 2884 (ei.

207 2905 320 2970 llatth.
341 2902 455 2992 tera)
474 2904 530 2970 hic
545 2903 663 2992 nequit
677 2902 802 2992 accipi,
820 2924 898 2970 eum
915 2902 1066 2969 Christus
1080 2925 1199 2969 revera
1214 2903 1376 2970 sermonis
1390 2902 1463 2969 eius
1481 2924 1537 2968 ra-

208 3008 335 3074 tionem
354 3008 516 3075 habuerit
531 3016 565 3075 et
582 3015 699 3075 eontra
718 3007 816 3075 illurn
838 3015 969 3098 patrem
985 3030 1043 3097 spe
1063 3009 1241 3090 munierit;
1264 3006 1409 3099 proinde
1428 3008 1538 3075 altera

207 3117 342 3181 notione
358 3122 408 3181 est
422 3114 590 3204 capienda
607 3138 694 3205 quae
712 3116 815 3182 etiam
834 3115 1020 3206 particulae
1033 3109 1115 3201 παρὰ
1130 3117 1305 3203 congruit,
1324 3116 1366 3182 de
1381 3137 1538 3183 sermone

207 3221 278 3289 scil.
305 3244 406 3311 quern
426 3221 578 3288 Christus
597 3220 809 3288 subaudierit
833 3244 1043 3311 quamquam
1057 3222 1102 3288 ad
1120 3244 1198 3288 eum
1221 3243 1288 3288 non
1309 3221 1535 3309 dirigebatur,

207 3329 257 3394 ait
278 3327 546 3418 orelusynoqoqo
567 3350 578 3394 :
603 3328 676 3394 noli
691 3329 808 3394 timere
813 3349 828 3411 ;
845 3327 1079 3395 tantummodo
1103 3328 1219 3411 credc;
1242 3329 1330 3396 nihil
1350 3328 1444 3395 alind
1470 3335 1538 3395 ate

206 3435 364 3520 exigitur,
383 3435 449 3500 nisi
464 3441 500 3501 ut
514 3436 602 3500 sieut
616 3433 790 3501 credidisti
806 3456 861 3502 me
871 3456 966 3524 posse
977 3457 1096 3501 sanare
1108 3434 1214 3501 filiam
1229 3440 1322 3502 tuam
1334 3435 1368 3500 in
1380 3435 1538 3501 extremis

206 3542 439 3622 constitutam,
456 3542 504 3607 ita
518 3540 636 3607 credas
650 3563 704 3607 me
719 3563 814 3630 posse
829 3541 892 3608 tibi
905 3542 997 3607 illam
1012 3542 1165 3630 quamvis
1181 3547 1347 3609 mortuam
1360 3542 1537 3607 restituere

206 3648 318 3714 vivam
336 3669 375 3714 ac
389 3668 507 3714 sanam
528 3647 649 3736 (Coi.);
667 3648 782 3714 ornnia
794 3647 887 3714 enim
902 3648 1074 3737 possibilia
1086 3653 1165 3714 suut
1181 3647 1351 3728 eredenti,
1369 3647 1536 3737 quemad-

208 3754 346 3821 modum
363 3754 446 3820 alias
460 3753 612 3820 Christus
625 3753 728 3819 tidem
742 3753 942 3821 titubantem
959 3754 1096 3820 roborat
1111 3760 1203 3837 9,2‘.l.

252 3864 344 3928 Hisce
371 3860 453 3926 fides
472 3860 737 3947 archisynagogi
755 3859 957 3927 confirmata
977 3868 1037 3941 est,
1060 3859 1096 3925 id
1116 3860 1209 3950 quod
1233 3882 1273 3926 ex
1291 3882 1331 3926 eo
1346 3867 1441 3949 patet
1455 3864 1536 3950 quia

207 3973 293 4034 lesus
315 3989 348 4033 sc
365 3966 407 4032 ad
427 3967 500 4032 eius
523 3967 663 4033 domum
688 3965 836 4047 coniert3
859 3989 890 4031 v.
915 3974 956 4033 37
976 3979 1010 4032 et
1028 3989 1097 4032 noa
1115 3964 1254 4033 admisit
1271 3988 1478 4057 quemquem
1503 3991 1538 4034 se

205 4075 302 4164 sequi
321 4073 388 4139 nisi
407 4077 545 4140 Petrum
560 4086 593 4139 et
612 4074 772 4138 Iacobum
791 4086 824 4138 et
840 4075 1002 4139 Ioannem
1015 4075 1160 4161 fratrem
1176 4071 1294 4140 Iocobi
1312 4075 1334 4140 i.
1353 4096 1382 4140 e.
1405 4076 1534 4157 hoset,

208 4183 256 4247 uli
278 4205 309 4245 v.
332 4188 373 4248 to
393 4179 576 4255 indicatur,
594 4184 751 4268 parentes
768 4179 902 4268 puellae
916 4179 1052 4246 admisit
1071 4180 1342 4247 testesmiraculi
1358 4183 1536 4249 resuscita-

207 4288 317 4354 tionis.
335 4292 401 4354 Cur
415 4309 454 4353 ex
467 4285 642 4375 discipulis
656 4286 717 4352 hos
730 4292 796 4352 tres
812 4286 969 4373 elegerit,
987 4285 1063 4354 Alb.
1080 4287 1224 4377 explicat
1238 4310 1278 4354 eo
1295 4286 1388 4376 quod
1406 4289 1536 4378 prinei-

207 4395 299 4484 pales
313 4393 483 4483 apostolos
496 4393 640 4459 voluerit
652 4393 835 4476 instruere,
855 4393 989 4460 Petrum
1004 4395 1167 4461 verticem
1182 4399 1215 4461 et
1227 4401 1330 4485 capnt
1340 4396 1532 4484 potestatis,

208 4499 364 4568 iacobum
381 4502 439 4590 qui
456 4501 586 4590 primus
600 4503 671 4566 erat
684 4519 746 4587 per
760 4499 950 4587 passionem
964 4498 1068 4567 fidem
1083 4500 1356 4584 confirmaturus,
1375 4506 1536 4568 loannem

207 4607 265 4696 qui
280 4605 380 4672 altius
389 4607 579 4695 scripturus
593 4613 666 4672 erat
678 4605 720 4671 de
734 4603 919 4673 divinitatis
931 4607 1179 4674 sublimatione.
1193 4607 1344 4674 Puellam
1359 4629 1429 4674 esse
1444 4629 1534 4673 mor·

206 4720 300 4780 tuam
310 4713 403 4778 luctu
412 4721 445 4778 et
455 4712 696 4780 lamentatione
707 4711 844 4779 funebri
852 4713 1011 4780 omnibus
1020 4714 1243 4781 annuntiatur
1254 4738 1285 4780 v.
1298 4719 1340 4780 38
1351 4726 1384 4779 et
1395 4715 1536 4780 oem'unt

206 4819 242 4885 in
258 4819 395 4885 domum
416 4818 725 4908 archisynagogis!
739 4819 828 4886 uidet
845 4819 1029 4886 tumultum
1048 4834 1080 4886 et
1090 4823 1210 4909 (lentes
1222 4834 1254 4888 et
1271 4821 1436 4887 eiulantes
1448 4821 1536 4889 merl-

207 4937 298 5007 tum;
318 4926 421 4991 moris
435 4926 526 4990 enim
546 4936 619 4993 erat
639 4936 676 4994 ut
693 4927 963 4994 conducerentur
977 4927 1154 5016 practicae,
1172 4928 1432 5009 lamentatrices,
1447 4950 1535 5017 quae
