3960 5654
197 480 257 541 326
744 497 834 541 usne.
859 480 981 551 1230.

195 632 274 692 nihil
290 627 525 705 comparatione
536 630 592 689 Ilei
605 633 765 702 aestimes,
778 629 832 690 sed
848 646 905 706 pro
916 631 981 692 Deo
991 632 1098 693 omnia
1112 632 1336 710 parvipendas,
1348 646 1384 689 ao
1395 631 1527 707 proinde

194 737 228 791 ut
244 734 348 789 totum
363 742 417 784 cor
432 732 464 784 et
480 727 676 788 voluntatem
692 730 738 789 illi
753 727 906 806 applices,
924 732 960 788 ut
974 735 1040 790 tota
1055 734 1164 789 mente
1183 734 1215 788 et
1230 731 1338 789 anima
1352 728 1421 788 eius
1435 745 1526 805 prae-

193 831 284 903 cepta
302 822 491 900 adimpleas·
508 828 739 904 comparative,
761 830 794 886 ut
813 824 932 885 nullam
952 832 1077 905 partem
1098 826 1144 885 tui
1158 829 1276 887 amoris
1296 827 1352 887 des
1369 825 1463 885 alicui
1481 827 1527 885 rei

195 927 258 983 Deo
282 923 485 999 repugnanti3
504 924 652 994 filialiter,
671 930 706 983 ut
728 928 792 982 toto
814 922 928 984 allectu
947 926 1025 984 velis
1048 925 1148 982 Deum
1170 939 1239 983 esse
1260 925 1356 985 linem
1375 927 1478 983 totum
1497 926 1529 982 et

194 1019 342 1080 ultimum
357 1021 504 1081 omnium
520 1022 766 1099 cogitationum,
783 1020 826 1078 ita
841 1025 875 1079 ut
890 1021 994 1098 ipsum
1013 1025 1048 1080 ut
1063 1037 1228 1079 summum
1243 1021 1364 1083 bonum
1378 1038 1415 1082 ac
1430 1019 1527 1080 finem

194 1117 341 1177 ultimum
358 1119 451 1179 rebus
465 1119 615 1180 omnibus
630 1119 793 1196 praeferas
808 1122 840 1175 et
854 1122 1030 1197 anteponas
1045 1115 1174 1197 (Syia).

234 1215 333 1275 Voces
353 1233 426 1276 vcro
446 1217 587 1294 singulas
607 1215 662 1275 alii
683 1215 775 1273 aliter
795 1217 995 1294 concipiunt.
1014 1214 1045 1274 ld
1072 1216 1155 1292 quod
1172 1216 1291 1293 partim
1312 1217 1430 1276 iamin
1452 1215 1528 1293 ipsis

192 1311 390 1373 versionibus
403 1313 524 1372 adverti
540 1317 656 1390 potest.
674 1312 718 1370 lta
732 1312 818 1387 quod
834 1330 944 1391 graece
959 1311 1093 1373 habetur
1103 1311 1259 1385 ἐξὸληςτῆς
1271 1312 1385 1378 διανοίας
1397 1337 1446 1371 σου
1457 1311 1528 1372 red·

193 1409 281 1470 ditur
296 1411 388 1470 inab
405 1410 414 1469 i
430 1426 467 1470 ex
482 1410 558 1469 totis
575 1408 698 1469 viribus
715 1409 786 1482 tuis,
804 1429 824 1488 q
840 1429 877 1471 ex
896 1414 962 1470 toto
979 1427 1072 1471 seusu
1089 1415 1158 1482 tu0‚
1172 1411 1182 1471 l
1196 1411 1271 1489 vulg
1288 1427 1325 1470 ex
1340 1414 1407 1470 tota
1421 1415 1528 1471 mente

193 1512 262 1577 tua;
280 1508 365 1585 apud
379 1508 410 1567 S.
429 1507 586 1566 Hilarium
606 1505 745 1584 legitur:
762 1525 799 1568 ex
815 1509 891 1568 totis
906 1507 1078 1567 visceribus
1095 1509 1168 1568 tuis.
1188 1511 1225 1568 Et
1238 1505 1309 1567 Alb.
1331 1507 1461 1586 quidem
1476 1524 1530 1567 cor

193 1606 331 1683 explicat
345 1604 384 1664 de
400 1605 572 1672 voluntate,
592 1604 693 1663 Deum
708 1604 797 1683 diligi
814 1623 851 1665 ex
870 1604 1059 1674 totocorde,
1077 1605 1120 1664 ita
1134 1604 1220 1682 quod
1235 1605 1315 1666 nihil
1330 1606 1527 1666 voluntatem

192 1703 231 1763 ab
250 1704 319 1763 eius
335 1719 443 1762 amoro
459 1700 560 1780 possit
580 1700 700 1760 illicere
721 1706 753 1761 et
771 1702 970 1774 abstrahere;
989 1702 1129 1761 animam
1144 1704 1284 1781 concipit
1298 1703 1338 1764 de
1354 1703 1526 1771 intellectu,

193 1805 229 1859 ut
244 1801 328 1859 Deus
342 1816 379 1858 ex
395 1800 558 1859 intellectu
571 1798 640 1858 sine
655 1798 721 1857 ulla
732 1799 975 1859 obnubilatione
991 1799 1247 1877 phantasmatum
1263 1799 1429 1878 diligatur,
1444 1817 1531 1859 men-

193 1900 257 1956 tem
273 1896 389 1973 accipit
403 1896 442 1956 de
457 1895 627 1966 memoria;
645 1895 794 1955 virtutem
809 1894 963 1973 denique,
982 1902 1019 1956 ut
1032 1914 1144 1957 omnes
1164 1898 1246 1957 vires
1267 1900 1331 1958 Deo
1347 1897 1484 1957 serviant
1499 1899 1531 1956 et

192 1994 231 2053 ad
246 1995 354 2071 ipsum
368 1993 598 2071 expendantur.
616 1993 694 2052 Dein
711 1993 750 2052 ad
769 2012 798 2051 v.
815 1996 852 2053 33
865 1994 944 2053 haec
960 1993 1085 2054 disserit
1101 2012 1108 2053 :
1126 1994 1309 2074 diligendus
1325 2000 1373 2054 est
1388 1997 1469 2055 Deus
1484 1993 1532 2053 in·

194 2093 272 2152 timo
288 2092 418 2162 affectu,
440 2092 517 2167 quia
532 2091 602 2169 ipse
620 2090 755 2150 dulcedo
773 2096 823 2151 est
839 2091 959 2163 cordis;
977 2109 1013 2152 ex
1029 2097 1094 2151 tota
1109 2097 1235 2163 mente,
1252 2097 1287 2152 ut
1300 2092 1406 2152 omnia
1421 2091 1528 2168 diligi-

194 2190 270 2248 bilia
286 2206 342 2265 per
364 2189 520 2249 rationem
539 2205 630 2248 mens
652 2195 779 2248 moveat
797 2206 832 2248 ac
850 2194 1031 2258 mensuret3
1048 2206 1087 2250 ex
1107 2194 1174 2250 toto
1195 2190 1371 2262 intellectu,
1388 2189 1463 2266 quia
1478 2188 1531 2249 lux

193 2291 241 2346 est
258 2286 438 2346 intellectus
456 2287 523 2345 sine
542 2285 785 2345 obnubilatione
806 2291 837 2345 et
851 2286 924 2346 ideo
940 2287 1068 2347 dilectio
1087 2288 1155 2347 eius
1175 2305 1238 2346 non
1257 2288 1325 2347 vult
1346 2285 1466 2363 aliquid
1482 2290 1529 2346 te-

195 2390 279 2444 trum
300 2384 360 2443 sihi
379 2383 548 2443 admisceri
564 2383 620 2442 sed
637 2383 669 2441 in
688 2383 805 2443 lumine
827 2384 1023 2445 manifestari
1042 2385 1111 2444 sine
1132 2402 1255 2457 errore3
1274 2403 1312 2445 ex
1327 2385 1433 2444 anima
1448 2401 1531 2461 quae

193 2487 241 2541 cst
259 2482 450 2559 principium
473 2481 783 2554 accumularent
802 2487 865 2542 tola
884 2483 948 2542 vita
968 2481 1123 2542 reseratur
1143 2483 1182 2543 ad
1201 2483 1308 2560 ipsum
1323 2483 1377 2560 qui
1393 2483 1458 2542 vita
1478 2486 1526 2542 est

194 2581 320 2640 animae
336 2585 476 2652 nostrae;
494 2597 535 2652 ex·
551 2583 617 2639 tota
630 2579 832 2654 tortitudine,
848 2585 883 2640 ut
896 2579 974 2641 nihil
992 2598 1048 2640 nos
1064 2580 1225 2640 abstrahat
1238 2582 1277 2641 ab
1292 2580 1374 2658 ipso,
1391 2580 1446 2640 sed
1460 2596 1527 2639 om·

194 2695 250 2737 nes
265 2678 349 2738 vires
369 2684 494 2738 nostrae
511 2676 732 2756 expendantur
750 2679 781 2736 in
798 2678 879 2756 ips0.
900 2678 1001 2738 Aliter
1014 2675 1122 2753 ilion,
1141 2683 1177 2738 ut
1192 2679 1274 2738 Deus
1295 2678 1364 2738 scil.
1381 2676 1533 2757 diligatur

194 2780 259 2835 toto
284 2775 443 2835 desiderio
465 2780 498 2836 et
516 2776 633 2835 affectu
655 2773 783 2855 (corde),
799 2777 904 2834 anima
923 2776 944 2835 i.
969 2793 997 2834 e.
1019 2776 1197 2836 secundum
1220 2776 1302 2836 vires
1321 2775 1474 2835 animales
1499 2780 1530 2835 et

195 2873 363 2932 sensitivas
376 2875 425 2933 vel
441 2874 618 2951 appetitum
632 2873 820 2933 sensitivum
834 2875 887 2950 qui
897 2873 929 2932 in
940 2874 1221 2952 concupiscibilem
1234 2879 1266 2933 et
1282 2872 1473 2934 irascibilem
1487 2871 1532 2931 di-

195 2971 330 3041 viditur;
347 2975 469 3042 mente,
487 2975 554 3029 toto
575 2970 740 3031 intellectu
761 2976 793 3030 et
808 2971 999 3042 intentione,
1014 2971 1110 3049 idque
1126 2972 1202 3030 totis
1217 2972 1347 3031 viribus.
1363 2972 1459 3030 Porro
1474 2968 1530 3028 ad-

196 3073 283 3127 notat
305 3073 511 3146 praeceptum
533 3066 621 3127 istud
645 3067 777 3145 intelligi
804 3085 896 3145 posse
921 3073 1074 3144 quantum
1099 3068 1137 3127 ad
1162 3069 1353 3138 actum‚›ita
1376 3073 1411 3127 ut
1434 3066 1531 3127 homo

195 3183 322 3244 semper
336 3164 502 3227 actualiter
516 3164 637 3225 seratur
652 3166 683 3224 in
699 3168 800 3225 Deum
818 3170 849 3226 et
866 3165 946 3224 hanc
962 3183 1031 3225 esse
1052 3166 1278 3243 perlectionem
1294 3165 1414 3243 patriae
1428 3165 1532 3226 coele-

196 3265 253 3322 stis
275 3281 358 3341 quae
383 3264 413 3322 in
440 3263 617 3323 viatoribus
642 3264 792 3323 exsistere
820 3268 974 3341 nequeat;
997 3263 1070 3322 dein
1096 3268 1250 3340 quantum
1270 3262 1309 3322 ad
1334 3263 1478 3322 habitum
1502 3267 1533 3323 et

196 3366 302 3422 actum
322 3362 611 3440 proportionatum,
624 3368 661 3421 ut
677 3362 771 3421 homo
792 3361 869 3420 nihil
886 3364 1036 3438 operetur
1052 3362 1246 3421 contrarium
1262 3361 1396 3421 caritati.
1411 3359 1532 3420 Simili-

197 3466 245 3519 ter
259 3459 395 3519 advertit
413 3456 479 3519 Coi.
498 3477 535 3519 ex
551 3464 618 3519 toto
637 3459 731 3519 corde
749 3460 769 3517 i.
788 3477 815 3518 e.
833 3477 871 3518 ex
885 3463 952 3517 tota
969 3459 1133 3519 voluntate
1150 3458 1285 3536 intelligi
1301 3476 1394 3536 posse
1410 3458 1460 3517 vel
1475 3475 1532 3535 po-

128 3636 130 3640 ,
197 3558 301 3630 sitive,
319 3562 356 3617 ut
370 3558 475 3617 omnis
489 3557 535 3616 vis
552 3557 728 3617 voluntatis
743 3561 922 3635 apponatur
935 3556 974 3616 ad
990 3556 1191 3634 diligendum
1207 3558 1309 3616 Deum
1325 3561 1357 3617 et
1371 3556 1400 3615 id
1418 3555 1534 3633 imple·

198 3661 266 3715 tum
283 3655 322 3714 iri
335 3656 366 3714 in
380 3655 482 3727 coelo,
497 3655 544 3714 vel
558 3656 714 3732 negative,
732 3661 765 3714 ut
783 3653 861 3712 nihil
877 3654 908 3712 in
923 3655 1018 3714 corde
1034 3654 1076 3712 sit
1088 3655 1283 3731 contrarium
1296 3653 1461 3713 dilectioni
1477 3653 1533 3713 Dei

198 3758 231 3812 et
248 3752 468 3831 adimpletioni
489 3752 726 3823 mandatorum;
745 3769 781 3810 ex
801 3751 908 3810 anima
927 3751 1057 3830 diligere
1078 3750 1109 3810 id
1131 3769 1200 3811 esse
1221 3751 1374 3822 declarat,
1390 3755 1424 3810 ut
1439 3767 1535 3828 opera

198 3849 237 3909 ad
257 3850 430 3910 animalem
450 3850 550 3910 ritam
568 3850 745 3927 spectantia
764 3849 929 3908 dilectioni
952 3849 1008 3909 Ilei
1028 3849 1249 3918 sublimantur,
1268 3853 1303 3908 ut
1322 3848 1355 3907 in
1376 3847 1534 3909 eiusmodi

198 3948 349 4024 operibus
364 3948 498 4024 obsequi
512 3945 676 4007 dilectioni
690 3947 745 4005 Dei
762 3964 863 4024 neque
880 3947 911 4004 in
926 3946 1124 4007 sensualibus
1135 3941 1404 4006 'delectationibus
1420 3945 1535 4005 admit-

200 4052 265 4105 tere
278 4046 454 4123 quidquam
466 4045 551 4122 quod
569 4044 733 4104 dilectioni
749 4045 804 4104 Dei
817 4045 856 4103 sit
873 4045 1069 4104 contrarium
1085 4042 1181 4103 homo
1195 4043 1282 4116 velit,
1294 4060 1405 4104 verum
1421 4048 1534 4103 cuncta

199 4144 325 4204 ordinet
342 4144 380 4203 ad
398 4143 602 4204 dilectionem
621 4142 688 4201 Dei.
710 4142 847 4200 silentem
869 4142 935 4219 ipse
958 4158 1085 4219 quoque
1105 4140 1143 4201 de
1165 4141 1332 4201 intellectu
1353 4141 1483 4218 accipit,
1501 4144 1535 4201 ut

200 4241 381 4301 intellectus
400 4260 418 4300 a
441 4240 613 4301 dilectione
637 4240 692 4298 Dei
715 4245 820 4299 motus
844 4246 875 4299 et
901 4240 1073 4315 imperatus
1095 4240 1286 4300 assentiatur
1308 4239 1346 4298 iis
1371 4255 1452 4315 quae
1472 4239 1536 4297 sint

202 4338 287 4397 lidei.

240 4435 310 4494 illia
323 4435 394 4494 vide
411 4436 435 4493 si
451 4435 538 4495 lubet
553 4435 638 4513 apud
652 4434 682 4493 S.
699 4433 865 4501 Thomam
881 4435 899 4491 2
913 4436 931 4491 2
946 4451 999 4509 qu.
1017 4435 1053 4492 Ξῖ
1069 4438 1127 4494 art.
1142 4437 1175 4505 53
1193 4451 1245 4511 qu.
1262 4438 1300 4492 ll
1314 4440 1372 4493 nrt.
1387 4438 1415 4492 l.
1432 4437 1450 4493 5
1466 4450 1533 4511 seq.

201 4539 232 4594 et
247 4534 317 4593 eius
332 4532 520 4609 opusculum
535 4532 573 4592 de
589 4532 760 4591 dilectione
774 4533 829 4589 liei
845 4536 877 4589 et
891 4531 1026 4607 proximi
1039 4531 1158 4610 (opusc.
1171 4534 1211 4591 54
1225 4532 1257 4589 in
1273 4529 1412 4591 editione
1428 4531 1533 4601 Vives,

202 4630 329 4689 Parisiis
352 4631 457 4707 {875);
473 4630 637 4689 Salmeron
654 4635 676 4688 t.
698 4633 716 4687 8
735 4633 821 4687 tract.
838 4629 946 4700 tta-643
961 4627 1090 4691 Suarez.
1110 4634 1198 4688 tract.
1216 4628 1255 4688 de
1275 4627 1430 4687 charitate
1449 4628 1531 4705 disp.

201 4730 257 4787 ds.
278 4731 310 4799 l;
332 4727 473 4797 Mazella,
491 4727 530 4787 do
552 4726 722 4786 virtutihus
745 4726 856 4786 inlusis
880 4728 997 4784 llomac
1020 4728 1096 4787 1879
1119 4745 1148 4804 p.
1166 4727 1224 4786 696
1244 4742 1311 4803 seq.
1329 4731 1360 4786 et
1381 4725 1420 4787 cl.
1442 4726 1533 4786 Com-

204 4828 302 4884 meut.
322 4824 354 4882 iu
369 4825 479 4884 llatth.
499 4825 523 4883 ll
540 4842 570 4901 p.
588 4826 658 4882 ⁶268.
