3960 5654
166 560 225 622 ¹90
700 576 789 622 usuc.
815 560 842 632 7,
867 557 969 616 teta.

162 717 253 794 sent;
280 707 416 777 vidend
439 705 554 771 llatth.
575 713 669 790 15‚5;
691 732 744 777 res
760 710 869 797 igitur
887 705 955 772 illis
971 715 1044 775 erat
1058 707 1255 786 interdicta,
1273 730 1418 795 quorum
1439 731 1491 774 ra-

161 819 254 885 tione
265 817 349 882 haec
360 811 508 880 lormula
523 815 824 902 pronuntiabatur3
837 810 882 878 ab
896 811 972 879 aliis
982 837 1062 884 vero
1076 819 1216 905 impune
1226 813 1334 903 potuit
1343 814 1489 881 absumi.

161 929 271 1002 Quare
285 920 375 986 iilius
389 917 425 984 id
441 919 535 1008 quod
551 922 754 1010 parentibus
765 920 922 988 debitum
937 925 1062 990 eratin
1076 943 1154 990 suos
1169 926 1300 1009 poterat
1318 941 1396 985 usus
1411 944 1492 987 con-

159 1035 310 1108 vertere;
329 1025 420 1092 unde
439 1026 591 1095 Christus
610 1029 680 1095 suis
699 1027 813 1095 verbis
832 1023 948 1092 subdit
965 1029 1049 1117 quid
1071 1051 1110 1096 ex
1134 1026 1193 1093 tali
1209 1024 1361 1092 doctrina
1381 1029 1493 1114 reipsa

158 1138 320 1224 sequatur
333 1132 404 1220 (ita,
421 1139 458 1200 ut
473 1135 644 1202 'sententia
658 1135 694 1201 in
708 1157 740 1200 v.
760 1139 798 1199 11
821 1130 913 1198 dicta
928 1140 1069 1202 maneat
1087 1153 1249 1223 suspensa
1266 1135 1337 1199 sine
1354 1133 1493 1223 propriu

159 1238 314 1332 epodosi)
327 1261 359 1306 v.
374 1246 414 1306 12
425 1252 458 1306 et
470 1241 564 1309 ultra
578 1263 648 1306 non
659 1236 831 1306 dimittite
842 1258 920 1304 eam
934 1240 1124 1331 quidquam
1134 1239 1246 1324 lacae
1257 1239 1352 1327 patri
1360 1261 1420 1307 sao
1433 1250 1495 1305 acet

58 1338 61 1345 ⁴
160 1345 278 1428 matri,
302 1368 334 1411 v.
359 1354 398 1415 13
421 1346 647 1414 rescindentes
668 1342 807 1412 verbnm
831 1345 897 1412 Dei
906 1368 970 1437 per
989 1345 1207 1414 traditionem
1225 1356 1369 1412 vestram
1388 1368 1493 1436 qnam

34 1486 38 1501 ·
64 1533 67 1540 ,
162 1459 349 1531 tradidistis
359 1474 392 1529 et
402 1461 530 1530 similia
546 1457 746 1527 liur‘usmodi
760 1458 870 1528 molto
877 1461 1012 1550 facitis,
1028 1463 1204 1548 ἀκυροῦντες
1215 1461 1412 1528 auctoritate
1426 1463 1495 1550 pri-

147 1565 279 1627 ‘vantes
292 1560 347 1628 vel
359 1560 484 1630 robore
494 1611 502 1639 ‚
514 1557 743 1639 infirmantes,
760 1558 950 1627 invalidum
961 1559 1141 1626 reddentes
1151 1558 1293 1625 verbum
1305 1559 1362 1624 llei
1373 1561 1399 1636 1;
1413 1580 1492 1625 nam

161 1665 327 1733 eiusmodi
340 1672 422 1735 vota
439 1665 567 1758 quibus
583 1685 637 1730 res
651 1663 945 1733 interdicebantur
962 1687 1030 1732 non
1045 1686 1116 1732 esse
1130 1665 1349 1752 infringenda
1365 1665 1496 1754 pariter

159 1772 364 1841 statuebant.
379 1775 464 1840 Cum
477 1769 630 1840 Christus
641 1792 719 1838 cum
734 1772 891 1862 emphasi
903 1770 993 1838 dicat
1007 1770 1224 1839 traditionem
1238 1786 1379 1838 vestram
1390 1793 1494 1863 quam

162 1877 369 1960 tradidistis,
389 1898 496 1969 quam
516 1872 695 1958 docuistis,
716 1879 872 1968 quamvis
885 1883 985 1945 antea
1000 1875 1042 1944 de
1062 1877 1303 1946 traditionibus
1323 1880 1494 1945 seniorum

161 1990 334 2073 ageretur,
350 1983 487 2052 videtur
499 1982 695 2074 exemplum
704 1982 747 2052 de
760 1983 887 2051 corben
899 1988 1051 2074 spectare
1058 2007 1128 2052 nou
1140 1984 1183 2052 ad
1192 1986 1319 2075 priscos
1328 1985 1492 2063 doctores,

55 2148 58 2153 ,
161 2090 221 2159 sed
232 2090 278 2159 ab
290 2091 372 2181 ipsis
382 2088 524 2158 demum
539 2089 732 2179 pharisaeis
743 2095 778 2157 et
789 2089 911 2158 scribis
922 2096 1076 2158 recenter
1086 2091 1262 2158 inductum
1272 2090 1331 2181 (cl.
1345 2091 1495 2171 Scione,

168 2197 303 2287 Weiss);
316 2197 374 2263 sed
388 2195 569 2264 fatendum
583 2201 633 2263 est
644 2195 765 2264 eodem
780 2194 884 2265 modo
894 2195 962 2263 dici
974 2219 1087 2286 posse,
1101 2198 1129 2264 si
1139 2196 1327 2265 doctrinam
1338 2220 1358 2264 a
1370 2198 1495 2287 priori-

161 2303 226 2372 bus
238 2309 414 2393 acceptam
426 2302 493 2392 ipsi
508 2303 765 2392 amplectuntur
775 2324 922 2396 eamque
935 2304 1006 2371 suis
1020 2304 1261 2371 commendant
1275 2303 1460 2393 discipulis.

176 2544 179 2551 '
202 2537 324 2598 Marcus
340 2536 447 2614 itaque
463 2534 569 2613 priore
585 2534 655 2596 loco
671 2533 764 2614 ponit
778 2535 947 2596 oraculum
963 2534 1060 2597 lsaiae
1073 2541 1105 2597 et
1121 2535 1196 2597 dein
1211 2535 1348 2597 ostendit
1364 2542 1448 2597 recte
1461 2537 1493 2597 id

108 2685 110 2689 .
158 2633 199 2696 sd
209 2633 391 2714 pharisaeos
403 2632 570 2713 applicari.
584 2632 759 2694 Matthaeus
770 2636 879 2694 autem
891 2633 980 2712 prius
995 2634 1098 2715 reipsa
1107 2634 1246 2696 ostendit
1255 2652 1308 2695 eos
1319 2635 1494 2713 transgredi

160 2730 346 2793 mandatum
362 2731 418 2792 Dei
438 2735 470 2791 et
485 2730 561 2791 dein
583 2730 679 2792 inlert
693 2731 775 2791 bene
791 2730 830 2791 de
846 2731 886 2791 iis
907 2731 1114 2811 prophetasse
1129 2732 1251 2793 isaiam.
1268 2733 1344 2793 Uter
1357 2732 1435 2793 ordo
1447 2739 1495 2792 est

159 2828 408 2911 praeferendus?
419 2828 526 2907 Aliqui
541 2828 626 2909 apud
644 2829 787 2910 Marcum
799 2828 968 2890 meliorem
983 2828 1227 2908 dispositionem
1241 2831 1494 2909 deprehendunt,

159 2927 235 3006 quia
250 2932 324 3007 post
343 2927 475 2987 citatum
498 2924 836 2991 isaiae'testimonium
856 2926 1044 3007 applicando
1063 2927 1145 2991 illud
1165 2928 1364 2990 convenienti
1384 2929 1496 2988 ordino

159 3023 307 3086 ostendat
327 3022 502 3102 dupliciter
517 3023 701 3103 pharisaeos
717 3040 865 3103 peccasse
884 3024 917 3084 in
931 3023 1082 3086 mandata
1096 3026 1152 3086 Dei
1169 3043 1225 3104 per
1239 3026 1493 3087 observationem

160 3121 371 3184 traditionum
386 3120 601 3182 humanarum
612 3119 725 3201 (lans.)
738 3125 771 3181 et
784 3121 861 3199 quia
876 3121 963 3199 quod
975 3123 1021 3183 rei
1036 3128 1132 3202 caput
1144 3123 1300 3202 sitpriore
1315 3124 1385 3184 loco
1397 3130 1493 3202 ponat

161 3217 314 3299 (Scirona).
331 3222 449 3282 Verum
464 3219 530 3280 dici
546 3217 746 3298 debetapud
762 3219 958 3280 hetthaeum
973 3218 1236 3299 disceptationem
1251 3220 1329 3280 hanc
1344 3239 1381 3281 ea
1397 3221 1495 3282 modo

160 3319 262 3398 magis
275 3317 410 3397 proponi
424 3335 487 3394 quo
501 3317 600 3377 animi
616 3315 819 3377 audientium
833 3315 948 3377 lortius
962 3317 1175 3397 percellantur
1186 3323 1216 3378 et
1229 3319 1490 3398 perstringantur.

160 3415 242 3489 Quid
267 3415 353 3477 enim
380 3415 485 3476 statim
509 3415 548 3474 ab
572 3413 664 3475 initio
686 3414 842 3488 efficacius
863 3413 1064 3476 insolentiam
1090 3415 1330 3495 pharisaeorum
1355 3417 1494 3477 retundit

160 3530 255 3592 quam
275 3513 352 3573 illud
372 3531 379 3572 :
396 3529 495 3591 quare
516 3515 548 3573 et
571 3529 628 3572 vos
648 3511 907 3591 transgredimini
930 3512 1116 3574 mandatum
1136 3514 1192 3573 Dei
1212 3531 1328 3592 proper
1351 3514 1495 3574 traditio-

161 3628 235 3672 nem
254 3611 413 3671 vestram?
428 3615 461 3671 et
479 3627 520 3670 ne
539 3627 601 3688 qua
623 3609 842 3689 tergiversatio
865 3609 913 3671 rel
937 3611 1101 3671 excusatio
1124 3612 1229 3672 locum
1245 3611 1360 3672 habere
1381 3613 1492 3690 possit,

162 3708 345 3770 immediate
361 3708 507 3787 exempla
521 3725 572 3768 res
592 3708 746 3788 probatur
766 3708 885 3782 tat-6.
902 3708 969 3779 Quo
984 3708 1130 3787 exemplo
1143 3709 1237 3787 plane
1251 3710 1386 3770 convicti
1402 3715 1494 3780 sunt;

161 3805 247 3868 uude
271 3807 334 3868 iam
359 3824 424 3868 non
450 3809 586 3886 possunt
611 3804 771 3866 declinare
798 3805 1080 3884 reprehensionem
1103 3811 1132 3868 et
1147 3824 1240 3885 quam
1260 3824 1332 3868 vere
1347 3806 1495 3868 dicantur

56 3889 62 3899 ’
162 3905 345 3984 hypocritae
368 3909 400 3965 et
421 3920 519 3982 quam
539 3903 701 3982 praeclare
721 3901 940 3964 describantur
962 3904 1067 3964 verbis
1090 3903 1186 3965 isaiae
1210 3906 1413 3965 manifestum
1431 3911 1490 3965 est.

163 4002 264 4064 Aliter
277 4002 362 4082 apud
383 4005 536 4075 Marcum,
553 4005 586 4062 et
603 4002 713 4062 nescio
733 4018 773 4061 an
788 4000 860 4062 eius
875 4000 954 4062 ordo
972 4018 1035 4062 non
1054 4003 1092 4063 ab
1109 4002 1162 4063 illa
1177 4002 1315 4063 ellicacia
1329 4009 1360 4063 et
1371 4003 1400 4063 vi
1416 4004 1493 4063 deii-

164 4100 225 4162 ciat
246 4101 458 4178 aliquantum.
483 4100 598 4161 Statim
621 4099 677 4177 qui
700 4098 970 4178 interrogaverant
989 4100 1191 4178 appellantur
1211 4100 1411 4179 hypocritam
1437 4102 1492 4161 scd

163 4215 221 4260 cur
233 4199 277 4259 ita
288 4205 438 4260 vacentur
451 4197 600 4258 nondum
615 4196 778 4275 apparuit;
800 4195 883 4258 unde
902 4202 1030 4277 possent
1049 4215 1220 4277 oggerere:
1237 4217 1293 4260 cur
1307 4200 1350 4258 ita
1367 4217 1423 4259 nos
1439 4217 1494 4278 ap-

162 4296 283 4376 pellas?
306 4300 435 4375 possent
462 4296 552 4375 quasi
577 4295 616 4355 de
646 4294 760 4355 iniuria
784 4295 846 4355 sibl
870 4295 955 4356 illata
977 4295 1145 4375 indignari.
1172 4299 1239 4357 Non
1256 4298 1299 4356 ita
1319 4297 1400 4376 apud
1415 4299 1493 4358 hlai-

163 4394 292 4456 tbaeum
302 4414 309 4467 ;
320 4395 399 4456 dum
419 4394 555 4455 audiunt
575 4411 609 4454 se
625 4409 695 4453 esse
713 4391 906 4471 hypocritas,
921 4392 953 4453 id
967 4394 1031 4454 iam
1046 4394 1125 4455 adeo
1138 4400 1245 4474 aperte
1256 4400 1418 4456 ostensum
1434 4403 1492 4466 ost,

161 4497 197 4555 ut
209 4492 329 4573 pudore
346 4493 456 4554 suffusi
474 4496 578 4553 tacere
593 4490 741 4552 debeant.
758 4489 849 4569 llpud
863 4493 999 4553 Marcum
1014 4493 1101 4570 prius
1118 4493 1267 4553 asseritur
1281 4494 1439 4572 praeclare
1455 4493 1494 4552 dc

161 4591 200 4652 iis
219 4591 322 4672 valere
340 4590 436 4650 verba
459 4590 559 4651 isaiae
580 4594 612 4651 et
631 4588 706 4651 dein
726 4586 759 4648 id
778 4589 946 4668 probatum
967 4590 1049 4670 apud
1073 4590 1267 4652 Matthaeum
1284 4593 1370 4670 prius
1390 4592 1494 4671 reipsa

160 4706 273 4751 corum
295 4689 416 4749 crimen
435 4689 588 4768 probatur
607 4694 640 4748 et
659 4687 732 4748 dein
752 4686 891 4748 adducto
911 4688 982 4749 loco
1001 4689 1098 4750 isaiae
1117 4690 1219 4750 acrius
1239 4691 1441 4768 castigantur.
1460 4689 1492 4748 Si

160 4787 245 4868 apud
268 4789 407 4848 Marcum
426 4786 561 4848 audiunt
576 4790 803 4861 assertionem,
819 4791 954 4865 possunt
972 4787 1073 4849 adhuc
1093 4787 1239 4855 irridere.
1258 4789 1421 4866 indignari,
1438 4806 1492 4848 ne·

196 4997 218 5043 t.
236 5012 247 5036 ·
264 4991 461 5044 Pharisaeorum
475 4991 633 5058 superfluum
647 4990 770 5045 latratum
782 4989 854 5043 turca
868 4989 976 5043 rationis
987 4991 1108 5044 obtundit
1124 5009 1136 5039 a
1151 4996 1193 5044 Pr.
1211 4994 1285 5043 ttter.
