3960 5654
358 491 399 550 22
761 505 798 552 DE
818 509 964 556 sueslurrs
985 504 1281 555 lllrsltrlternrtorlls

360 644 509 711 Origenes,
528 647 586 699 Chr
598 643 826 707 (immutemus,
843 648 900 698 llus
914 642 1063 700 Eusebius,
1079 643 1147 693 llam
1163 647 1283 697 loannes
1296 645 1498 700 Damascenus,
1515 644 1570 691 Atlr
1591 647 1681 696 Athe·

357 738 466 799 nasius,
483 740 546 797 Aug
560 733 746 796 Augustinus,
771 737 840 788 Amb
862 732 1038 790 Ambrosius,
1059 731 1103 780 llll
1124 734 1258 793 Hilarius,
1277 732 1303 782 Ir
1326 733 1471 790 Irenaeus,
1488 731 1568 794 Τίιμίι
1590 732 1681 785 Theo·

354 827 516 891 phylactus,
534 819 622 872 Gonst
636 821 856 876 constitutiones
868 823 958 887 apost.
974 822 1026 870 etc.

355 948 359 957 -
387 914 456 965 Alia
469 922 581 974 quoque
590 924 663 974 quae
676 914 819 965 brevitatis
828 925 912 965 eausa
923 908 1048 958 adhibita
1061 916 1126 961 sunt
1140 914 1208 963 satis
1216 924 1265 974 per
1279 915 1432 972 separent:
1445 914 1470 962 al
1481 924 1527 960 mu
1540 909 1589 958 alii
1603 911 1682 960 multi

354 1002 464 1054 codices
476 998 520 1048 vel
535 1002 621 1051 testes
628 1015 635 1062 ;
654 1004 714 1067 pler
732 1004 871 1066 plerique,
888 997 938 1048 rell
956 997 1071 1061 reliqui3
1088 1001 1141 1050 add
1156 1002 1266 1052 additur
1281 1000 1324 1048 vel
1344 999 1449 1050 addunt
1456 1016 1463 1060 ;
1480 1014 1535 1051 unc
1557 1000 1682 1048 unciales

352 1088 479 1148 oodlces;
501 1087 528 1137 el
541 1089 571 1153 pl
591 1091 639 1140 sill
658 1092 768 1154 plures;
792 1093 813 1139 it
831 1089 922 1139 versio
941 1087 1006 1135 itala
1023 1086 1066 1135 vel
1082 1089 1190 1140 codices
1208 1089 1305 1147 italam
1325 1098 1370 1136 om
1389 1092 1525 1140 omittitur
1540 1089 1584 1138 vel
1599 1089 1682 1136 omit·

353 1178 417 1227 tunt
431 1180 483 1226 etc.

861 1322 1036 1384 Exordium
1058 1328 1172 1406 ulls.

386 1485 552 1571 'Regnum
576 1483 780 1550 messianum
799 1481 845 1548 iia
865 1482 1033 1550 introduci
1058 1490 1212 1572 coeptum
1239 1487 1304 1564 est,
1325 1489 1396 1549 uis
1417 1482 1592 1571 prophetis
1610 1489 1682 1548 erut

352 1590 580 1681 praedictum.
596 1573 598 1578 ⁵
614 1589 744 1655 Exsiitit
767 1590 858 1654 enim
884 1590 1073 1657 secundum
1103 1588 1208 1654 verba
1237 1590 1436 1678 prophetica
1467 1610 1680 1677 praecursor,

354 1699 494 1763 loannes
512 1696 675 1786 baptiste,
697 1694 899 1784 praedicans
915 1696 1122 1784 baptismum
1144 1697 1373 1783 poenitenliae
1395 1695 1501 1760 multa
1524 1717 1602 1761 cum
1622 1716 1681 1782 po-

352 1801 427 1892 puli
441 1802 680 1869 commotione.
703 1803 853 1868 Breviter
869 1802 1015 1868 retertur
1035 1823 1154 1890 aspere
1174 1802 1245 1867 eius
1268 1802 1358 1866 vitse
1382 1803 1467 1867 ratio
1486 1808 1519 1866 et
1534 1803 1682 1867 testimo

351 1907 448 1994 nium
459 1907 551 1998 quod
563 1906 713 1974 reddidit
723 1908 854 1975 llessiae
864 1913 1017 1975 venturo.
1031 1913 1079 1974 lta
1089 1911 1228 1973 loannes
1240 1912 1423 1996 praeperat
1433 1907 1522 1972 viam
1536 1907 1679 1973 Domini.

353 2011 426 2104 lps'e
437 2036 515 2081 vero
526 2013 687 2081 Dominus
697 2015 799 2080 eiiam
812 2013 984 2104 quandam
996 2015 1182 2104 praemittit
1194 2015 1491 2102 praeparationem
1504 2012 1548 2079 ad
1561 2034 1684 2079 munus

353 2140 452 2186 suum
465 2104 681 2187 subeundum
695 2120 730 2186 in
745 2119 912 2211 baptismo
924 2126 1077 2210 suscepto
1090 2128 1122 2186 et
1137 2120 1174 2186 in
1186 2120 1448 2186 commoratione
1463 2122 1496 2185 iu
1514 2119 1647 2186 deserto

390 2309 552 2359 luscrlbltur
575 2310 645 2361 liber
665 2325 728 2359 κατα
751 2307 852 2377 Μαραον
882 2311 911 2360 ln
927 2307 1040 2369 ΗΜ
1066 2316 1209 2376 εοαγγελιον
1231 2325 1294 2357 κατα
1319 2325 1413 2376 μαρκον
1438 2313 1465 2357 in
1482 2312 1505 2359 Α
1525 2310 1616 2358 DEll
1628 2310 1683 2360 KL

356 2398 382 2449 Μ
392 2397 418 2449 U
429 2398 454 2446 V
464 2394 481 2446 Γ
490 2394 541 2446 ull
555 2399 583 2448 al
598 2399 626 2462 pl
635 2395 643 2428 ¹
653 2413 659 2458 ;
677 2401 785 2450 minuse
803 2413 848 2449 mu
872 2398 978 2449 addunt
995 2413 1082 2465 αγιον;
1101 2402 1129 2449 in
1144 2400 1211 2462 vulg
1228 2412 1234 2447 :
1251 2405 1378 2448 sanctum
1394 2399 1457 2449 lesu
1477 2398 1581 2448 Christi
1596 2411 1682 2448 evan·

358 2488 464 2551 gelium
478 2487 631 2537 seeundum
645 2488 778 2538 Marcum.

395 2637 450 2699 l,i.
468 2637 583 2687 Initium
606 2637 753 2702 Evangelii
784 2638 847 2689 lesu
874 2637 992 2694 christi,
1084 2639 1136 2699 l,l.
1160 2632 1239 2704 Ἀρχὴ
1263 2638 1306 2687 τοῦ
1330 2634 1476 2704 εὐαγγελίου
1503 2631 1586 2699 Ἰησοῦ
1611 2633 1684 2703 Χρισ-

355 2725 420 2777 Filii
434 2726 497 2778 Del.
518 2726 544 2777 l.
569 2726 793 2791 Sicutserlptum
815 2729 901 2778 estin
923 2726 995 2778 lsaia
1045 2728 1097 2785 τοῦ,
1118 2723 1170 2777 υἱοῦ
1193 2723 1265 2775 θεοῦΙ
1293 2727 1318 2778 i.
1343 2724 1423 2783 καθὼς
1445 2723 1583 2792 γέγραπται
1604 2722 1628 2774 ἐν
1649 2727 1685 2793 τῷ

357 2811 891 2881 propheta:Eceeegomittoangelum
903 2830 994 2866 meum
1048 2810 1138 2883 ’ίίσαίᾳ
1156 2819 1191 2885 τῷ
1209 2811 1332 2883 προρητη*
1362 2811 1444 2875 Ἰδοὺ,
1471 2810 1618 2864 ἀποστέλλω
1642 2811 1684 2863 τὸν

358 2906 423 2955 ante
437 2904 535 2955 taciem
557 2900 648 2966 tuam,
665 2907 712 2970 qul
730 2906 908 2970 praeparabit
921 2906 994 2954 viam
1044 2900 1153 2970 ἄγγελόν
1184 2921 1231 2972 μου
1259 2901 1305 2970 πρὸ
1325 2903 1453 2971 προσώπου
1486 2920 1547 2969 σου,
1567 2902 1594 2961 ὃς
1612 2920 1685 2953 κατα·

356 2995 431 3043 ίιιιιιιν
442 2995 551 3044 sntete.
565 2993 590 3044 3.
603 2994 666 3044 Vox
676 2994 855 3062 clamentisln
866 2994 992 3045 deserto:
1045 2993 1158 3043 caesim
1178 2989 1222 3056 τὴν
1242 2990 1300 3042 ὁδόν
1321 3009 1375 3044 σου.
1394 2994 1420 3042 3.
1436 2987 1514 3054 Φωνὴ
1530 2991 1641 3059 βοῶντος
1659 2989 1685 3043 ἐν

357 3081 461 3132 Parate
475 3079 548 3132 vlsm
563 3082 690 3148 Domini,
706 3083 796 3133 rectas
814 3083 896 3134 tacite
910 3084 994 3133 semi·
1044 3082 1075 3149 τῇ
1102 3078 1186 3151 ίρημῳ
1222 3077 1386 3149 Ἑτοιμάσατε
1415 3077 1459 3144 τὴν
1492 3076 1554 3130 ὁδὸν
1586 3078 1683 3148 Κυρίου·

356 3176 400 3220 tes
413 3170 485 3221 elus.
1045 3166 1136 3229 εὐθείας
1154 3171 1248 3222 ποιεῖτε
1268 3167 1310 3229 τὰς
1328 3167 1424 3236 τρίδους
1451 3168 1536 3222 αὐτοῦ.
1559 3171 1584 3222 t.
1609 3166 1685 3236 Ἐγέ-

393 3257 417 3308 t.
435 3257 500 3326 Fuit
522 3258 688 3309 Ioannesln
707 3259 816 3311 deserto
835 3260 992 3325 baptizans,
1044 3275 1099 3309 νετο
1131 3256 1247 3324 Ἰωάννης
1280 3257 1443 3325 ίβαπτίζων
1477 3256 1501 3309 ἐν
1535 3261 1566 3327 τῇ
1601 3256 1686 3328 ἐρήμῳ

357 3346 559 3412 etpraedicans
572 3346 740 3412 baptismum
754 3350 943 3412 poenitentiae
966 3351 994 3398 in
1044 3345 1172 3415 αηρῦοοων
1208 3347 1332 3415 βάπτισμα
1367 3346 1496 3415 μετανοίας
1535 3343 1568 3406 εἰς
1601 3347 1685 3415 istoru

353 3428 551 3487 'remlsslonem
566 3440 753 3501 peecatorum.
1045 3433 1180 3504 ἁμαρτιῶν.
1194 3441 1220 3489 5.
1236 3435 1277 3486 καὶ
1287 3433 1440 3503 ἐξεπορεύετο
1455 3434 1514 3503 πρὸς
1529 3433 1603 3485 αὑτὸν
1620 3437 1686 3487 πᾶσα

354 3519 358 3526 ’
392 3525 419 3574 5.
439 3524 474 3574 Ei
495 3523 739 3588 egrediebaturad
755 3538 819 3576 eum
833 3528 925 3577 omnis
947 3527 993 3577 Iu·
1044 3521 1188 3588 ἣἸουδαία
1202 3525 1288 3593 χώρα,
1304 3525 1344 3573 καὶ
1358 3523 1381 3574 el
1400 3521 1612 3592 Ἰεροσολυμεῖται
1624 3525 1686 3576 πάν-

358 3611 443 3663 deese
453 3613 546 3676 regio,
561 3617 589 3664 et
600 3614 806 3677 ierosolymitae
819 3616 940 3666 universi
947 3623 994 3677 ,et
1044 3631 1090 3672 τες
1111 3613 1152 3663 καὶ
1170 3612 1329 3673 ἔδαπτίζοντο
1348 3610 1392 3664 ὕπ’
1416 3610 1491 3663 αὐτοῦ
1517 3610 1541 3663 ἐν
1562 3617 1597 3684 τῷ
1624 3610 1685 3683 ’lop-

357 3700 569 3765 baptlzabantur
582 3702 617 3752 ab
636 3702 685 3754 lllo
698 3705 727 3752 ln
740 3702 866 3754 Iordanis
880 3703 994 3755 flumine
1044 3701 1105 3771 δάνῃ
1129 3706 1233 3771 ποταμῷ
1257 3699 1482 3770 ἐξομολογούμενοι
1501 3699 1544 3761 τὰς
1563 3700 1686 3770 ἁμαρτίας

356 3783 520 3841 eonfitentes
534 3795 649 3854 peecata
662 3805 724 3842 sua.
1043 3788 1133 3842 αὑτῶν,
1149 3794 1174 3843 6.
1185 3790 1227 3842 nal
1236 3784 1290 3855 lud
1303 3787 1419 3855 Ἰωάννης
1435 3789 1591 3859 ἐνδεδυμένος
1601 3792 1658 3861 τρίχ
1660 3810 1687 3852 ας

393 3878 419 3929 6.
436 3876 868 3945 Eterstloannesvesiltuspllis
884 3882 992 3942 cameli,
1045 3878 1173 3948 καμήλου,
1200 3879 1242 3930 καί
1267 3881 1349 3944 ζώνην
1375 3880 1528 3948 δερματίνην
1559 3881 1614 3948 περὶ
1640 3882 1683 3936 τὴν

358 3970 387 4018 et
409 3965 481 4019 zone
502 3969 622 4032 pellicea
643 3971 716 4020 eirca
737 3970 846 4022 lumbos
870 3973 943 4034 ejus;
967 3974 996 4021 et
1043 3966 1119 4037 ὀσμίνν
1145 3967 1231 4031 αὐτοῦ,
1261 3967 1302 4019 καὶ
1329 3966 1409 4019 ἔσθων
1436 3967 1534 4036 ἀκρίδας
1559 3969 1600 4018 καὶ
1630 3968 1685 4037 μτλι

358 4055 493 4118 locustas,
524 4063 553 4107 et
582 4058 638 4108 mel
664 4059 799 4122 sylvestre
827 4059 936 4112 edebat.
962 4060 995 4110 st
1044 4056 1140 4126 ἄγριον.
1162 4062 1187 4112 7,
1208 4056 1258 4108 Καὶ
1279 4055 1410 4125 ἐκήρυσσεν
1434 4056 1531 4125 λέγων,
1564 4057 1686 4126 Ἔρχεται

357 4143 536 4209 praedicabat
549 4145 646 4197 dicens
662 4160 668 4195 :
686 4147 712 4198 7.
727 4147 810 4198 Venit
831 4148 927 4199 tortior
952 4163 995 4199 me
1044 4145 1057 4196 ὁ
1077 4144 1230 4216 ἰσχυρότερός
1250 4165 1297 4216 μου
1315 4145 1408 4209 ὀπίσω,
1424 4140 1450 4196 οὔ
1470 4144 1514 4196 οὖν.
1534 4143 1585 4214 εἰμὶ
1604 4146 1687 4209 ἱκανὸς

357 4236 422 4298 post
443 4248 487 4285 me
500 4229 580 4286 euius
594 4249 651 4286 non
674 4250 735 4287 sum
750 4237 851 4300 dignus
865 4251 993 4301 procum-
1044 4234 1117 4305 αι’νρας
1144 4234 1217 4286 λῦσαι
1247 4236 1290 4287 τὸν
1323 4235 1413 4303 ἱμάντα
1438 4239 1485 4285 τῶν
1517 4233 1685 4304 ὑποδημάτων

358 4320 428 4381 bens
448 4323 557 4374 solvere
576 4325 723 4389 corrigiam
744 4327 994 4376 calceamentorum
1045 4322 1128 4375 aizoi.
1152 4327 1176 4376 8.
1198 4322 1249 4394 ἐγὼ
1276 4323 1394 4375 ldis-:rsa
1418 4322 1479 4391 ίνμσῖς
1508 4324 1587 4375 ὕδατι·
1614 4324 1686 4386 αὐτὸς

361 4412 431 4461 eius.
452 4411 479 4461 8.
505 4412 566 4476 Ego
592 4413 729 4479 baptlzavi
753 4428 803 4465 vos
823 4427 922 4478 aqua:
949 4416 995 4466 ille
1044 4412 1070 4464 δὲ
1090 4413 1201 4481 βαπτίσει
1220 4412 1282 4483 ’σμοῖς
1302 4412 1425 4481 ίίνεύματι
1453 4411 1541 4482 (triu.
1563 4418 1587 4466 tl.
1616 4412 1686 4482 Ἐγέ-

357 4512 424 4550 vero
435 4498 587 4563 baptizabit
598 4501 648 4552 vos
664 4503 767 4566 Spiritu
782 4507 887 4554 sancto.
1046 4521 1101 4553 νετο
1120 4501 1145 4553 ἔν
1165 4500 1266 4562 ἒκεῖναις
1285 4504 1337 4562 ταῖς
1355 4500 1469 4571 ἡμέραις,
1491 4498 1567 4565 ἦλθεν
1592 4499 1686 4567 Ἰησοῦς

394 4588 419 4637 9.
436 4588 582 4639 Etlsctum
598 4597 663 4641 est:
684 4592 824 4643 ludiebus
844 4593 899 4642 illis
920 4594 995 4643 venit
1046 4589 1093 4642 ἀπο
1113 4589 1223 4659 Ναζαρὲτ
1242 4593 1284 4655 τῆς
1311 4589 1457 4652 Γαλιλαίας,
1484 4591 1524 4640 καὶ
1550 4589 1684 4658 ἔίαπτίσθη

359 4675 437 4727 Iesus
455 4677 624 4730 astaretlr
636 4680 779 4732 Galilaeae
799 4687 827 4731 et
840 4682 996 4744 baptizatus
1046 4678 1078 4739 εἰς
1106 4680 1146 4730 τ’σν
1179 4677 1305 4748 Ἰορδάνην
1335 4679 1381 4731 ὕπὸ
1413 4678 1541 4732 Ἰωάννου.
1575 4683 1616 4734 lo,
1646 4682 1686 4732 ml

358 4765 737 4820 esialoanltelnlordane.
1047 4767 1113 4828 93th
1132 4767 1270 4819 ἂναὸαίνων
1290 4768 1315 4820 ἐκ
1345 4773 1387 4820 τοῦ
1410 4769 1512 4834 ὕδατος,
1534 4767 1600 4821 εἶδεν
1627 4789 1684 4839 σχι-

391 4919 411 4962 l.
428 4914 481 4964 lise
494 4916 570 4963 noiee
581 4916 607 4964 et
619 4916 768 4980 compendia
785 4918 930 4982 scriptionis
941 4917 1103 4982 explicantur
1117 4919 1142 4967 in
1157 4919 1345 4983 Prologomenls
1356 4934 1378 4982 p.
1392 4927 1471 4968 tuti.
