3960 5654
347 649 407 719 bat
421 652 511 717 lluxu
530 646 721 732 sanguinis,
741 672 772 714 v.
792 656 834 716 26
853 663 886 718 et
904 653 1018 739 [κεναὶ
1032 646 1142 713 metito
1159 669 1319 739 perpessu
1333 668 1354 711 o
1368 643 1595 737 compluribus
1607 665 1678 710 me·

347 757 430 825 dieis
443 769 477 823 ct
493 767 690 842 eroqaocrot
707 756 823 823 ournio
842 779 904 823 suo
924 752 1188 842 necquidquam
1207 755 1399 845 profecerat
1413 752 1473 820 scd
1494 748 1606 840 mupis
1619 749 1678 816 de·

348 864 451 931 terius
474 857 638 942 habebut;
666 869 829 950 quattuor
854 862 925 927 istis
952 860 1106 925 mulieris
1130 862 1306 928 calamitas
1334 862 1543 948 exponitur:
1570 855 1679 922 multa

345 987 506 1058 perpessa
519 987 539 1030 a
553 967 669 1034 multis
684 968 833 1058 (graece)
848 964 988 1031 medicis
1003 972 1067 1046 est,
1084 966 1260 1034 facultates
1271 987 1348 1030 suas
1361 965 1529 1052 impendit
1542 984 1676 1043 omnes,

346 1095 409 1141 nec
424 1077 538 1138 tamen
551 1074 742 1165 quidquam
757 1073 936 1139 levaminis
952 1079 1000 1138 est
1019 1083 1173 1162 experta,
1192 1076 1296 1139 immo
1312 1071 1442 1136 malum
1462 1072 1571 1137 maius
1590 1068 1680 1157 cepit

347 1182 606 1248 incrementum.
632 1186 669 1247 ln
694 1187 845 1246 extrema
864 1178 927 1245 bac
948 1180 1142 1247 necessitate
1164 1179 1261 1246 audit
1275 1200 1315 1244 ea
1331 1199 1419 1267 quae
1440 1175 1483 1242 de
1504 1182 1575 1243 lesu
1591 1177 1679 1243 lere·

277 1301 280 1308 ·
347 1285 474 1352 bantur
488 1290 530 1349 cic
546 1282 614 1376 περὶ
635 1293 690 1349 τοῦ
709 1284 830 1364 Ἰησοῦ,
855 1308 887 1350 v.
904 1291 946 1350 27
966 1299 998 1352 ei
1012 1308 1091 1353 cum
1101 1287 1250 1353 audisset
1262 1285 1302 1351 de
1317 1286 1410 1364 lesit,
1427 1283 1518 1350 uenit
1533 1285 1569 1349 in
1582 1282 1679 1350 turbu

345 1404 433 1458 retro
446 1405 479 1460 et
495 1394 603 1484 tctiqit
614 1393 850 1460 vestimentum
868 1393 957 1476 eicis,
972 1415 1047 1460 cum
1067 1392 1179 1459 llatth.
1200 1397 1280 1471 &20
1294 1392 1453 1478 legatur:
1470 1389 1585 1477 tetigit
1598 1389 1679 1476 fim-

346 1496 453 1565 briam
482 1501 673 1567 vestimenti
698 1501 785 1578 eius,
810 1499 979 1565 subtiliter
1006 1500 1187 1589 inquirunt
1216 1498 1434 1578 recentioreS,
1465 1519 1527 1563 cur
1553 1500 1679 1562 llarcus

346 1604 501 1673 fimbriae
522 1628 592 1671 non
611 1607 731 1673 iecerit
749 1605 968 1684 mentionem,
993 1613 1026 1672 et
1042 1604 1180 1671 subtilia
1198 1626 1334 1694 quoque
1352 1610 1613 1694 proponuntur:
1632 1602 1680 1668 vi·

344 1722 418 1778 sum
436 1734 507 1779 esse
520 1712 550 1778 ei
566 1712 812 1801 improbabile,
829 1709 1010 1777 mulierem
1033 1713 1069 1777 in
1088 1712 1241 1778 conserta
1261 1711 1439 1777 hominum
1461 1708 1679 1776 multitudine

344 1819 494 1908 potuisse
528 1818 697 1904 attingere
728 1818 900 1885 fimbriam
935 1817 1088 1907 (Weiss),
1117 1817 1268 1885 omisisse
1303 1816 1473 1883 fimbriam
1503 1816 1680 1883 brevitatis

345 1945 446 1991 causa
460 1923 581 2013 (Keil),
605 1923 688 2013 quia
702 1946 782 1991 sane
802 1924 909 1990 multo
927 1924 1064 1990 brevius
1087 1926 1254 1990 Matthaeo
1273 1926 1426 1989 narratll
1446 1923 1613 2001 omisisse,
1635 1945 1679 1989 ne

345 2029 549 2097 miraculum
563 2030 724 2096 imminui
742 2031 928 2109 videretur,
946 2031 1027 2120 quia
1049 2038 1192 2119 propter
1212 2035 1308 2096 Num.
1329 2037 1427 2110 15,3·1
1452 2029 1597 2096 fimbriis
1611 2028 1680 2095 illis

346 2137 506 2202 virtutem
526 2136 701 2226 quandam
716 2137 898 2226 specialem
914 2137 1020 2204 inesse
1038 2137 1222 2204 existimari
1237 2137 1400 2226 potuisset
1417 2136 1598 2224 (Setaaz);
1620 2135 1680 2201 sed

345 2264 420 2309 cum
450 2243 634 2309 llatthaeus
655 2243 782 2309 habeat
802 2244 993 2323 fimbriam,
1023 2266 1085 2333 pro
1111 2243 1241 2310 ludaeis
1263 2242 1351 2309 nibil
1375 2243 1519 2333 periculi
1541 2251 1679 2308 eratne

345 2349 548 2416 miraculosa
577 2349 707 2417 sanatio
728 2372 797 2415 non
828 2350 976 2432 Christo,
1002 2351 1058 2417 sed
1087 2350 1230 2437 fimbriis
1253 2350 1513 2432 attribueretur;
1535 2348 1680 2435 gentiles

345 2462 458 2523 autem
483 2455 526 2522 de
552 2456 613 2522 illa
636 2456 851 2523 fimbriarum
876 2457 1013 2523 notione
1040 2479 1080 2523 ac
1105 2456 1353 2543 significatione
1378 2457 1463 2522 nihil
1491 2454 1676 2533 notarun13

345 2562 459 2651 itaque
473 2585 514 2629 ea
530 2562 615 2629 ratio
629 2562 806 2629 omittendi
823 2568 929 2630 llarco
953 2586 1020 2629 non
1041 2570 1174 2653 poterat
1189 2565 1225 2629 in
1246 2570 1394 2629 mentem
1419 2561 1546 2629 venire.
1565 2566 1679 2652 Neque

345 2691 431 2759 opus
449 2675 498 2736 est
512 2667 620 2736 ullam
632 2691 808 2758 quaerere.
828 2674 911 2736 ilem
926 2670 1017 2736 enim
1033 2676 1152 2736 narrat
1166 2692 1234 2736 non
1255 2669 1362 2735 oculis
1378 2669 1413 2734 in
1433 2668 1585 2736 codicem
1602 2673 1680 2735 llat-

345 2774 437 2842 thaei
452 2775 571 2842 defixis
587 2774 637 2864 (in
655 2776 721 2842 hac
738 2776 919 2865 hypothesi
943 2776 1052 2843 solum
1072 2798 1183 2843 sermo
1198 2798 1268 2842 esse
1285 2782 1395 2865 posset
1422 2775 1464 2842 de
1488 2775 1677 2863 omissione)

345 2881 404 2948 sed
423 2888 526 2971 prout
540 2887 677 2949 Petrum
694 2891 893 2950 narrantem
909 2882 1076 2950 audierat.
1100 2887 1242 2972 insuper
1262 2904 1341 2948 eirm
1362 2905 1401 2948 ex
1418 2883 1590 2950 mentione
1606 2882 1680 2948 lim-

345 2987 440 3055 briae
457 2987 543 3054 nihil
560 2989 719 3075 derogari
735 2991 902 3056 miraculo
917 2991 1140 3071 existimasse,
1157 2989 1235 3056 vide
1254 2989 1296 3056 ad
1317 2994 1407 3068 6,56.

382 3241 489 3301 Quibus
503 3242 633 3292 remediis
648 3245 690 3291 usi
702 3244 759 3292 sint
775 3243 874 3293 medici
888 3242 980 3293 iudaei
996 3243 1030 3292 ad
1046 3243 1184 3294 eiusmodi
1200 3243 1326 3293 morbum
1347 3241 1516 3299 curandum,
1532 3241 1603 3292 loric
1625 3243 1678 3292 ali·

348 3343 403 3394 qua
414 3332 575 3380 coniectura
587 3333 699 3393 assequi
715 3344 864 3393 possumus
878 3344 913 3381 ex
927 3332 962 3381 iis
975 3345 1047 3394 quae
1067 3334 1094 3381 in
1115 3331 1236 3381 talmnde
1251 3331 1485 3394 praescribuntur.
1508 3330 1580 3379 Nam
1594 3330 1680 3381 reiert

350 3419 482 3482 ltpttsoot
497 3419 533 3468 ad
548 3419 577 3468 h.
594 3421 612 3469 1.
629 3418 700 3468 haec
711 3433 745 3469 ex
759 3423 837 3469 tract.
852 3421 987 3470 schabbat
1001 3420 1048 3470 lol.
1076 3420 1124 3471 110
1140 3418 1260 3486 (Babyl.)
1278 3434 1283 3468 :
1302 3437 1313 3467 r
1331 3420 1396 3469 dicit
1417 3419 1495 3468 rabbi
1516 3419 1676 3470 lochanan:

349 3511 441 3571 recipe
455 3510 560 3571 gummi
575 3508 749 3557 alexandrini
763 3508 872 3571 pondus
894 3511 971 3558 zuzai
985 3507 1013 3573 (1.
1030 3523 1054 3559 e.
1072 3513 1189 3573 quartae
1210 3511 1296 3572 partis
1310 3509 1370 3558 sicli
1385 3511 1471 3567 sacri;
1493 3508 1527 3557 cl.
1550 3509 1677 3572 Boccor),

349 3597 456 3647 lexicon
471 3596 563 3646 chald.
578 3610 605 3659 p.
623 3595 683 3660 65⁴)
700 3602 729 3646 et
743 3598 877 3647 aluminis
890 3599 999 3660 pondus
1012 3598 1085 3648 idem
1100 3605 1128 3649 ct
1141 3600 1214 3648 croci
1232 3597 1371 3647 hortensis
1385 3597 1495 3660 pondus
1509 3597 1597 3657 idem,
1614 3610 1679 3649 con·

348 3689 473 3736 terantur
484 3684 554 3735 baec
569 3698 624 3734 una
638 3688 665 3735 et
680 3687 709 3734 in
728 3687 793 3734 vino
808 3685 910 3735 dentur
927 3687 1047 3736 laminae
1062 3688 1317 3738 haemorrhoissae.
1334 3685 1449 3744 Quodsi
1463 3687 1533 3736 baec
1546 3699 1602 3736 non
1613 3699 1678 3749 pro-

348 3776 418 3834 sint,
434 3777 526 3837 recipe
539 3786 669 3836 ceparum
683 3774 854 3836 persicarum
870 3778 912 3824 tcr
925 3777 978 3824 tria
992 3776 1053 3839 lag,
1076 3778 1142 3825 vinc
1156 3783 1320 3839 coquantur,
1337 3781 1421 3838 atque
1436 3775 1501 3824 inde
1522 3787 1584 3825 eam
1599 3781 1680 3838 potes

349 3862 480 3926 dicasque
496 3875 502 3910 :
519 3875 603 3925 surge
617 3875 633 3911 a
648 3861 786 3925 prclluvio
809 3868 867 3912 tuo.
886 3862 992 3921 Quodsi
1019 3864 1073 3914 boc
1088 3867 1263 3924 convaleat,
1279 3865 1346 3913 siste
1361 3876 1422 3913 eam
1438 3865 1465 3912 ln
1488 3863 1584 3927 aliquo
1605 3864 1680 3915 bivio

349 3965 487 4016 manuque
501 3954 595 4000 teneat
608 3951 736 4013 poculum
751 3953 822 4008 vini;
838 3965 855 4000 a
868 3957 947 4015 tergo
962 3955 1023 4003 eius
1039 3956 1132 4002 veniat
1150 3954 1251 4016 aliquis
1273 3966 1390 4015 caraque
1405 3956 1518 4003 terreat.
1534 3952 1564 4003 Si
1585 3957 1679 4003 autem

349 4042 402 4092 hcc
415 4055 471 4106 non
481 4040 618 4098 obtineat,
630 4042 722 4103 recipe
737 4043 909 4104 manipulum
920 4044 1022 4104 cymini
1037 4047 1064 4092 et
1079 4043 1250 4104 nranipulum
1263 4041 1320 4091 leni
1331 4043 1423 4104 graeci
1440 4039 1595 4109 (siliquae);
1609 4042 1679 4093 haec

349 4131 452 4181 elixaia
466 4132 531 4179 vino
546 4129 668 4192 potanda
682 4132 707 4178 ei
723 4130 788 4180 dato
804 4137 831 4179 ct
847 4131 892 4180 dic
907 4144 912 4178 :
930 4143 1013 4194 surge
1029 4144 1045 4179 a
1060 4129 1197 4194 profluvio
1212 4134 1260 4181 luo
1275 4147 1299 4180 r.
1316 4130 1345 4180 Si
1362 4143 1426 4181 vero
1440 4130 1493 4181 boc
1504 4144 1561 4182 non
1576 4134 1677 4195 prosit,

349 4219 522 4270 adducuntur
533 4218 616 4268 doses
630 4218 701 4268 aliae
714 4222 798 4282 atquc
810 4221 882 4269 aliae
895 4224 946 4269 etc.

385 4307 529 4358 Mulierem
541 4307 628 4356 mtrlta
640 4321 703 4357 esse
719 4321 830 4370 passam
843 4321 860 4356 a
875 4309 969 4358 multis
983 4309 1110 4368 inedicis,
1129 4310 1158 4360 S.
1176 4311 1265 4361 Lucas
1280 4309 1404 4360 modicus
1423 4309 1541 4360 tortasse
1560 4323 1679 4373 parcens

349 4408 418 4446 suae
432 4399 500 4446 artis
514 4396 674 4447 homiuibus
691 4396 729 4460 (ut
752 4397 838 4459 aliqui
853 4397 1012 4463 opinantur)
1031 4401 1068 4447 ita
1089 4401 1241 4462 exprimit:
1264 4413 1314 4448 ucc
1336 4398 1369 4448 ab
1395 4400 1451 4449 ullo
1475 4400 1565 4466 potuit
1588 4402 1679 4449 eiurari

349 4485 422 4543 ais.
437 4484 568 4535 Ceterum
583 4486 655 4548 apud
671 4485 845 4535 talmudistas
860 4486 960 4535 medici
976 4488 1049 4537 haud
1064 4488 1135 4538 bene
1151 4488 1276 4538 audiunt.
1294 4488 1422 4551 Optimus
1436 4487 1607 4537 medicorum
1619 4501 1678 4539 mc-

349 4576 425 4623 retur
439 4573 611 4637 gehennam,
629 4575 730 4637 legitur
747 4576 774 4623 in
789 4575 964 4624 liidduschiu
980 4575 1027 4624 lol.
1047 4577 1106 4635 tui
1126 4577 1251 4640 (Rarior)
1262 4578 1279 4626 1.
1297 4591 1320 4627 c.
1338 4590 1364 4639 p.
1381 4576 1476 4642 2278),
1493 4582 1576 4640 atquc
1590 4579 1678 4640 scrip·

349 4667 423 4712 tores
437 4674 549 4726 quoque
564 4666 657 4725 graeci
672 4669 699 4712 ei
716 4664 795 4713 latini
811 4663 885 4713 haud
903 4677 967 4713 raro
983 4666 1010 4713 in
1026 4666 1149 4717 medicos
1164 4668 1343 4717 invehuntur.
1362 4667 1437 4716 llaec
1450 4679 1477 4714 v.
1491 4679 1519 4728 g.
1536 4667 1679 4716 lateralia

349 4749 429 4801 alieri
446 4753 595 4816 ii'ctsteia:
612 4752 734 4812 Pilatus,
752 4754 780 4801 ir.
803 4767 829 4801 u.
855 4753 917 4811 ‘29‚5
934 4768 940 4801 ε
958 4755 1022 4802 hinc
1037 4754 1102 4803 illac
1118 4758 1190 4804 circa
1214 4769 1315 4818 aegros
1339 4757 1456 4804 miserae
1477 4757 1677 4805 sententiarum

349 4841 584 4899 concertationes,
602 4841 679 4889 nullo
693 4840 765 4891 idem
778 4848 926 4902 censente,
945 4856 980 4892 uc
995 4844 1120 4893 videatur
1131 4846 1254 4895 accessio
1267 4845 1382 4895 alterius
1391 4858 1398 4901 ;
1415 4844 1479 4893 hinc
1494 4845 1543 4893 illa
1560 4843 1679 4895 intelicis

350 4929 522 4979 mouumenti
539 4929 697 4992 inscriptio,
715 4932 795 4980 turba
807 4945 837 4982 sc
852 4932 1021 4982 medicorum
1034 4934 1158 4995 periisse.
1176 4933 1312 4997 i'ipiiiiu.
1326 4933 1459 4984 Hadrian.
1485 4929 1577 4983 πολλοὶ
1599 4929 1679 5002 ἰατροὶ
