3960 5654
982 586 1019 628 DE
1040 581 1151 626 sedero
1173 583 1288 629 HAHCO.

469 721 517 787 ill.
535 725 578 810 8).
604 726 758 788 Ceterum
775 719 850 786 vide
872 727 953 786 nota
976 720 1088 781 Sanct.
1114 716 1264 784 bolland.
1290 721 1381 803 Sept.
1407 717 1461 783 Vll
1480 742 1514 807 p.
1544 722 1620 792 3573
1643 718 1807 805 Cornely,

471 828 596 895 runou.
620 828 656 890 ιιι
670 846 703 913 p.
722 830 836 894 ιιι-85.
1756 858 1758 862 »

510 1000 544 1057 ln
558 999 625 1054 Act.
642 995 740 1056 modo
758 996 872 1072 legitur
892 992 1025 1052 loannes
1041 995 1097 1070 qui
1115 991 1360 1069 cognominatus
1378 995 1426 1050 est
1448 991 1567 1051 Marcus
1587 994 1614 1071 (t
1630 990 1801 1062 ἐπικαλούμε-

468 1119 510 1173 vo<
523 1095 563 1152 M.
583 1094 689 1167 1⁶2,l⁶.>;
706 1097 719 1150 t
735 1087 884 1159 ἐπικληθείς
904 1089 1022 1167 1225),
1042 1089 1138 1150 modo
1154 1088 1259 1147 solum
1274 1089 1409 1148 loannes
1427 1090 1506 1158 435.
1527 1090 1573 1159 43,
1591 1091 1687 1150 modo
1702 1088 1803 1149 solum

469 1193 592 1250 Marcus
613 1192 712 1263 1539.
736 1191 768 1248 ln
790 1186 933 1264 epistolis
949 1191 1012 1246 eta
1035 1186 1180 1247 Patribus
1203 1186 1333 1245 nomine
1356 1187 1451 1246 Marci
1473 1190 1596 1244 tantum
1616 1187 1803 1264 appellatur.

470 1287 586 1347 Habuit
602 1289 709 1366 itaque
725 1301 839 1345 nomen
855 1284 1030 1344 hebraeum
1047 1290 1078 1343 et
1099 1288 1263 1361 praeterea
1278 1283 1415 1342 alterum
1431 1300 1550 1343 nomen
1565 1284 1650 1360 quod
1665 1300 1804 1360 praeser-

470 1384 526 1444 tim
543 1386 625 1446 inter
637 1389 749 1463 gentes
765 1383 953 1461 gerebatur;
970 1382 1011 1442 el.
1028 1381 1158 1452 Saulus,
1177 1380 1304 1440 Paulus.

510 1484 577 1543 Nou
593 1481 827 1557 defueruntqui
840 1480 920 1541 duos
937 1482 1056 1540 Marcos
1067 1495 1135 1538 esse
1149 1478 1338 1537 statuendos
1351 1478 1585 1552 existimarent,
1601 1497 1700 1539 unum
1717 1479 1805 1540 Pauli

471 1582 608 1647 socium,
630 1579 767 1639 alterum
790 1579 914 1639 socium
936 1578 1018 1637 Petri
1040 1582 1072 1637 et
1093 1576 1335 1654 evangelistam.
1358 1577 1404 1636 lta
1422 1575 1624 1654 distinguunt
1643 1578 1804 1648 Baronius,

471 1680 651 1747 Tillemont,
667 1676 854 1749 Cutelerius,
873 1676 984 1735 Patrizi
1001 1675 1053 1753 (de
1069 1674 1244 1753 evangeliis
1259 1674 1271 1732 Ι
1287 1692 1319 1751 p.
1339 1676 1377 1733 35
1398 1675 1561 1734 etiterum
1578 1692 1669 1735 suam
1684 1680 1808 1735 senten·
1908 1744 1909 1749 .

470 1777 547 1837 tiam
559 1775 701 1834 defendit
716 1780 825 1835 contra
838 1773 1036 1851 periodicum
1049 1773 1251 1850 ‘lubingense
1269 1773 1357 1844 1854,
1370 1776 1389 1830 4
1407 1771 1511 1832 lascic.
1530 1773 1561 1831 in
1576 1772 1807 1832 commentario

470 1876 503 1934 in
519 1873 610 1933 Harci
631 1871 830 1950 evangelium
852 1890 883 1949 p.
905 1870 1061 1949 aaa-alt),
1078 1870 1188 1929 Danko
1206 1869 1300 1947 (Hist.
1323 1870 1419 1930 revel.
1444 1872 1479 1929 N.
1501 1871 1535 1929 T.
1559 1888 1589 1947 p.
1611 1869 1694 1949 an),
1712 1873 1809 1948 Lamy
1836 1911 1840 1917 ,

471 1971 600 2049 (lntrod.
625 1971 649 2030 ll
667 1988 697 2047 p.
716 1970 777 2045 35),
803 1968 903 2028 Drach
921 1968 1110 2046 (comment.
1128 1985 1182 2027 sur
1206 1966 1251 2026 les
1271 1970 1365 2045 epitr.
1388 1968 1427 2028 de
1444 1967 1475 2027 S.
1499 1968 1574 2028 Paul
1590 1986 1621 2046 p.
1640 1966 1710 2045 503)
1726 1972 1809 2028 etex

470 2068 719 2148 protestantibus
739 2068 884 2138 GrotiuS,
899 2065 1181 2136 Schleiermacher,
1204 2065 1340 2125 Hieulen
1355 2064 1409 2144 (cl.
1430 2065 1562 2126 Studien
1582 2064 1647 2125 und
1665 2066 1809 2126 Hritilren

472 2168 550 2226 1832
570 2183 602 2242 p.
627 2168 695 2232 760,
719 2167 795 2225 1843
812 2183 842 2242 p.
861 2162 942 2241 433).
965 2167 1005 2223 At
1025 2164 1064 2222 ab
1084 2163 1155 2222 aliis
1179 2163 1271 2242 longe
1293 2163 1454 2241 plerisque
1473 2163 1551 2224 haec
1570 2164 1726 2224 sententia
1746 2180 1810 2224 non
1899 2198 1902 2206 ,
1971 2214 1975 2222 ,

470 2265 659 2324 admittitur.
680 2266 716 2323 Et
735 2264 783 2332 id,
800 2268 833 2322 ut
848 2262 982 2334 videtur,
999 2262 1114 2321 merito
1134 2261 1276 2338 quidem.
1296 2263 1388 2331 Nam,
1407 2266 1443 2320 ut
1463 2262 1530 2338 ipse
1550 2261 1664 2322 Patrizi
1682 2262 1807 2330 latetur,

471 2380 565 2423 nemo
582 2367 723 2422 veterum
740 2366 847 2438 aperte
864 2359 1033 2418 affirmavit
1048 2360 1128 2418 duos
1145 2376 1214 2418 esse
1232 2359 1352 2418 Marcos
1370 2359 1499 2419 innovo
1517 2365 1706 2419 testamento
1721 2376 1809 2419 com-

472 2464 677 2519 memoratos.
696 2459 774 2518 Dein
791 2457 817 2516 si
833 2456 928 2517 multi
947 2457 1055 2515 Patres
1073 2457 1111 2516 de
1129 2457 1231 2516 Marcu
1248 2462 1412 2534 tamquam
1433 2457 1517 2516 Petri
1534 2457 1621 2518 socio
1638 2457 1811 2534 loquuntur

473 2574 576 2634 neque
597 2557 692 2616 simul
708 2560 965 2616 commemorant
982 2571 1055 2614 eum
1080 2554 1167 2614 Pauli
1188 2570 1319 2631 quoque
1338 2554 1489 2614 comitem
1510 2554 1698 2632 quandoque
1713 2554 1810 2615 luisse

476 2654 616 2733 (Papias,
636 2656 799 2725 lrenaeus,
817 2653 962 2714 Clemens
977 2652 1057 2711 alex.
1076 2651 1307 2720 Tertullianus,
1324 2652 1490 2731 OrigeneS,
1508 2653 1680 2723 Eusebius,
1696 2654 1809 2712 Dama-

475 2770 539 2823 sus,
556 2752 766 2830 Epiphanius,
783 2752 900 2828 aliique
920 2768 1001 2827 quos
1018 2757 1186 2810 enumerat
1202 2750 1278 2809 locis
1296 2750 1444 2809 indicatis
1461 2748 1570 2809 Patrizi
1588 2751 1619 2809 in
1634 2755 1808 2810 comment.

472 2868 504 2928 p.
520 2852 589 2909 ⁶234.
603 2850 689 2928 235),
705 2849 735 2909 id
748 2849 837 2909 lacile
854 2849 1030 2926 explicatur
1045 2848 1120 2925 quia
1137 2847 1242 2907 obiter
1256 2847 1361 2907 solum
1377 2848 1446 2907 eius
1460 2848 1600 2907 inserunt
1612 2849 1809 2908 mentionem

472 2953 505 3007 et
517 2949 547 3008 id
562 2965 660 3007 unum
674 2952 783 3025 agunt,
801 2951 834 3006 ut
851 2945 945 3006 Marci
961 2945 1161 3024 evangelium
1174 2946 1213 3005 ad
1231 2946 1313 3004 Petri
1330 2945 1527 3006 narrationes
1542 2953 1574 3004 et
1589 2947 1808 3006 auctoritatem

473 3045 619 3106 relerant.
632 3045 735 3122 Aliqui
752 3050 860 3104 tamen
876 3045 1105 3122 evangelistam
1120 3044 1209 3103 Pauli
1226 3044 1349 3104 socium
1367 3045 1505 3104 Marcum
1522 3045 1704 3117 nominant;
1719 3045 1762 3103 ita
1777 3044 1810 3104 in

472 3145 603 3205 Constit.
621 3149 719 3221 apost.
739 3144 826 3214 257,
843 3143 876 3201 in
892 3141 1019 3220 dialogo
1040 3143 1079 3202 de
1096 3148 1182 3202 recta
1203 3143 1234 3201 in
1250 3144 1352 3201 Deum
1368 3142 1445 3213 lide,
1464 3142 1640 3219 Hesychius
1655 3141 1734 3201 hier.
1751 3143 1810 3201 Ne·

473 3259 535 3319 que
551 3243 639 3319 argui
661 3246 767 3320 potest
781 3258 818 3300 ex
834 3240 896 3299 illis
912 3240 991 3300 locis
1007 3240 1038 3299 in
1060 3241 1176 3317 quibus
1193 3257 1297 3300 sermo
1313 3245 1361 3300 est
1377 3239 1416 3300 de
1435 3241 1535 3301 Harco
1551 3241 1637 3300 socio
1656 3240 1742 3300 Pauli
1756 3257 1810 3300 ne-

474 3357 536 3417 que
551 3345 655 3399 tamen
673 3339 769 3398 simul
782 3339 821 3398 de
837 3355 875 3398 eo
898 3343 1064 3414 tamquam
1084 3339 1296 3416 evangelista;
1315 3355 1391 3398 nam
1407 3339 1494 3416 prius
1511 3338 1606 3398 debet
1619 3338 1742 3399 ostendi
1758 3355 1811 3398 an·

474 3443 602 3514 tequam
615 3453 652 3496 ex
664 3437 792 3496 silentio
803 3441 1030 3514 argumentum
1041 3436 1156 3495 conlici
1169 3437 1270 3514 possit
1283 3436 1432 3496 debuisse
1442 3437 1619 3496 necessario
1630 3454 1668 3495 ex
1679 3437 1810 3496 materia

475 3541 603 3594 tractata
626 3534 674 3594 vel
686 3551 724 3594 en
740 3535 845 3594 lineet
861 3534 1038 3594 intentione
1050 3535 1190 3594 auctoris
1210 3535 1406 3594 mentionem
1424 3552 1551 3612 quoque
1567 3535 1634 3594 lieri
1653 3535 1809 3613 evangeli·

475 3639 551 3692 stae.
572 3632 722 3708 Alioquin
739 3632 825 3691 enim
845 3632 927 3709 exigi
948 3633 1061 3709 nequit
1076 3637 1112 3691 ut
1130 3632 1162 3690 in
1178 3649 1373 3709 unoquoque
1399 3632 1468 3691 loco
1482 3638 1595 3692 cuncta
1616 3638 1807 3693 asserantur.

475 3731 571 3790 Porro
590 3730 712 3812 ratione
731 3731 884 3807 temporis
900 3730 980 3788 inita
994 3747 1058 3790 non
1077 3735 1207 3807 apparet
1223 3729 1285 3789 ulla
1301 3730 1510 3807 repugnantia
1523 3731 1556 3789 in
1571 3747 1620 3800 eo,
1638 3736 1674 3790 ut
1689 3732 1810 3791 Marcus

475 3829 601 3904 utrique
617 3827 762 3905 apostolo
779 3845 810 3887 se
827 3827 1008 3888 adiunxerit
1021 3827 1212 3888 adiutorem.
1231 3829 1308 3886 Nam
1325 3827 1408 3905 apud
1424 3827 1455 3887 S.
1473 3828 1606 3888 Paulum
1621 3846 1696 3889 eum
1712 3828 1809 3888 luisse

475 3924 743 4003 deprehendimus
756 3925 860 3984 solum
876 3942 960 3985 anno
974 3926 1064 3983 44-46
1080 3925 1129 3984 vel
1146 3929 1199 3997 47;
1217 3925 1291 3984 dein
1308 3928 1425 3985 Romae
1443 3926 1473 3984 in
1489 3926 1595 4003 priore
1609 3927 1808 4004 captivitate;

477 4025 507 4082 in
531 4023 629 4082 altera
646 4022 736 4099 cupit
761 4028 796 4081 ut
815 4040 832 4081 a
848 4021 1015 4083 Timotheo
1036 4022 1074 4081 ad
1099 4040 1132 4081 se
1152 4022 1339 4083 adducatur.
1362 4058 1400 4066 -
1425 4025 1531 4100 Neque
1552 4028 1637 4085 recte
1661 4025 1810 4085 obiicitur

478 4121 617 4180 Marcum
635 4126 714 4179 teste
731 4121 921 4197 Hieronymo
939 4121 1002 4179 iam
1018 4127 1182 4180 mortuum
1198 4138 1267 4181 esse
1282 4127 1394 4181 octavo
1410 4139 1493 4181 anno
1511 4124 1662 4197 Neronis;
1678 4124 1809 4201 proinde

476 4236 538 4277 nun
555 4235 646 4296 posse
663 4235 731 4278 esse
748 4217 885 4278 eundem
902 4217 940 4277 de
955 4236 1017 4295 quo
1031 4219 1144 4279 Paulus
1161 4219 1193 4277 in
1206 4219 1304 4279 altera
1320 4237 1375 4279 sua
1390 4221 1571 4298 captivitate
1588 4221 1714 4281 scribat.
1730 4223 1809 4282 Nam

476 4333 512 4376 ea
532 4316 563 4374 in
586 4334 618 4376 re
640 4317 848 4395 Hieronymus
868 4321 977 4394 aperte
998 4316 1135 4389 lallitur;
1162 4318 1245 4394 quud
1266 4318 1422 4379 Eusebius
1442 4319 1520 4378 dicit
1536 4319 1717 4380 ,lunianum
1740 4326 1811 4397 post

478 4415 617 4473 Hereum
642 4414 951 4475 administrationem
973 4414 1125 4475 ecclesiae
1150 4416 1371 4476 alexandrinae
1398 4417 1574 4495 suscepisse
1596 4425 1707 4478 octavo
1728 4435 1809 4478 anuo

479 4512 608 4571 Neronis
622 4510 665 4589 (h.
679 4529 706 4571 e.
724 4512 805 4590 224)
822 4511 852 4571 id
868 4513 1080 4589 Hieronymus
1096 4531 1264 4591 perperam
1279 4515 1322 4574 ita
1337 4520 1385 4574 est
1402 4516 1628 4593 interpretatus
1644 4534 1680 4576 ac
1694 4516 1719 4574 si
1733 4517 1810 4575 llar-

478 4627 531 4669 cus
548 4628 585 4669 eo
600 4628 681 4668 anno
697 4615 832 4670 mortem
849 4611 993 4670 obiisset.

523 4773 666 4834 llarcum
683 4769 852 4857 scripsisse
865 4771 1085 4857 evangelium
1103 4777 1234 4836 constat
1254 4771 1454 4839 testimoniis
1469 4795 1557 4864 quae
1577 4774 1621 4840 ad
1639 4775 1710 4863 ipsu
1726 4781 1811 4840 tem·

429 4918 432 4923 -
478 4898 561 4964 pora
578 4876 763 4964 apostolica
785 4878 972 4944 ascendunt
990 4877 1144 4968 adeoque
1164 4879 1350 4946 certissima
1373 4887 1460 4947 sunt.
1487 4885 1555 4946 lam
1576 4882 1695 4971 Papias
1715 4880 1812 4948 nobis

481 4983 584 5049 relert
600 5004 687 5071 quae
707 4982 883 5073 presbyter
905 4987 1046 5052 loannes
1065 4985 1352 5077 (probabilissime
1371 4987 1443 5078 ipse
1465 4992 1606 5056 loannes
1628 4988 1813 5078 apostolus]
