3960 5654
881 585 974 632 nnnc.
997 570 1048 643 10,
1071 569 1176 629 tenu.

362 732 477 788 aretem
496 720 583 788 dizit
594 718 628 785 ei
641 740 654 785 .·
668 719 755 810 quid
766 740 820 786 me
834 718 917 786 dieis
932 719 1082 787 bonum?
1095 742 1157 785 our
1174 741 1230 786 me
1249 741 1289 786 eo
1304 720 1430 786 salutas
1451 724 1608 790 nomine?
1626 744 1696 814 quc

361 826 629 914 interrogatione
645 848 724 894 eum
741 831 873 906 monet,
894 833 932 893 ut
943 825 1039 917 apud
1057 847 1092 893 se
1105 825 1273 892 deliberet
1286 848 1331 893 an
1346 848 1386 892 ex
1399 827 1441 893 iis
1457 849 1544 916 quae
1562 830 1695 897 noverit

360 939 393 1001 et
410 939 549 1024 propter
570 955 658 1023 quae
677 933 803 1000 bonum
818 934 1018 1000 salutaverit
1037 954 1106 1000 non
1123 933 1233 1000 maius
1245 932 1444 1022 fquidquam
1461 957 1501 1001 ae
1515 934 1695 1003 sublimius

360 1037 631 1108 concludendum
654 1041 715 1122 sit;
741 1060 840 1106 nemo
864 1039 971 1106 bontas
993 1039 1060 1106 nisi
1079 1060 1166 1105 unus
1185 1041 1294 1124 Deus;
1317 1039 1408 1105 hane
1429 1039 1693 1129 appellationem

358 1167 458 1212 sensu
473 1145 671 1234 plenissimo
680 1168 720 1213 ac
734 1145 982 1236 perfectissimo
993 1145 1054 1211 uni
1064 1149 1132 1212 Deo
1144 1147 1326 1212 convenire
1334 1144 1530 1214 adolescens
1540 1148 1694 1237 profecto

357 1273 427 1318 non
442 1252 641 1337 ignorabat;
657 1253 773 1341 itaque
785 1252 935 1319 Christus
950 1251 1165 1319 occasionem
1186 1252 1222 1318 in
1234 1251 1327 1319 illius
1341 1252 1454 1319 verbis
1471 1257 1590 1320 nactus
1613 1276 1692 1321 eum

358 1357 497 1446 ‚oblique
511 1380 650 1426 monere
662 1358 770 1425 voluit
785 1359 916 1427 maiora
924 1358 967 1425 de
981 1380 1096 1426 seesse
1106 1358 1291 1445 cogitanda
1305 1380 1411 1448 quam
1421 1360 1574 1427 humana
1586 1360 1693 1450 ipsius

358 1466 488 1553 species
502 1487 542 1532 ac
556 1466 671 1552 figura
682 1465 870 1554 praeferret
887 1487 895 1534 :
910 1487 964 1532 me
977 1465 1109 1534 bonum
1119 1464 1299 1555 appellans
1310 1465 1365 1531 fac
1380 1465 1572 1533 consideres
1587 1489 1691 1557 quam

358 1571 544 1639 bonitatem
565 1571 649 1638 mihi
663 1571 807 1654 tribuas,
830 1593 980 1661 quamne
999 1572 1103 1639 homo
1124 1570 1310 1661 participat
1333 1593 1379 1638 an
1401 1571 1570 1640 infinitam
1593 1572 1691 1641 illam

357 1699 426 1766 qua
440 1699 541 1745 nemo
558 1678 669 1745 bonus
683 1678 748 1745 nisi
764 1699 852 1745 unus
869 1683 956 1745 Deus
971 1677 1110 1766 (Patr.);
1127 1683 1229 1767 atque
1249 1677 1422 1745 Christum
1439 1679 1583 1747 voluisse
1595 1679 1692 1747 iuve-

357 1805 435 1850 nem
450 1784 494 1851 ad
512 1806 630 1852 veram
651 1806 730 1852 suae
753 1790 896 1851 naturae
918 1783 1316 1872 divinae-cognitionem
1333 1785 1478 1852 evehere
1498 1786 1581 1854 Bed.
1605 1786 1688 1855 Vict.

359 1888 503 1980 Tleopk.
525 1889 633 1958 Mald.
657 1892 744 1980 Lep.
765 1897 830 1958 etc.
853 1890 994 1969 docent3
1019 1889 1079 1958 alii
1101 1912 1165 1981 pro
1185 1891 1341 1958 moribus
1362 1891 1531 1979 colligunt
1553 1891 1691 1960 laudem
1824 1951 1825 1954 ,

356 2017 491 2063 omnem
504 2020 594 2087 quae
605 1997 704 2064 nobis
717 1997 888 2064 tribuatur
898 1995 944 2064 ad
958 2001 1065 2064 Deum
1077 2018 1150 2064 esse
1165 1997 1380 2064 referendam
1393 2004 1427 2065 et
1439 1998 1637 2066 vertendam
1653 1999 1690 2066 in

354 2104 412 2170 Dei
426 2103 563 2171 landem
575 2103 665 2192 (cai.
677 2104 794 2192 Iam).
804 2102 902 2182 Quod
911 2103 1060 2171 habetur
1073 2104 1187 2170 ltatth.
1203 2110 1304 2187 19,1'1
1316 2127 1323 2173 :
1337 2104 1423 2194 qnid
1433 2126 1486 2172 me
1497 2104 1691 2193 interrogas

356 2209 398 2276 de
414 2209 526 2277 bono?
538 2232 606 2277 non
618 2210 705 2278 adeo
719 2210 846 2291 differt,
867 2216 905 2276 ut
918 2211 1032 2299 primo
1049 2217 1188 2300 aspectu
1202 2210 1350 2278 videtur.
1367 2214 1452 2277 Nam
1467 2211 1691 2301 quemadmo-

356 2316 440 2383 dum
458 2317 487 2384 is
505 2317 565 2407 qui
577 2316 620 2384 de
637 2317 796 2385 doctriua
810 2315 961 2407 quadam
973 2317 1220 2404 interrogatur,
1245 2318 1281 2383 in
1300 2340 1341 2384 ea
1356 2323 1507 2385 versatus
1523 2340 1593 2386 esse
1612 2340 1690 2386 oen-

355 2429 458 2505 setur,
472 2423 523 2490 ita
536 2424 565 2490 is
578 2424 790 2491 existimatur
799 2429 833 2491 et
848 2424 973 2513 reipsa
982 2429 1125 2491 vocatur
1133 2422 1244 2490 bonus
1254 2426 1313 2513 qui
1328 2422 1371 2490 de
1386 2424 1478 2491 bono
1489 2424 1575 2491 etde
1590 2424 1689 2492 modo

356 2529 443 2597 bene
461 2529 589 2617 agendi
601 2531 848 2617 interrogatur.
870 2533 1029 2597 Ceterum
1047 2529 1127 2596 vide
1140 2528 1185 2596 ad
1199 2531 1316 2596 llatth.
1339 2536 1439 2613 19,16
1454 2553 1524 2620 seq.
1548 2608 1550 2612 Α

399 2640 581 2726 Postquam
600 2636 705 2704 fidem
726 2636 948 2704 adolescentis
971 2635 1183 2726 provocavit,
1210 2637 1279 2703 iam
1300 2638 1331 2704 ei
1361 2638 1498 2728 exponit
1519 2660 1689 2727 quaenam

266 2792 269 2800 .
354 2764 461 2832 opera
474 2744 739 2811 neoessariasint
749 2742 910 2810 advitam
924 2747 1101 2810 aeternam
1118 2743 1393 2832 consequendam
1405 2767 1435 2812 v.
1454 2752 1493 2812 19
1503 2758 1689 2835 praecepta

354 2849 463 2932 nosti;
476 2855 510 2915 et
522 2871 692 2938 quaenam
702 2849 850 2936 intelligi
870 2848 951 2916 velit
964 2848 1037 2916 soil.
1061 2848 1266 2936 decalogum
1283 2851 1448 2940 exemplis
1460 2851 1601 2940 prolatis
1615 2873 1689 2919 ma-

354 2956 490 3023 nifestat
505 2977 513 3023 :
527 2978 569 3023 ne
588 2954 775 3036 adulteres,
788 2977 831 3022 ne
850 2954 1005 3036 occides,
1023 2977 1066 3023 ne
1073 2955 1199 3042 [ureris
1213 2961 1277 3023 etc.
1295 2955 1392 3023 addit
1407 2979 1543 3046 quoque
1557 2959 1599 3046 μὴ
1614 2954 1690 3022 οἰσο-

353 3065 500 3151 στερήσῃς
514 3064 538 3131 i.
551 3085 581 3129 e.
603 3084 647 3128 ne
665 3083 874 3151 quemquam
887 3062 1013 3150 spolies
1027 3084 1065 3128 re
1078 3061 1213 3145 debita,
1227 3085 1260 3128 v.
1273 3085 1310 3149 g.
1330 3064 1504 3152 operarios
1518 3064 1687 3146 mercede,

352 3169 406 3236 vel
422 3169 611 3259 depositum
628 3167 804 3255 negando,
821 3169 873 3234 vel
882 3167 1063 3235 retinendo
1073 3167 1349 3251 commodatum
1367 3192 1436 3259 qua
1449 3192 1531 3238 voce
1546 3177 1690 3238 utuntur

354 3280 432 3342 Lxx
450 3281 507 3343 Εἰ.
529 3282 631 3358 21,1u
645 3277 689 3337 τὰ
702 3262 813 3337 δέοντα
826 3267 880 3337 καὶ
891 3272 944 3337 τὸν
961 3269 1192 3363 ἱματισμὸν-ναὶ
1214 3276 1272 3345 τὴν
1286 3270 1409 3362 ὁμιλίαν
1428 3276 1522 3350 αὐτῆς
1544 3277 1598 3340 οὐκ
1616 3275 1689 3342 ἀπο·

353 3383 492 3471 στερήσει
512 3382 621 3472 (vulg.
638 3403 709 3449 non
729 3380 884 3469 negabit)
905 3387 939 3448 et
953 3387 1050 3448 Dent.
1069 3388 1171 3463 etat
1192 3381 1245 3444 οὐκ
1265 3378 1479 3472 ἀποστερήσας
1498 3381 1600 3472 μισθόν
1618 3406 1687 3453 non

352 3489 494 3576 negabis
512 3488 723 3570 mercedem,
740 3489 872 3577 pariter
889 3487 964 3556 nal.
980 3495 1038 3568 3,5
1054 3493 1089 3555 et
1104 3489 1206 3556 Eccli.
1230 3496 1287 3570 t,1
1303 3496 1337 3556 et
1351 3497 1407 3574 31,
1425 3497 1468 3556 27
1486 3496 1519 3558 et
1532 3491 1688 3559 similiter

351 3618 432 3662 usus
443 3596 535 3662 vocis
546 3593 720 3683 colligitur
730 3600 799 3661 exl
817 3596 892 3661 Cor.
906 3601 975 3675 7,5.
990 3599 1114 3662 Vocem
1126 3617 1203 3662 eam
1217 3596 1326 3686 aliqui
1341 3602 1495 3686 spectare
1504 3599 1688 3688 opinantur

351 3702 396 3769 ad
410 3701 568 3788 decalogi
582 3707 804 3793 praeceptum
819 3722 949 3768 nonum
969 3706 1003 3768 et
1021 3700 1213 3782 decimum,
1237 3702 1298 3768 alii
1316 3701 1435 3789 colligi
1450 3725 1488 3770 ex
1506 3709 1688 3794 praecepto

350 3809 494 3898 septimo
509 3815 543 3875 et
561 3814 681 3875 octavo
700 3829 841 3898 esseque
854 3829 976 3875 eorum
998 3808 1265 3887 consectarium3
1287 3808 1333 3875 ad
1352 3808 1527 3877 hominem
1546 3810 1687 3878 divitem

351 3915 603 3982 accommodari
626 3914 794 3982 eiusmodi
821 3915 1046 3981 monitionem
1070 3919 1174 4003 patet.
1197 3914 1285 3982 Addi
1312 3920 1424 4005 potest
1450 3937 1528 3983 cum
1555 3916 1687 4009 Sekepq

349 4029 502 4110 spectare
520 4043 563 4088 ne
579 4021 705 4111 fureris
723 4020 768 4088 ad
779 4043 820 4087 ea
842 4042 931 4111 quae
947 4021 1023 4110 quis
1035 4020 1079 4087 de
1094 4021 1184 4089 facto
1201 4029 1240 4090 ut
1257 4024 1356 4089 aiunt
1369 4023 1491 4103 hahet,
1510 4025 1552 4110 μὴ
1568 4020 1695 4087 duces„

350 4128 451 4196 adea
462 4150 549 4217 qnae
566 4127 608 4194 de
624 4129 698 4194 iure
715 4128 859 4195 alicuius
877 4133 968 4194 sunt.
995 4132 1182 4219 Praecepta
1202 4128 1389 4196 recitantur
1403 4152 1492 4219 quae
1512 4129 1556 4196 ad
1570 4131 1685 4221 proxi-

350 4256 445 4301 mum
460 4234 632 4324 pertinent
640 4235 780 4301 fortasse
792 4233 872 4301 ideo
883 4234 966 4323 quia
975 4234 1013 4300 in
1030 4233 1103 4302 istis
1113 4235 1246 4302 facilius
1254 4258 1336 4302 vera
1348 4235 1564 4326 deprehendi
1573 4242 1685 4326 potest

349 4343 474 4430 pietas,
487 4362 568 4407 cum
583 4345 688 4408 lleum
707 4363 775 4407 asc
794 4340 893 4428 diligi
913 4363 954 4408 ac
971 4340 1039 4409 coli
1059 4341 1136 4431 quis
1154 4343 1293 4408 mentiri
1311 4345 1435 4430 possit,
1459 4363 1528 4410 non
1551 4344 1635 4410 item
1648 4365 1683 4411 se

349 4448 471 4516 officiis
489 4469 573 4534 erga
591 4447 676 4515 alios
693 4448 900 4515 satisfacere.
1072 4442 1077 4452 ’

394 4561 506 4623 Bonae
520 4553 745 4622 conscientiae
758 4554 991 4621 testimonium
1004 4553 1199 4622 adolescens
1208 4554 1355 4621 candide
1365 4553 1481 4644 prodit
1493 4578 1527 4623 v.
1544 4562 1587 4624 20
1599 4557 1684 4625 llaec

348 4662 465 4730 omniu
487 4661 660 4728 observavi
679 4682 701 4726 a
729 4661 902 4727 iuventute
923 4682 1016 4741 mea,
1040 4655 1234 4748 ἐφυλαξάμην
1251 4661 1345 4752 apud
1375 4664 1517 4730 Graecos
1543 4663 1683 4753 quidem

350 4769 577 4838 communiter
589 4788 725 4834 sensum
744 4767 849 4834 habet
865 4789 873 4835 :
891 4766 1014 4850 vitavi,
1035 4766 1202 4849 abstinui,
1225 4769 1311 4834 mihi
1333 4769 1423 4851 cavi;
1440 4775 1475 4835 at
1491 4769 1585 4860 apud
1603 4775 1683 4839 Lxx
1732 4783 1735 4789 '

349 4898 391 4943 ea
401 4876 514 4944 forma
521 4873 692 4965 reperitur
704 4873 740 4939 in
754 4871 1008 4959 significatione
1020 4871 1251 4956 custodiendi,
1267 4875 1474 4944 observandi
1491 4875 1583 4966 (Lev.
1602 4882 1682 4959 18,t

347 5004 417 5072 seq.
433 4988 526 5068 20,8.
542 4988 602 5065 223
614 4985 694 5063 263
708 4983 772 5047 etc.
788 4979 1332 5071 Setunz;praetereaEx.12,2t.
1349 4987 1410 5064 253
1428 4989 1544 5068 13,1o;
1563 4990 1680 5068 23,st
