3960 5654
60 440 142 543 git?
253 450 255 454 “
296 455 337 514 aa
835 467 928 521 nnnc.
954 458 981 525 r.
1005 453 1108 513 ea-aa.

296 605 387 694 quod
410 615 458 676 est
477 613 577 693 turpe
599 607 632 667 et
651 608 936 691 peccaminosum.
963 601 1054 670 Unde
1081 605 1162 672 Vict.
1182 607 1337 696 apposite
1352 604 1436 672 dicit
1449 601 1623 671 diabolum

295 716 410 781 vocari
427 708 643 781 immundum
664 720 803 803 propter
816 715 1025 805 impietatem
1046 716 1079 775 et
1097 711 1352 798 elongationem
1372 736 1392 780 a
1410 717 1475 778 [teo
1492 716 1525 775 et
1542 712 1622 799 quia

295 821 454 887 omnibus
475 815 632 905 turpibus
652 842 691 885 ac
714 822 828 910 pravis
852 819 954 885 rebus
970 815 1158 885 delectetur
1178 818 1268 908 (sim.
1292 831 1357 885 cot.
1376 842 1452 885 our.
1477 818 1503 880 Τ
1501 816 1621 904 hooplr.

294 926 428 1011 Eure).

340 1035 444 1096 Homo
455 1027 555 1096 illein
567 1036 729 1126 potestate
741 1030 918 1096 daemonis
928 1028 1150 1118 praesidentis
1160 1030 1224 1097 sihi
1234 1027 1321 1115 (Alb.
1334 1032 1433 1118 top.)
1451 1032 1624 1098 exclamo-

280 1137 343 1204 'vit
355 1135 379 1200 i.
395 1157 425 1200 e.
441 1134 586 1204 daemon
603 1140 674 1204 eius
690 1157 770 1201 voce
785 1141 818 1201 et
832 1136 952 1221 lingua
964 1136 1089 1225 potitus
1101 1143 1134 1202 et
1148 1138 1220 1203 eius
1240 1156 1359 1220 regens
1377 1138 1531 1204 membre
1545 1157 1623 1202 eum

294 1243 374 1308 feeit
391 1232 580 1311 exclamare
605 1242 659 1309 vel
684 1263 745 1330 per
769 1262 845 1306 eum
869 1240 1084 1319 exclamavit3
1106 1250 1155 1309 est
1179 1242 1268 1309 enirn
1291 1244 1483 1331 praesentia
1503 1241 1623 1310 Christi

227 1346 229 1350 ’
294 1353 503 1417 tormentum
516 1349 690 1417 daemonis
709 1345 800 1432 (Bed.
819 1346 933 1435 Lep.);
951 1375 967 1408 (ι
982 1347 1030 1413 vis
1044 1349 1230 1415 divinitatis
1247 1348 1369 1414 Christi
1386 1370 1457 1415 sese
1472 1350 1623 1439 prolerre

295 1457 404 1545 coepit
416 1457 452 1522 in
471 1458 544 1546 ipso
558 1454 739 1534 daemone,
757 1453 806 1519 ita
819 1462 856 1520 ut
868 1455 1008 1522 sentiret
1021 1478 1055 1521 se
1071 1454 1268 1544 pellendum
1279 1455 1324 1520 ah
1344 1456 1500 1535 homine,
1517 1477 1624 1544 quare

61 1596 146 1625 κ
195 1653 196 1656 ¹
213 1559 215 1562 ⁴
262 1576 264 1584 ⁴
294 1562 366 1629 eius
382 1563 610 1652 praesentiam
625 1566 658 1627 ot
678 1560 745 1625 vim
759 1582 828 1628 non
842 1562 954 1628 ferens
973 1584 1053 1651 prae
1067 1561 1171 1627 nimia
1188 1567 1319 1629 tortura
1332 1568 1366 1628 et
1385 1583 1493 1651 poena
1510 1560 1624 1628 obses-

287 1689 369 1734 ·sum
388 1668 577 1735 exclamare
599 1665 677 1734 lecit
694 1694 709 1726 »
731 1666 865 1757 (lons),
888 1667 1002 1734 dicens
1018 1690 1030 1733 .·
1046 1665 1133 1756 quid
1150 1666 1245 1733 nobis
1265 1680 1297 1733 et
1316 1667 1392 1749 tibi,
1415 1670 1491 1735 lesu
1513 1669 1624 1734 Nozo·

294 1761 374 1842 rene
385 1775 412 1840 ¹!
427 1775 580 1864 loquitur
593 1795 681 1852 unus
696 1795 758 1862 pro
773 1774 931 1840 omnibus
948 1775 1103 1840 indicans
1118 1780 1151 1839 et
1167 1774 1315 1840 sentiens
1329 1774 1498 1840 Christum
1512 1774 1623 1841 omni-

294 1881 359 1948 bus
386 1880 612 1947 daemonibus
636 1879 763 1945 bellum
792 1879 968 1959 indixisse,
1002 1901 1220 1946 communem
1251 1880 1357 1966 igitur
1386 1882 1540 1946 omnium
1567 1881 1624 1967 agi

295 2017 431 2063 oausam
451 1996 622 2081 agnoscit3
641 1996 670 2060 si
685 1993 784 2061 lectio
798 1984 922 2082 οἴδαμεν
937 2001 1022 2061 esset
1043 2000 1151 2073 certa,
1176 1994 1245 2060 dici
1267 2003 1377 2084 posset
1399 1996 1513 2084 plures
1536 1997 1570 2062 in
1584 2018 1624 2062 eo

294 2102 433 2169 homine
453 2101 553 2168 fuisse
573 2101 770 2183 daemoneS,
793 2103 842 2167 uti
864 2104 897 2167 in
918 2101 1024 2167 altero
1049 2109 1105 2180 5,9
1131 2105 1208 2168 luc.
1227 2108 1306 2183 8,30
1322 2110 1355 2167 et
1371 2103 1405 2168 in
1427 2102 1624 2188 Magdalena

65 2200 120 2220 “
211 2202 222 2290 ⁵,
295 2212 443 2290 Luc.8‚2
465 2206 611 2296 (Mold.);
629 2206 823 2295 quidnobis
838 2207 943 2273 ettibi
961 2209 983 2275 i.
1002 2230 1030 2274 e.
1054 2207 1153 2274 affert
1168 2230 1403 2288 causam,cur
1418 2231 1485 2275 non
1502 2209 1624 2275 debeat

294 2315 446 2405 expelli:
473 2336 579 2404 quam
606 2314 712 2380 habes
741 2336 875 2381 causam
904 2336 964 2380 nos
989 2314 1190 2381 infestandi?
1215 2315 1250 2380 in
1274 2315 1367 2381 nullo
1392 2322 1423 2381 te
1447 2317 1621 2394 laesimus,

295 2421 426 2489 nullam
444 2422 607 2488 iniuriam
628 2420 690 2486 tibi
709 2420 903 2502 intulimus,
922 2421 1004 2509 quid
1025 2443 1109 2508 ergo
1124 2420 1187 2486 tibi
1202 2426 1252 2487 est
1275 2421 1456 2488 adversum
1477 2423 1558 2488 nost
1576 2423 1624 2488 ita

296 2527 428 2595 Tolerus
443 2528 481 2595 in
497 2533 574 2594 Luc.
592 2533 670 2608 t,3t
686 2532 720 2594 et
731 2527 889 2593 similiter
904 2525 1010 2593 Mold.
1033 2530 1114 2617 top.
1136 2527 1219 2616 quid
1234 2528 1296 2593 tibi
1314 2529 1491 2595 nobiscum
1511 2537 1560 2594 est
1575 2529 1624 2595 rei

295 2636 598 2726 (Erasmus)?quae
610 2633 745 2700 dicendi
757 2634 903 2699 formula
916 2636 997 2700 satis
1007 2633 1166 2723 frequens
1182 2640 1231 2700 est
1241 2656 1351 2724 neque
1362 2642 1475 2701 tamen
1490 2657 1625 2725 semper

294 2747 415 2810 eodem
434 2764 544 2808 sensu.
562 2741 752 2808 Generatim
770 2762 810 2806 ea
825 2741 971 2807 formula
991 2742 1253 2820 commercium,
1272 2743 1465 2828 negotium,
1485 2763 1624 2809 consue·

294 2849 378 2916 tudo
398 2870 475 2914 cum
500 2849 607 2914 altero
629 2846 840 2937 repudiatur,
868 2847 985 2937 aliquo
1009 2847 1112 2913 modo
1136 2869 1215 2915 cum
1236 2870 1275 2913 eo
1297 2849 1542 2939 expostulatur,
1563 2871 1624 2915 our

296 2955 485 3022 molestiam
500 2954 657 3021 exhibeat
667 2953 720 3019 vel
733 2954 836 3020 etiam
852 2954 1043 3043 postulatur
1058 2961 1094 3019 ut
1105 2956 1280 3040 negotium
1296 2955 1457 3021 lacessere
1473 2954 1621 3036 desistet,

294 3083 407 3151 neque
420 3067 534 3127 tamen
550 3060 779 3150 ubiquevoces
792 3066 871 3127 sunt
882 3060 1118 3149 exprobrantis
1126 3060 1418 3147 velobiurgantis,
1430 3084 1508 3128 cum
1520 3063 1624 3128 etiam

295 3168 528 3237 adhibeantur
546 3165 682 3256 quando
697 3168 773 3255 quis
790 3166 1023 3233 obsecratione
1042 3166 1231 3256 quidquam
1253 3169 1436 3257 impetrare
1456 3168 1625 3235 desiderat

295 3276 352 3365 (ol.
377 3274 449 3342 lud.
478 3277 730 3359 11,1e.atteg.
759 3279 877 3353 16,¹o;
900 3279 1011 3354 1922.
1038 3278 1154 3358 tlteg.
1173 3279 1264 3352 9,18.
1285 3276 1398 3341 llatth.
1423 3281 1504 3354 829
1526 3274 1622 3361 etc).

296 3387 420 3450 Sensus
434 3382 548 3470 itaque
566 3402 606 3446 ex
624 3385 798 3460 contextu,
821 3401 858 3444 ex
874 3378 1126 3445 conditionibus
1138 3380 1185 3445 rei
1201 3387 1356 3446 narratae
1373 3380 1544 3447 eruendus
1557 3388 1623 3459 est;

295 3488 401 3555 semel
415 3488 516 3554 etiam
532 3485 638 3575 (toan.
654 3485 725 3571 2,t)
742 3486 928 3572 significari
941 3485 1075 3551 videtur
1091 3509 1098 3550 :
1117 3508 1224 3575 qnare
1241 3486 1324 3553 haec
1340 3509 1393 3553 res
1408 3489 1494 3553 mihi
1510 3495 1543 3554 et
1562 3487 1623 3554 tibi

287 3593 472 3681 'negotium
486 3592 743 3660 facessat‘lnihil
762 3598 877 3658 nostra
898 3593 1037 3658 interest
1056 3593 1109 3658 vel
1128 3591 1172 3658 ad
1188 3614 1249 3658 nos
1266 3616 1332 3659 non
1354 3601 1503 3683 spectet,
1520 3617 1540 3660 a
1556 3617 1624 3684 qua

269 3701 430 3774 ,notione
448 3722 518 3767 non
542 3699 686 3765 multum
709 3697 837 3765 recedit
857 3698 949 3786 quod
973 3699 1076 3764 habet
1095 3701 1185 3764 Ione
1210 3699 1325 3789 :quid
1352 3707 1401 3765 est
1425 3700 1488 3766 tibi
1512 3702 1548 3765 in
1571 3722 1624 3766 me

296 3829 433 3889 censae,
450 3814 488 3873 ut
501 3828 556 3872 me
571 3805 787 3894 interpelles?

340 3915 437 3993 Quod
450 3913 605 4002 sequitur
618 3912 740 3978 venisti
752 3910 896 4000 perdere
916 3934 994 3994 nos,
1016 3911 1143 3997 legitur
1161 3914 1403 3999 interrogative
1424 3914 1458 3979 in
1481 3915 1573 3999 vulg.
1592 3920 1625 3979 et

296 4022 344 4088 ita
361 4043 497 4111 qnoque
517 4042 556 4086 ex
575 4018 825 4086 recentioribus
842 4018 932 4108 Bisp.
952 4017 1097 4107 Schepp,
1117 4017 1307 4107 eodemque
1323 4018 1424 4085 modo
1442 4018 1626 4086 ediderunt

303 4130 408 4210 WH,
424 4128 507 4195 dum
522 4127 580 4193 alii
595 4125 716 4212 legunt
729 4126 907 4207 assertive,
930 4127 980 4191 uti
998 4148 1018 4191 a
1038 4125 1212 4214 plerisque
1227 4126 1296 4212 legi
1314 4125 1382 4191 iam
1398 4126 1502 4192 refert
1518 4111 1625 4207 lons,

297 4234 454 4324 quamvis
467 4234 539 4324 ipse
561 4234 706 4300 alterum
726 4231 863 4319 legendi
886 4231 1025 4298 modum
1049 4232 1229 4320 praeferat.
1257 4232 1443 4299 Discrimen
1458 4255 1526 4300 non
1541 4233 1628 4300 adeo

298 4362 460 4427 magnum
475 4349 534 4407 est.
549 4340 613 4408 Sed
623 4337 792 4406 cumillnd
806 4339 1012 4406 eoectomooit
1024 4340 1090 4405 iem
1100 4339 1268 4427 explicent
1279 4362 1317 4404 ex
1326 4345 1458 4406 tortura
1468 4350 1501 4406 et
1516 4362 1625 4430 poena

330 4559 351 4604 t.
363 4553 457 4603 Dicunt
467 4553 546 4618 aliqui
565 4553 694 4616 proprium
706 4565 761 4602 esse
773 4553 857 4601 llarco
868 4549 952 4601 dicere
965 4553 1114 4616 Ναζαρηνὸν.
1132 4550 1179 4600 Sed
1193 4551 1251 4599 sine
1268 4551 1377 4602 lectione
1391 4553 1515 4610 variante,
1532 4552 1573 4600 hic
1587 4565 1625 4601 so-

298 4633 466 4697 lumlegitur3
477 4633 540 4683 alias
554 4637 623 4689 10.47
633 4638 659 4683 et
676 4637 744 4692 tter
756 4637 781 4682 et
797 4639 851 4689 tao
865 4633 925 4682 haec
938 4631 1011 4681 tectio
1024 4631 1128 4694 quidem
1140 4633 1300 4680 communior
1308 4638 1357 4690 est,
1370 4636 1484 4682 attanren
1494 4636 1628 4698 ναζωραῐος

296 4728 399 4782 quoque
415 4718 463 4765 etc.
479 4713 607 4763 scribitur.
629 4714 733 4775 Legitur
748 4727 852 4776 qnoque
867 4715 925 4761 Luc.
949 4716 1011 4770 hat,
1027 4725 1107 4775 quare
1130 4711 1218 4761 volunt
1235 4715 1328 4762 Lucam
1346 4713 1410 4762 hanc
1431 4711 1537 4762 formam
1561 4714 1623 4762 hau·

295 4796 361 4847 sisse
373 4809 388 4844 a
402 4797 499 4852 Marem
512 4793 582 4853 alibi,
594 4797 621 4842 ut
638 4796 698 4844 Luc.
715 4798 783 4853 1837
796 4801 821 4843 et
833 4797 906 4856 24,19
920 4795 1050 4857 ναζαρηνὸς
1063 4791 1173 4842 hahetur
1188 4797 1217 4841 ut
1232 4793 1307 4844 lectio
1320 4793 1430 4844 varians.
1447 4794 1520 4858 Apud
1533 4794 1624 4845 uarat.

298 4879 364 4927 toan.
374 4880 400 4927 et
410 4876 436 4926 ia
451 4877 506 4925 Act.
523 4872 632 4924 habetur
643 4880 789 4925 constanter
803 4880 941 4938 ναζωριῑος.
