3960 5654
161 498 221 559 304
683 516 773 562 nnnc.
799 504 847 572 ll,
871 497 974 557 2426.

162 649 362 716 innotescat.
388 649 544 712 Ceterum
569 648 619 714 uti
641 650 774 739 reliqua
794 650 851 715 Dei
871 648 979 724 dona,
996 649 1044 714 ita
1065 649 1148 714 haec
1163 669 1298 738 quoque
1319 648 1402 714 fides
1424 669 1493 735 qua

162 755 356 846 impetratio
371 751 464 840 apud
487 759 590 821 Deum
604 757 640 822 in
659 764 730 822 tuto
743 755 929 823 collocatur
944 753 1166 841 efflagitanda
1181 761 1231 819 est
1249 757 1404 821 oratione
1423 753 1492 818 ser-

162 863 254 929 venti
269 864 371 946 atque
391 871 632 946 perseverante
648 873 681 930 et
694 860 877 929 dicendum
897 881 974 925 cum
989 861 1049 927 illo
1062 867 1158 949 patre
1178 862 1350 943 :Domine²
1367 859 1493 926 adiuva

161 965 435 1034 incredulitatem
451 989 564 1035 meam
589 970 703 1053 (933).

205 1078 249 1139 Ex
275 1073 316 1137 iis
337 1094 424 1160 quae
447 1076 671 1163 requiruntur
687 1080 725 1140 ut
741 1073 848 1137 oratio
872 1078 937 1140 Deo
957 1073 1079 1140 evadat
1098 1077 1236 1159 accepta
1254 1094 1359 1139 unum
1380 1074 1495 1140 adhue

160 1178 329 1264 singulari
351 1182 482 1247 ratione
505 1188 621 1247 monet
639 1204 671 1244 v.
698 1186 740 1245 25
765 1191 797 1244 et
817 1201 895 1247 eum
913 1179 1048 1246 stabitis
1068 1177 1116 1244 ad
1140 1177 1327 1259 orandum,
1353 1187 1494 1247 monent

160 1284 300 1352 ludaeos
315 1286 518 1376 plerumque
533 1289 663 1352 stetisse
679 1285 762 1350 dum
780 1293 919 1353 orarent
934 1285 992 1373 (cl.
1008 1284 1121 1350 llatth.
1139 1292 1195 1366 6,5
1211 1291 1245 1349 et
1262 1292 1277 1350 1
1297 1288 1380 1372 Reg.
1398 1292 1493 1368 ¹22⁶}

161 1399 180 1459 3
196 1396 278 1478 Reg.
294 1399 386 1474 822.
405 1398 483 1459 Luc.
502 1399 615 1474 18‚11.
634 1393 700 1477 13),
718 1391 775 1457 sed
792 1393 894 1458 etiam
909 1391 1054 1457 orabant
1067 1390 1213 1477 genibus
1233 1391 1408 1457 interram
1424 1391 1498 1459 lixis

159 1502 279 1586 3Reg.
294 1505 387 1580 8‚5t.
405 1505 425 1563 2
443 1503 515 1565 Par.
533 1505 626 1578 atu.
645 1496 739 1564 Esdr.
760 1504 830 1578 9,5,
849 1504 931 1565 Dan.
953 1503 1044 1576 6,10.
1059 1503 1130 1563 Act.
1149 1504 1241 1579 atu,
1257 1498 1306 1564 uti
1320 1498 1392 1586 ipse
1408 1503 1497 1565 lesus

160 1608 272 1672 oravit
286 1607 321 1672 in
337 1606 435 1670 horto
451 1610 529 1672 Luc.
549 1611 666 1685 ml,
685 1605 854 1670 ueletiam
870 1625 1011 1693 corpore
1030 1604 1209 1670 interram
1229 1610 1396 1693 prostrato
1411 1609 1492 1672 Gen.

160 1718 276 1794 Mb,
295 1712 379 1778 Neh.
394 1715 464 1793 8,6,
483 1710 598 1777 Iudith
612 1717 682 1790 9,1,
697 1718 799 1798 prout
813 1711 965 1777 Christus
978 1732 1121 1799 quoque
1136 1717 1293 1798 precatus
1315 1717 1364 1776 est
1379 1711 1493 1776 llatth.

161 1833 276 1907 2639.
302 1827 443 1914 Saepius
465 1825 652 1892 adhibetur
668 1831 778 1892 στῆναι
795 1831 858 1891 etc.
885 1826 921 1891 in
942 1824 1191 1911 significatione
1214 1845 1280 1890 non
1296 1831 1365 1891 tam
1384 1825 1496 1892 standi

160 1943 219 2010 sed
239 1943 352 2032 potius
370 1946 425 2002 τοῦ
445 1963 515 2006 esse
535 1964 567 2006 v.
583 1962 618 2026 g.
642 1943 859 2021 lcor.·1‚37‚
880 1938 964 2029 Eph.
989 1945 1080 2021 art,
1096 1940 1165 2005 Col.
1189 1943 1268 2020 ¹⁸‚st
1290 1944 1368 2018 etc.;
1390 1962 1496 2029 quare

162 2057 247 2124 mihi
263 2056 399 2122 videtur
413 2055 503 2122 idem
520 2055 585 2121 hoc
596 2057 740 2144 locopro
758 2054 878 2124 στήκειν
895 2054 1000 2121 verbo
1011 2060 1156 2140 cognato
1171 2076 1241 2121 esse
1256 2054 1497 2121 assumendum

160 2185 270 2252 neque
286 2162 356 2228 vim
372 2160 571 2252 ponendam
592 2162 626 2226 in
650 2161 780 2227 stabitis
794 2183 907 2250 neque
928 2160 964 2226 id
978 2160 1137 2250 pluribus
1158 2160 1425 2242 discutiendum;
1446 2160 1497 2227 di-

159 2269 281 2337 mittite
296 2269 326 2334 si
338 2267 425 2357 quid
434 2267 566 2335 habetis
579 2267 740 2334 aduersus
755 2268 925 2356 aliquem,
940 2279 978 2332 ut
990 2283 1022 2333 et
1039 2269 1141 2332 Pater
1155 2279 1262 2333 cester
1273 2267 1334 2356 qui
1347 2267 1383 2333 in
1398 2266 1498 2333 coelis

158 2388 208 2444 est
223 2375 375 2442 dimittat
389 2373 481 2441 vobis
497 2387 641 2463 peccata
654 2387 785 2457 uestra·
800 2396 861 2440 cur
879 2396 919 2440 ex
934 2373 1095 2439 omnibus
1110 2395 1199 2461 quae
1216 2373 1260 2439 ad
1274 2373 1402 2439 bonam
1418 2396 1497 2440 ora·

159 2485 284 2550 tionem
308 2483 533 2571 requiruntur
553 2480 589 2546 id
616 2503 722 2547 unum
744 2479 909 2570 peculiari
931 2479 1030 2546 modo
1049 2479 1199 2545 inculcet
1218 2480 1386 2559 Christus,
1408 2482 1496 2546 ratio

159 2591 225 2657 erit
234 2589 354 2656 eadem
368 2610 435 2677 qua
447 2592 558 2654 motus
569 2610 608 2653 ex
619 2587 1007 2676 omnibuspetitionibus
1018 2586 1182 2652 orationis
1192 2585 1383 2653 dominicae
1391 2608 1496 2675 quam

161 2717 321 2763 vocamus
346 2716 451 2761 unam
475 2695 568 2760 illam
592 2694 750 2783 pluribus
768 2693 933 2783 explicuit
952 2694 988 2758 in
1002 2714 1070 2782 qua
1090 2692 1260 2760 dicimus:
1280 2692 1367 2759 sicut
1381 2700 1414 2759 et
1435 2715 1497 2759 nos

161 2800 366 2868 dimittimus
380 2801 494 2867 Matth.
514 2807 607 2880 stt.
627 2808 685 2882 153
701 2800 847 2866 ostendit
860 2800 932 2866 scil,
950 2799 1037 2865 hanc
1054 2798 1160 2865 animi
1175 2798 1433 2888 dispositionem
1448 2802 1496 2865 uti

160 2909 301 2975 omnino
321 2913 371 2972 est
390 2908 598 2987 necessaria,
620 2908 669 2973 ita
686 2907 814 2973 homini
840 2927 911 2972 esse
932 2907 1014 2972 satis
1033 2904 1225 2985 difficilem,
1243 2928 1362 2972 verum
1385 2907 1498 2972 sibiet

162 3014 252 3081 Patri
268 3013 407 3080 coelesti
422 3013 522 3106 valde
536 3018 728 3101 acceptam,
746 3014 793 3079 ita
808 3012 948 3102 quidem
968 3017 1006 3078 ut
1024 3011 1215 3078 contrarius
1236 3012 1374 3079 allectus
1391 3035 1495 3100 quam

161 3120 306 3187 maxime
331 3119 441 3186 obstet
467 3120 587 3185 veniae
608 3141 628 3183 a
653 3124 718 3185 Deo
740 3118 975 3207 impetrandae
991 3118 1048 3206 (cl.
1073 3121 1264 3184 Comment.
1289 3120 1402 3185 llattb.
1427 3122 1493 3207 lp.

156 3227 253 3315 271);
274 3249 306 3292 v.
330 3233 369 3293 26
386 3224 578 3314 qrcodsr'uos
600 3247 668 3290 non
692 3225 902 3303 dimiseritis,
926 3247 987 3290 nec
1009 3227 1110 3290 Pater
1131 3237 1238 3291 vester
1256 3225 1319 3313 qui
1340 3225 1375 3290 in
1396 3224 1498 3291 coelis

159 3344 209 3400 est
225 3331 373 3398 dimittet
389 3330 483 3397 uobis
501 3344 646 3420 peccata
662 3343 791 3413 uestra·
805 3331 883 3396 vide
900 3331 975 3397 lect.
993 3349 1080 3408 var.;
1101 3353 1170 3419 qua
1189 3333 1358 3398 sententia
1372 3337 1406 3397 et
1422 3353 1495 3397 mo-

161 3439 289 3505 nitione
318 3438 459 3504 additur
480 3435 616 3525 pondus
638 3437 896 3522 gravissimum,
920 3445 959 3502 ut
984 3436 1077 3502 omni
1100 3444 1221 3503 conatu
1248 3437 1349 3503 etiam
1371 3437 1498 3504 levissi-

162 3567 253 3612 mam
267 3542 439 3610 vindictae
452 3542 676 3633 cupiditatem
694 3544 848 3631 iramque
864 3543 901 3608 in
919 3543 1040 3609 fratres
1054 3543 1230 3609 exanimis
1248 3566 1493 3610 removeamus.

201 3740 269 3811 Ouo
287 3757 370 3800 nexu
391 3740 469 3799 istae
489 3739 668 3799 sententiae
688 3738 903 3817 adiungantur
921 3739 1108 3816 disceptant.
1130 3739 1259 3800 Nullum
1279 3741 1495 3816 quaerendum

161 3855 232 3899 esse
247 3855 365 3898 nexum
379 3835 495 3916 Sclrepp
511 3840 634 3908 censet;
655 3853 764 3896 verum
780 3837 938 3897 eiusmodi
954 3838 1126 3898 sententias
1140 3855 1158 3897 a
1171 3839 1242 3897 lesu
1258 3838 1334 3897 etin
1349 3839 1496 3898 cateche-

162 3937 251 3997 sibus
271 3953 365 4012 saepe
384 3953 453 3994 esse
475 3935 640 4011 repetitas,
663 3934 745 3994 unde
767 3936 908 3995 evenerit
929 3939 964 3995 ut
987 3936 1053 3994 sine
1075 3940 1159 3995 certa
1182 3935 1256 3995 sede
1279 3937 1370 4012 quasi
1396 3936 1496 3996 stellis

162 4035 340 4094 errantibus
359 4032 617 4092 adnumerandae
637 4037 752 4091 essent.
779 4031 838 4092 Sed
864 4034 922 4093 etsi
946 4034 977 4091 in
997 4033 1214 4093 catechesibus
1237 4033 1401 4093 occasione
1426 4034 1498 4093 data

161 4148 255 4210 saepe
275 4131 522 4198 inculcabantur‚
538 4129 679 4189 nondum
696 4131 841 4207 sequitur
856 4131 950 4190 etiam
969 4131 1000 4190 in
1016 4131 1096 4190 libro
1115 4132 1232 4208 scripto
1248 4132 1287 4191 ab
1303 4132 1498 4210 evangelista

162 4231 205 4289 ibi
221 4247 292 4290 esse
312 4229 444 4298 inserta,
460 4229 514 4287 ubi
536 4228 722 4304 neutiquam
743 4245 814 4287 curn
839 4228 1103 4289 antecedentibus
1123 4227 1312 4289 cohaereant
1334 4246 1437 4306 neque
1459 4229 1497 4289 ad

161 4327 216 4387 illa
235 4327 421 4387 illustranda
439 4326 488 4386 vel
504 4324 719 4385 confirmanda
738 4325 863 4385 faciant.
889 4327 1054 4404 Perperam
1074 4343 1202 4404 quoque
1223 4327 1275 4385 alii
1295 4327 1406 4386 dicunt
1421 4326 1500 4386 baec

161 4424 236 4484 addi
253 4442 292 4483 ne
311 4426 384 4501 quis
401 4442 438 4484 cx
454 4424 677 4484 maledictione
695 4422 772 4483 licus
788 4424 865 4483 salso
881 4425 1050 4484 concludat
1067 4425 1192 4483 veniam
1207 4423 1338 4484 concedi
1357 4442 1375 4483 a
1391 4426 1454 4483 Deo
1471 4426 1498 4484 ci

162 4522 215 4599 qui
237 4521 328 4581 alteri
350 4522 551 4582 maledixerit
568 4519 664 4599 (Keil,
692 4520 808 4593 Weiss).
827 4522 943 4582 Verum
964 4523 1013 4582 cui
1035 4521 1107 4580 talis
1124 4521 1287 4581 conclusio
1307 4523 1339 4581 in
1359 4528 1498 4581 mentem

163 4619 271 4679 venire
294 4626 403 4697 posset
422 4626 495 4697 post
515 4622 587 4688 utu
603 4624 635 4679 ct
657 4618 763 4678 llatth.
783 4621 952 4688 enimet
969 4620 1191 4690 arretium
1209 4621 1299 4698 seq.?
1314 4621 1500 4698 Assignalur

164 4717 270 4793 itaque
293 4717 436 4778 conditio
456 4719 615 4795 quaedam
640 4717 815 4777 neccssaria
837 4721 873 4776 ut
892 4718 993 4777 oratio
1014 4719 1078 4777 Deo
1102 4717 1203 4795 possit
1223 4725 1352 4796 accepta
1376 4737 1444 4778 esse
1468 4724 1498 4777 ct

165 4813 309 4873 exaudiri
327 4812 477 4894 (Theoplr.
495 4813 644 4892 Scirone),
663 4816 710 4875 vel
728 4814 829 4875 otalii
845 4814 950 4875 dicere
971 4815 1114 4875 malunt:
1132 4814 1277 4876 hortatur
1294 4816 1434 4877 Christus
1447 4833 1501 4876 eos

166 4911 221 4988 qui
236 4911 359 4989 aliquid
378 4913 480 4971 Deum
499 4920 624 4990 rogant,
643 4920 756 4974 utnon
773 4913 867 4972 modo
885 4912 1017 4973 credant
1033 4932 1065 4974 se
1082 4914 1166 4992 quod
1182 4920 1292 4994 rogant
1306 4921 1499 4980 exoraturos
