3960 5654
970 377 1062 420 uine.
1087 358 1136 426 15,
1160 358 1268 418 25-28.
1733 360 1790 420 115

498 513 603 575 Causa
619 507 778 595 supplicii
803 506 932 573 solebat
955 507 1117 586 indicari3
1146 529 1252 596 quare
1272 528 1304 572 v.
1327 512 1370 571 2ss
1390 517 1423 570 et
1442 520 1517 572 crat
1536 507 1654 574 titulus
1668 528 1790 574 carnae

453 617 523 681 aias
543 613 796 701 inscriptiones
811 613 1036 694 Iudaeorum
1051 619 1088 678 ut
1110 617 1252 679 loannes
1273 616 1408 691 narrat,
1428 611 1653 679 exhibebatur
1672 614 1790 681 titulus
1846 699 1848 703 ,

453 721 630 800 hebraico,
649 743 791 807 graece,
810 718 931 795 latine:
954 719 1046 809 apud
1068 724 1214 786 ltarcum
1235 719 1271 782 in
1291 717 1387 783 brevi
1405 718 1469 784 hac
1486 719 1633 784 formula
1647 721 1790 811 inscrip

451 827 499 893 tio
519 827 621 892 latina
650 830 748 895 nobis
772 829 900 893 servari
921 827 1066 892 videtur.
1095 832 1139 892 [te
1161 847 1221 891 usu
1243 823 1333 890 tituli
1361 823 1440 890 vide
1465 825 1662 891 Suetonium
1682 827 1787 913 Calig.

451 942 493 1002 32
508 940 541 999 et
561 935 742 1001 Domitian.
762 941 801 999 10
823 935 907 1001 haec
926 933 1030 1000 habet
1048 955 1055 998 :
1079 964 1093 994 «
1110 939 1243 1022 patrem
1260 929 1408 997 familias
1423 932 1516 1020 quod
1530 933 1695 998 Threccm
1711 933 1790 999 mir-

451 1039 581 1105 milloni
602 1065 739 1130 parem,
761 1043 958 1108 munerario
974 1040 1145 1127 imparem
1163 1038 1311 1118 dixerat,
1329 1038 1521 1104 detractum
1539 1061 1578 1103 cx
1590 1038 1789 1128 spectaculis

451 1146 486 1210 in
510 1168 648 1214 arenam
670 1147 812 1214 canibus
829 1148 953 1214 obiecit
978 1167 1057 1211 cum
1082 1147 1148 1211 hoc
1173 1145 1270 1210 titulo
1295 1167 1302 1212 :
1323 1144 1430 1233 impie
1458 1145 1589 1211 locutus
1613 1145 1788 1234 parmula-

450 1251 520 1317 rius
537 1283 571 1335 »,
596 1255 637 1320 iis
654 1255 726 1321 scil.
750 1254 862 1320 verbis
882 1252 1049 1320 iudicium
1071 1251 1256 1318 Domitiani
1276 1257 1461 1338 carpserat.
1479 1251 1652 1336 Singulari
1672 1254 1787 1341 provi-

449 1359 565 1426 dentia
586 1361 642 1426 uei
657 1361 783 1426 lactum
799 1367 859 1443 est,
875 1367 913 1426 ut
925 1358 1076 1444 dignitas
1089 1364 1164 1425 lesu
1180 1357 1347 1423 messiane
1363 1359 1398 1423 in
1412 1358 1485 1446 ipso
1500 1359 1609 1423 crucis
1618 1360 1786 1448 supplicio

443 1468 727 1540 ·annuntiaretur;
755 1488 833 1532 nam
863 1489 902 1533 ex
930 1473 1084 1554 tempore
1109 1486 1178 1553 quo
1204 1463 1354 1530 concidit
1375 1463 1637 1530 tabernaculum
1663 1465 1785 1546 David,

449 1572 562 1638 iudaei
579 1595 618 1638 ex
629 1573 788 1638 vaticinio
803 1571 987 1639 Ezechielis
997 1572 1104 1637 alium
1119 1592 1237 1657 regern
1252 1570 1322 1636 iam
1338 1592 1408 1636 non
1425 1576 1583 1659 poterant
1594 1577 1787 1659 exspectare

447 1679 511 1743 nisi
535 1700 650 1765 regem
671 1679 836 1757 Messium,
858 1678 939 1767 quia
956 1699 1085 1744 corona
1103 1678 1199 1762 regia
1218 1699 1239 1742 a
1259 1681 1326 1743 Deo
1349 1677 1493 1765 ponitur
1511 1678 1657 1756 eversio,
1679 1677 1787 1746 donec

447 1783 562 1849 veniat
577 1784 634 1873 qui
655 1786 727 1850 eius
740 1787 792 1851 ius
808 1785 957 1851 habetet
973 1786 1027 1850 cui
1042 1787 1129 1849 Deus
1145 1782 1242 1849 illam
1256 1789 1304 1849 est
1318 1781 1462 1849 daturus
1481 1785 1605 1867 (2131.
1628 1790 1670 1850 32
1685 1784 1784 1853 hebr.

447 1890 489 1956 cf.
509 1913 620 1956 meum
636 1896 824 1957 Comment.
847 1891 880 1957 in
896 1896 951 1958 Ez.
966 1913 1000 1980 p.
1019 1897 1084 1958 215
1101 1889 1205 1979 seq.),
1228 1911 1335 1978 quare
1360 1889 1404 1955 ab
1430 1889 1552 1976 angelo
1573 1912 1709 1980 quoque
1723 1914 1787 1958 an-

447 1999 625 2062 nuntiatur
646 2007 821 2085 tamquam
845 1998 873 2063 is
904 1997 960 2063 cui
989 1996 1150 2063 [lominus
1176 1996 1318 2063 daturus
1342 1997 1386 2061 sit
1405 1996 1520 2062 sedem
1535 1988 1665 2084 (θρόνον)
1680 1997 1784 2064 David

446 2105 553 2192 patris
569 2106 641 2170 cius
656 2103 750 2193 (Luc.
770 2105 876 2191 1,3·2).
968 2169 970 2174 .

491 2213 576 2275 Crux
596 2218 668 2276 crat
687 2233 796 2300 poena
816 2210 989 2277 latronum
1007 2234 1039 2276 v.
1060 2216 1102 2275 27
1119 2222 1151 2276 et
1171 2232 1248 2275 cum
1265 2232 1303 2276 eo
1319 2208 1526 2300 crucifigant
1538 2210 1622 2277 daos
1637 2211 1785 2278 latrones

447 2338 552 2381 acrium
577 2339 598 2381 a
630 2315 755 2383 (icastris
778 2330 811 2383 et
838 2317 948 2384 alium
975 2339 997 2384 α
1020 2317 1163 2383 sinistris
1189 2315 1282 2399 eius;
1310 2315 1496 2403 diligenter
1524 2318 1590 2383 hoc
1620 2317 1784 2386 adnotant

445 2425 559 2489 tlatth.
584 2429 697 2502 2738.
719 2430 797 2491 Luc.
820 2431 934 2506 2333.
963 2429 1051 2490 toan.
1078 2429 1179 2504 19,18
1195 2444 1334 2511 quoque
1353 2422 1523 2509 singulari
1539 2422 1639 2489 modo
1658 2423 1781 2492 alieri:

446 2529 596 2595 medium
622 2538 735 2596 autem
762 2535 880 2597 lesum.
908 2536 955 2596 lta
976 2531 1125 2596 maxima
1144 2529 1335 2615 ignominia
1353 2529 1570 2595 afficiebatur
1593 2535 1680 2597 lesus
1698 2535 1784 2597 tam·

445 2658 549 2724 quam
565 2638 624 2725 qui
643 2643 729 2702 esset
744 2639 897 2703 omnium
917 2636 1192 2716 scelestissimus3
1211 2659 1242 2701 v.
1265 2641 1308 2702 28
1324 2649 1358 2701 et
1380 2635 1521 2725 impleta
1536 2648 1584 2702 est
1602 2637 1782 2727 Scriptura

444 2765 531 2832 quac
556 2742 665 2808 dicit:
685 2756 717 2810 et
741 2766 819 2809 cum
843 2743 970 2833 iniquis
990 2755 1168 2832 reputatus
1192 2754 1259 2823 est,·
1278 2743 1321 2807 cl.
1351 2747 1390 2808 ls.
1417 2749 1532 2822 53‚12.
1561 2746 1643 2810 Luc.
1660 2749 1778 2826 22‚3't;

444 2856 594 2916 ceterum
618 2849 695 2915 vide
714 2851 791 2918 lect.
817 2871 906 2921 var:
927 2872 1005 2916 cum
1034 2850 1070 2915 in
1093 2849 1347 2938 antiquioribus
1374 2849 1548 2915 codicibus
1572 2850 1656 2915 haec
1678 2849 1782 2916 verba

444 2977 512 3022 non
533 2956 691 3043 legantur
713 2963 746 3023 et
771 2980 849 3024 cum
874 2962 1000 3023 llarcus
1024 2957 1107 3022 alias
1132 2978 1270 3046 quoque
1289 2956 1451 3022 vaticinia
1471 2978 1539 3021 non
1560 2957 1695 3036 afferat,
1717 2957 1782 3023 nisi

445 3069 545 3144 1301
565 3069 742 3151 praeterea
756 3063 855 3130 lacile
874 3064 1064 3153 explicetur
1078 3086 1140 3128 cur
1160 3062 1244 3128 haec
1263 3063 1368 3128 rerba
1387 3062 1503 3128 addita
1521 3064 1588 3128 sint
1614 3085 1652 3129 ex
1675 3068 1777 3141 Luca,

443 3168 582 3235 dilsrcilc
599 3192 677 3235 vcro
693 3192 754 3235 cur
772 3170 804 3234 in
825 3170 1024 3236 melioribus
1038 3176 1072 3235 ct
1087 3169 1339 3257 antiquioribus
1354 3168 1530 3253 codicibus
1548 3170 1687 3249 omissa,
1709 3169 1780 3260 ple-

443 3275 540 3364 rique
556 3299 687 3342 vcrsuru
709 3276 800 3342 hunc
817 3278 970 3342 referunt
986 3276 1031 3342 ad
1052 3274 1367 3364 interpolationem.
1390 3279 1474 3340 Eum
1490 3274 1642 3343 defendit
1662 3277 1726 3343 Fil.

483 3511 521 3570 Ut
539 3508 710 3568 discrimen
729 3508 806 3568 illud
826 3509 1000 3585 explicetur
1018 3509 1066 3568 vel
1088 3513 1289 3568 removeatur
1308 3507 1393 3584 quod
1411 3507 1546 3568 habetur
1565 3509 1647 3568 inter
1670 3509 1778 3570 horam

443 3608 571 3666 tertiam
587 3607 680 3666 Marci
703 3605 861 3666 ethoram
880 3607 944 3666 sere
965 3612 1086 3666 sextam
1110 3607 1249 3678 loannis,
1267 3607 1355 3665 varia
1375 3607 1550 3685 excogitata
1570 3613 1602 3666 et
1616 3608 1780 3685 proposita

442 3711 526 3765 sunt.
545 3706 644 3764 Unum
661 3704 724 3763 iam
740 3705 990 3763 commemoravi
1013 3705 1044 3762 in
1066 3705 1138 3763 lect.
1160 3721 1235 3775 var„
1253 3721 1365 3764 eorum
1383 3703 1450 3764 scit.
1469 3704 1523 3780 qui
1539 3704 1625 3782 apud
1642 3707 1777 3766 Marcum

440 3803 597 3879 corrigere
614 3802 710 3861 velint
728 3801 839 3862 horam
859 3807 996 3873 sextam;
1015 3818 1083 3860 esse
1102 3803 1258 3878 scripturn
1277 3818 1335 3878 per
1354 3818 1496 3861 errorem
1512 3802 1533 3860 Γ
1548 3819 1604 3879 pro
1616 3804 1652 3873 E;
1666 3819 1778 3863 verum

441 3916 478 3959 cx
493 3900 678 3959 {auctoritate
701 3899 851 3960 codicum
868 3906 899 3959 et
918 3900 1098 3960 versionum
1120 3904 1209 3958 tanta
1224 3905 1256 3959 et
1272 3905 1335 3958 tam
1352 3898 1503 3959 concordi
1525 3899 1556 3959 id
1574 3901 1640 3960 tieri
1654 3901 1775 3978 nequit.

440 3995 499 4055 Alii
516 4013 656 4056 errorem
673 4002 840 4057 assumunt
856 3998 1033 4057 scribarum
1050 3997 1083 4055 in
1099 3997 1265 4075 cvangelio
1280 3997 1406 4056 loannis
1422 3997 1466 4056 ita
1479 4005 1513 4057 ut.
1529 3997 1697 4076 legendum
1711 3998 1775 4059 sit:

440 4095 516 4154 hora
538 4097 601 4154 t'cre
623 4095 724 4153 tertia.
747 4096 829 4155 Haec
848 4096 959 4172 utique
982 4095 1144 4154 sententia
1164 4112 1225 4155 non
1246 4100 1331 4154 caret
1353 4095 1543 4155 testimoniis
1560 4096 1717 4172 antiquis;
1736 4097 1778 4156 ita

438 4215 513 4271 τριτη
533 4194 685 4270 praebent
706 4193 772 4253 sui)
785 4193 869 4251 [ΚΔ
886 4197 934 4252 7³2.
954 4194 1004 4253 88.
1031 4195 1105 4265 151,
1127 4194 1207 4252 etin
1230 4193 1386 4254 Chronico
1405 4193 1544 4269 paschali
1565 4193 1716 4252 asseritur
1735 4193 1777 4254 ita

439 4293 588 4369 [iraellet'e
608 4290 642 4348 cli
656 4288 754 4369 ἀκριὸῆ
771 4288 878 4367 Erilis,
897 4292 996 4351 inimo
1014 4290 1078 4348 αὐτὸ
1093 4289 1123 4348 τὸ
1139 4290 1277 4369 ἰδιόχειρον
1297 4295 1342 4346 τοῦ
1362 4291 1546 4366 εὐαγγελιστοῦ
1567 4289 1654 4367 quod
1675 4293 1777 4369 gratia

439 4390 495 4448 llci
518 4407 616 4466 usquc
642 4406 727 4448 nunc
754 4395 932 4449 assersetur
963 4390 992 4449 in
1018 4389 1221 4448 sanctissima
1243 4389 1378 4449 ecclesia
1398 4388 1608 4466 Ephesiorum
1633 4388 1777 4466 ibiquea

440 4487 587 4547 fidelihus
612 4487 788 4547 honoretur
811 4485 861 4562 (cl.
888 4484 930 4546 n.
951 4489 1001 4555 92,
1032 4487 1116 4564 533).
1144 4489 1203 4546 Pro
1224 4485 1337 4546 eadem
1361 4487 1497 4547 tectione
1520 4486 1647 4546 Severus
1672 4487 1776 4547 antio·

438 4587 558 4646 chenus
582 4587 613 4644 iu
633 4585 768 4663 epistola
786 4584 825 4644 ad
849 4584 1003 4644 'thomam
1024 4587 1214 4662 episcopum
1237 4586 1456 4644 Gcrrnaniciae
1478 4584 1584 4644 laudat
1604 4585 1775 4645 Eusebium

438 4685 493 4762 qui
519 4686 548 4743 iu
576 4683 875 4762 interrogationibus
901 4689 931 4742 ct
955 4684 1172 4743 solutionibus
1200 4684 1238 4743 ad
1263 4685 1420 4744 llarinum
1445 4683 1521 4742 dicit
1543 4701 1683 4744 errorem
1707 4700 1775 4743 esse

439 4784 621 4862 scriptionis
635 4783 841 4844 commissum
858 4782 895 4842 ab
911 4783 1060 4843 omnibus
1075 4783 1132 4860 qui
1146 4783 1185 4842 ab
1201 4783 1291 4842 initio
1307 4782 1471 4859 evangelia
1487 4781 1774 4859 transscripserint3
