3960 5654
154 481 212 543 {72
348 570 351 575 Ι
718 498 809 544 uano.
833 480 861 551 6,
880 478 929 536 21.
984 445 986 448 ¹

152 637 260 689 rodiadi
275 652 310 689 ox
324 637 415 700 priore
429 633 570 684 oonnubio
584 634 671 688 tuisse
694 635 795 694 liliam,
814 630 926 684 salome
948 634 1070 683 nomine.
1090 628 1247 682 Secundum
1262 628 1414 682 Guircimid
1435 633 1481 693 qui

151 729 181 777 ln
195 730 318 778 rationes
332 723 465 785 temporis
486 735 559 785 quae
579 726 674 787 colligi
696 725 813 789 possunt
836 733 871 770 ex
894 717 1012 782 iosepho
1027 721 1179 784 diligenter
1193 719 1351 783 inquisivit.
1369 717 1482 768 Salome

151 821 219 868 nata
231 828 294 866 esse
307 811 415 860 videtur
429 823 504 861 anno
524 813 555 864 10
575 829 603 878 p.
621 814 672 865 Cb.
691 812 734 879 (el.
753 813 877 867 Sriirer,
900 806 1066 859 Gescbichte
1086 809 1135 858 des
1153 805 1299 870 iridisolren
1321 806 1427 858 Vollres
1443 806 1481 855 im

152 905 281 954 Zeitaiter
297 900 318 949 Ι.
335 899 402 950 Chr.
419 899 434 949 l
450 900 495 950 ed.
512 901 523 951 1
540 917 567 966 p.
583 903 654 967 367).

188 990 281 1052 Aliqui
296 988 544 1052 explicantpevieu
558 1005 585 1040 ν.
600 990 631 1040 il
648 1003 703 1039 non
718 990 753 1039 do
768 989 812 1038 die
828 984 927 1043 natali,
939 985 987 1036 sed
1003 987 1037 1037 de
1048 987 1092 1036 dle
1106 996 1163 1049 quo
1175 984 1320 1048 imperium
1333 988 1369 1036 sit
1382 996 1481 1049 capes·

151 1082 243 1131 situm.
261 1079 296 1126 at
307 1078 453 1129 immerito.
470 1080 546 1129 llaec
558 1079 633 1128 enlm
648 1077 816 1141 significatio
828 1073 901 1137 apud
913 1073 1034 1125 Graecos
1050 1087 1105 1124 non
1118 1073 1254 1135 reperitur
1264 1086 1355 1138 neque
1366 1087 1402 1124 ex
1416 1072 1481 1123 rab-

149 1167 225 1217 binis
239 1166 347 1216 ostendi
362 1171 462 1230 potest.
478 1168 635 1218 Provoeant
650 1166 846 1216 adtractatum
866 1164 1048 1214 misobnioum
1065 1161 1162 1213 Aboda
1179 1173 1243 1210 zara
1256 1161 1296 1220 1,3
1312 1177 1318 1210 :
1336 1163 1405 1214 haee
1416 1165 1480 1213 suni

149 1255 221 1306 iesta
235 1257 360 1318 gentium
379 1269 385 1305 ε
409 1255 565 1314 calendae,
584 1254 758 1314 Saturnalia,
780 1247 920 1318 κρατήσεις,
934 1252 993 1302 dies
1009 1247 1127 1319 γενεσθων
1152 1262 1249 1312 regum
1263 1253 1291 1299 et
1305 1250 1364 1301 dies
1378 1252 1480 1301 nativi·

150 1344 215 1394 tatis
227 1347 257 1394 et
270 1343 331 1395 dies
342 1347 439 1395 mortis
455 1342 498 1409 (el.
512 1344 695 1393 Surenlruriur
711 1344 748 1392 lV
763 1355 791 1406 p.
805 1340 877 1402 361).
890 1341 993 1391 Verum
1006 1343 1043 1391 ibi
1058 1340 1111 1389 hae
1121 1338 1257 1388 dictiones
1270 1351 1324 1387 non
1339 1325 1480 1404 explloan-

149 1435 202 1482 tur.
230 1432 262 1482 ln
284 1434 408 1484 talmude
427 1432 626 1496 palaestinensi
645 1421 710 1483 'dies
734 1425 849 1496 γενεσίων
869 1437 981 1486 ittotiil
1000 1435 1048 1485 nit
1070 1427 1224 1491 explicatur
1244 1427 1304 1477 dies
1327 1429 1481 1478 nativitatis

150 1501 243 1576 τετῆη
262 1530 327 1582 ους
346 1525 373 1572 in
389 1522 554 1583 babylonico
567 1524 660 1571 autern
674 1521 805 1583 diesque
819 1532 869 1570 rex
880 1523 923 1569 est
934 1519 1102 1569 constitutus
1117 1514 1160 1574 toi.
1171 1518 1252 1580 ιενγ,
1269 1516 1411 1566 Neuhebr.
1423 1515 1480 1566 und

147 1610 239 1662 obsid.
258 1611 419 1662 Woerter·b.=
432 1610 442 1659 l
455 1622 481 1673 p.
495 1607 567 1675 olel.
583 1609 639 1660 Sed
651 1609 851 1672 palaestinensi
863 1609 916 1658 erit
928 1605 1139 1657 adsentiendum
1148 1620 1155 1666 ;
1165 1618 1229 1656 nem
1247 1606 1275 1654 ln
1290 1607 1408 1655 tractatu
1426 1605 1480 1654 mi·

147 1701 261 1751 sonnino
275 1696 403 1766 κρατήσεις
419 1704 557 1781 nivini?
569 1697 625 1748 diei
637 1698 746 1747 videtur
759 1696 795 1747 de
809 1697 854 1748 die
868 1697 976 1760 imperil
989 1695 1130 1759 capessiit,
1145 1694 1205 1745 dies
1217 1701 1310 1744 autern
1327 1693 1480 1744 nativitatis

147 1789 231 1840 exiis
247 1790 362 1853 quaein
377 1789 496 1837 tractatu
512 1789 668 1850 sequuntur
685 1785 909 1850 probabilissime
925 1787 967 1835 est
981 1783 1041 1834 dies
1055 1795 1112 1848 quo
1126 1781 1221 1833 inians
1237 1784 1374 1842 nascitur3
1392 1794 1479 1846 quare

146 1876 207 1929 dies
219 1874 339 1945 γενεσίων
356 1877 454 1926 merito
473 1875 508 1926 de
527 1875 663 1926 natalitiis
684 1876 759 1937 regis
779 1874 944 1937 intelligitur
969 1870 1012 1938 (oi.
1034 1873 1150 1922 Seium
1164 1872 1185 1922 l.
1205 1884 1230 1923 o.
1249 1876 1259 1920 i
1275 1885 1302 1935 p.
1319 1871 1381 1922 365.
1404 1869 1477 1933 366),
1501 1908 1505 1916 ,

146 2156 147 2159 γ
231 2083 259 2139 t.
272 2077 364 2138 Vario
386 2075 456 2137 Iesu
478 2077 592 2136 itinera
614 2082 642 2136 ei
664 2073 794 2135 ulterior
816 2075 971 2135 institutio
993 2071 1203 2156 apostotorum
1223 2073 1391 2148 diosas.

528 2255 563 2322 a)v
574 2256 813 2320 multiplicatio
834 2255 932 2320 paula
951 2254 1098 2320 uso-44.

182 2409 257 2470 6,30.
274 2411 308 2460 Et
324 2409 524 2461 convenientes
545 2410 665 2473 apostoli
689 2408 724 2458 ad
747 2408 791 2457 le·
875 2407 948 2467 6,30.
970 2403 1015 2454 Καὶ
1040 2403 1189 2473 συνάγονται
1212 2401 1236 2453 ο1
1261 2399 1397 2454 ἀπόστολοι
1420 2401 1479 2472 πρὸς

149 2512 226 2559 sum,
243 2501 473 2550 renuntiaverunt
483 2500 510 2549 ei
524 2500 620 2548 omnia
631 2491 708 2561 ¹quae
728 2509 791 2560 ege
837 2492 880 2546 τ“ον
912 2491 1028 2559 Ἰησοῦν,
1054 2491 1096 2544 καὶ
1123 2490 1280 2562 ἀπήγγειλαν
1310 2489 1375 2563 αιίτῷ
1397 2492 1478 2544 πάντα

145 2586 792 2639 rantetdoouerant.31.Etaitillis:Venite
837 2583 884 2634 θοι
909 2579 1025 2646 ἐποίησαν
1052 2581 1093 2632 καὶ
1120 2581 1168 2633 όσα
1196 2578 1319 2642 ἐδίδαξαν.
1354 2583 1397 2636 (ii.
1435 2580 1479 2633 καὶ

144 2689 271 2728 seorsum
292 2678 321 2726 in
340 2675 481 2728 desertum
505 2677 612 2736 lotum,
633 2679 661 2726 et
679 2677 792 2739 requie·
837 2669 905 2741 λέγει
929 2669 1026 2732 αὺτοῖς,
1054 2674 1127 2723 Δεῦτε
1145 2669 1216 2740 όμεῖς
1233 2668 1303 2723 αὐτοὶ
1329 2668 1388 2722 κατ’
1412 2666 1477 2722 ἰδίαν

144 2767 214 2817 scite
228 2765 369 2829 pusillum.
386 2765 472 2815 Erant
486 2767 561 2815 enim
580 2766 628 2828 qui
643 2764 793 2815 veniebant
838 2758 870 2822 εθς
889 2759 980 2830 ἔρημον
999 2762 1089 2823 τόπον,
1114 2759 1155 2813 καλ
1176 2759 1349 2812 ἀναπαύσασθε
1370 2758 1472 2829 ὀλίγον.

119 2899 121 2906 .
147 2857 176 2904 ei
190 2854 319 2905 redibant
333 2855 425 2913 multl;
437 2856 465 2905 et
475 2867 528 2905 neo
541 2855 663 2917 spatium
672 2853 791 2904 mandu·
837 2845 900 2916 ἦσαν
919 2849 966 2920 γάρ
979 2848 1003 2901 ot
1022 2847 1155 2920 ἀρχόμενοι
1169 2848 1211 2901 καὶ
1227 2847 1251 2901 ο1
1265 2847 1398 2917 όπάγοντες
1416 2847 1478 2901 πολ-

144 2943 225 2993 eandi
241 2943 388 2992 habebant.
406 2942 449 2992 32.
464 2942 728 2993 Etaaoendentesln
739 2955 791 2992 na·
837 2937 893 2999 λολ,
925 2938 967 2990 καλ
992 2938 1048 2991 οῦδὲ
1074 2940 1163 3008 φαγεῖν
1192 2935 1327 3007 stantun.
1356 2939 1400 2993 ti.
1436 2937 1478 2989 καθ

144 3033 209 3091 vim,
221 3031 350 3081 abierunt
360 3031 541 3103 indeserium
550 3032 642 3082 loeum
652 3044 789 3084 seorsum.
837 3025 950 3093 ἀπῆλθον
988 3026 1013 3094 ἐν
1042 3033 1077 3099 τῷ
1103 3025 1185 3098 πλοίῳ
1213 3024 1246 3088 εἰς
1273 3025 1366 3098 ἔρημον
1400 3028 1477 3080 τόσον

181 3119 225 3170 33.
246 3119 281 3169 Et
297 3119 428 3170 viderunt
449 3133 499 3169 eos
517 3121 669 3179 abeuntes,
693 3124 722 3171 et
742 3132 790 3170 co·
836 3116 892 3169 κατ’
912 3114 986 3169 ibin.
1008 3120 1050 3172 33.
1073 3115 1120 3167 liat
1139 3112 1208 3168 εἶδον
1227 3114 1313 3177 αὗτοῑις
1338 3115 1477 3186 ὐπάγοντας

145 3211 304 3273 gnoverunt
319 3208 410 3267 multu
427 3211 455 3258 et
463 3207 607 3271 pedestres
615 3207 650 3258 de
659 3208 790 3258 omnibus
835 3205 878 3257 καὶ
896 3205 1037 3268 ἐπέγνωσαν
1056 3203 1157 3258 πολλσ1·
1177 3206 1220 3257 καὶ
1246 3208 1305 3276 πεζῇ
1324 3203 1372 3258 ἀπο
1391 3210 1476 3258 πασῶν

143 3297 303 3348 civitatibus
315 3299 515 3347 concurrerunt
529 3296 609 3357 illuc,
627 3299 654 3346 et
672 3309 789 3360 praere·
836 3300 884 3347 τῶν
904 3294 1000 3347 πόλεων
1020 3295 1170 3366 συνέδραμον
1189 3293 1257 3357 ἐκεῖ,
1278 3294 1320 3346 καὶ
1345 3293 1472 3365 προῆλθον

144 3391 247 3436 nerunt
267 3398 326 3436 eos.
352 3386 395 3434 31.
421 3385 456 3435 Et
474 3387 572 3436 exiens
592 3385 661 3436 vidit
680 3385 790 3436 turbam
835 3381 931 3446 αὖτοός.
952 3388 994 3438 31.
1016 3383 1058 3435 καλ
1075 3382 1180 3445 ἐξελθὼν
1197 3380 1263 3436 εἶδεν
1282 3383 1359 3436 πολῑιν
1378 3383 1474 3453 όχλον,

144 3473 260 3525 multam
274 3474 365 3533 lesus;
383 3477 411 3525 et
425 3475 557 3525 misertus
572 3477 615 3524 est
629 3487 715 3538 super
729 3487 787 3533 eos,
835 3472 877 3524 καὶ
896 3471 1085 3543 ἐσπλαγχνίσθη
1105 3470 1147 3525 ἐπ’
1172 3472 1273 3535 αὐτοὺς,
1297 3474 1336 3526 ότι
1362 3469 1425 3540 ἦσαν
1443 3473 1476 3535 ὡς

144 3565 210 3626 quia
229 3566 309 3614 erant
329 3564 401 3613 sicut
417 3576 486 3614 oves
506 3575 564 3613 non
584 3562 720 3614 habentes
739 3576 789 3627 pa·
835 3562 945 3632 πρόόατα
975 3561 1009 3633 μὴ
1040 3560 1133 3632 ἔχοντα
1161 3563 1275 3633 ποιμάνα·
1311 3562 1352 3613 καὶ
1385 3560 1476 3632 ἤρξατο

144 3654 247 3702 storem
262 3665 268 3700 :
282 3657 310 3702 et
324 3653 415 3715 eoepit
429 3651 494 3702 illos
507 3652 608 3702 docere
630 3652 726 3702 multu.
743 3651 787 3703 ³5.
834 3651 958 3704 διδάσκειν
977 3650 1066 3712 αιἐτοθις
1083 3650 1181 3707 πολλά.
1204 3655 1248 3706 35.
1270 3650 1316 3703 Καὶ
1341 3649 1388 3718 ἤδη
1411 3653 1476 3722 ὧρας

144 3738 179 3790 itt
190 3753 276 3804 quum
291 3742 346 3789 iam
361 3741 429 3790 bora
443 3740 532 3791 multo
546 3739 639 3801 lieret,
662 3753 789 3792 accesse-
834 3739 930 3806 πολλῆς
966 3741 1100 3811 γενομένης
1136 3739 1313 3810 προσελθόντες
1348 3740 1414 3812 αι’ντῷ
1451 3741 1476 3793 οἱ

144 3833 209 3879 runt
229 3828 358 3893 discipuli
377 3831 452 3888 eiua,
477 3828 603 3879 dicentes
625 3842 631 3878 τ
656 3830 789 3880 Desertus
835 3830 942 3898 μαθηταὶ
966 3828 1040 3882 αὺτοῦ
1068 3828 1173 3900 ἔλεγον,
1192 3829 1231 3882 ότι
1258 3828 1349 3900 ἔρημός
1376 3829 1475 3883 ἀσττνό

144 3921 186 3968 est
199 3918 277 3968 loeus
293 3918 347 3977 hic,
362 3925 389 3967 et
403 3919 459 3966 iam
474 3917 544 3967 hora
557 3920 703 3981 praeteriit
719 3931 726 3967 ι
743 3918 785 3969 36.
834 3918 907 3980 τόπος
934 3918 973 3969 καὶ
991 3916 1039 3985 ἤδη
1068 3919 1122 3988 ὥρα
1147 3917 1240 3984 πολλή·
1267 3922 1313 3974 36.
1348 3916 1474 3972 ἀπόλυσον

144 4006 253 4057 dimitte
265 4006 342 4064 11108,
355 4010 385 4056 ui
396 4008 495 4057 euntes
511 4007 540 4056 in
552 4008 693 4070 proximas
708 4008 788 4059 villas
834 4005 936 4070 αὐτους,
971 4007 1030 4071 ἵνα,
1065 4004 1214 4069 ἀπελθόντες
1244 4006 1277 4069 εθς
1307 4012 1361 4070 το“υς
1390 4008 1475 4080 κόαλῳ

144 4097 173 4144 et
185 4096 275 4153 vicos,
297 4101 392 4145 ernant
410 4095 463 4145 sibi
482 4095 561 4145 cibos
579 4109 650 4159 quos
669 4095 788 4147 mandu·
834 4093 923 4166 ἀγροὶις
950 4095 992 4148 καὶ
1016 4096 1115 4166 κώμας,
1149 4095 1304 4168 ἀγοράσωσιν
1330 4095 1424 4160 ἑαυτοῖς
1451 4100 1475 4151 ri

144 4183 277 4234 centii.
295 4184 328 4233 Et
346 4184 533 4247 respondens,
557 4185 597 4234 ait
618 4185 695 4234 illis:
717 4185 788 4236 Date
831 4185 957 4255 ρόγωσεν.
981 4189 1029 4241 37.
1051 4184 1066 4237 ό
1083 4184 1110 4238 el
1128 4185 1267 4255 ἀποκριθεὶς
1286 4184 1355 4239 εἶπεν
1374 4187 1473 4255 αὐτοῖς,

145 4272 201 4322 11118
224 4285 274 4323 vos
302 4273 479 4324 manducare.
511 4273 546 4324 Et
572 4273 702 4324 dixerunt
725 4277 751 4324 el
779 4290 785 4324 ε
832 4274 893 4326 Δότε
907 4271 991 4335 αὗτοῖς
1001 4275 1070 4344 όμεῖς
1083 4276 1185 4344 φαγεῖν,
1205 4275 1247 4327 καλ
1260 4275 1375 4347 λέγουσιν
1394 4277 1471 4348 αὐτῷ·

145 4359 251 4410 Euntes
265 4374 390 4411 emamus
405 4361 531 4413 ducentis
545 4361 669 4412 denariis
683 4376 784 4426 panea,
836 4361 993 4422 Ἀπελθόντες
1011 4361 1175 4434 ἀγοράσωμεν
1193 4365 1313 4435 δηναρῐων
1339 4367 1472 4420 διακοσίων

145 4454 173 4498 et
187 4448 315 4500 dabimus
329 4451 385 4500 illis
396 4451 573 4500 manducare.
832 4451 932 4520 άρτους,
952 4451 994 4503 καὶ
1012 4453 1126 4522 δώσομεν
1154 4453 1237 4514 αὐτοῖς
1263 4458 1366 4525 ραγεῖν;
1389 4459 1434 4510 38.
1459 4457 1473 4508 ό

181 4537 224 4589 38.
243 4538 277 4587 Et
291 4538 357 4588 dieii
371 4541 412 4589 eis
429 4553 435 4588 z
452 4539 528 4598 Quot
552 4553 639 4604 panes
661 4541 787 4593 habetis?
832 4539 858 4592 bl
877 4541 942 4610 λέγει
960 4540 1057 4603 αὐτοῖς,
1079 4542 1174 4604 Πόσους
1192 4542 1264 4614 ἔχετε
1287 4544 1386 4614 ἄρτους
1414 4544 1473 4599 inrd-

143 4628 196 4684 ite,
221 4630 250 4677 ei
273 4627 373 4676 videte.
400 4628 434 4677 Et
457 4643 542 4692 quum
570 4633 785 4694 cognovissent,
832 4647 889 4699 γετε
909 4628 986 4685 ἴδετε.
1008 4631 1051 4683 καὶ
1069 4632 1170 4702 γνόντες
1189 4632 1303 4703 λέγουσιν
1320 4632 1411 4699 Πέντε,
1431 4636 1474 4687 καὶ

144 4715 259 4766 dieunt:
278 4715 421 4779 Quinque,
438 4723 466 4766 et
480 4718 552 4768 duos
569 4721 670 4782 pisces.
692 4719 736 4770 39.
753 4719 788 4771 Et
832 4718 876 4770 δύο
896 4717 993 4789 ἰχθύας.
1017 4723 1064 4776 39.
1089 4721 1135 4773 ilai
1163 4720 1274 4783 ἐπέταξεν
1297 4722 1382 4785 αὗτοῖς
1410 4723 1472 4776 άνα-

145 4805 286 4868 praeeeplt
318 4805 386 4863 illis,
412 4808 442 4854 ut
470 4808 633 4858 accumbere
664 4808 788 4860 iacerent
833 4806 916 4859 κλῖναι
944 4809 1035 4871 πάντας
1061 4811 1185 4881 συμπόσια
1217 4812 1342 4882 συμπόσια
1368 4811 1408 4865 ἐπὶ
1437 4820 1474 4885 τῷ

144 4905 243 4943 omnes
253 4893 406 4944 seeundum
415 4895 598 4947 contubernia
608 4911 692 4962 super
700 4900 789 4950 viride
833 4895 926 4969 χλωρῷ
945 4899 1038 4970 χόρτῳ.
1054 4902 1096 4955 iii.
1111 4901 1151 4952 καὶ
1166 4898 1284 4954 ἀνέπεσαν
1298 4903 1397 4971 πρασιαὶ
1408 4922 1470 4973 πρα·
