3960 5654
151 557 209 618 286
670 567 761 612 nnnc.
786 552 833 616 10,
859 549 965 608 att-aa.

153 716 263 789 17,10.
287 709 332 789 6).
349 702 453 768 Distat
472 708 585 767 autem
607 702 818 788 {erosolymis
834 697 953 764 codem
970 703 1110 793 losepho
1126 706 1206 766 teste
1228 710 1288 768 150
1307 698 1439 778 stadiis,
1460 723 1480 765 a

151 814 289 882 Iordane
303 831 382 874 vero
398 813 439 873 60
454 807 550 895 (bell.
568 809 639 875 iud.
655 815 724 886 [ιβ.
741 808 786 892 3),
804 805 865 879 rel,
884 807 934 870 uti
951 811 1044 874 Patr.
1063 808 1179 885 habet,
1196 807 1240 871 ab
1257 809 1340 874 urbe
1355 813 1393 874 18
1407 807 1480 870 mil-

150 923 196 988 lia
208 937 379 1008 passuum,
398 938 417 981 a
431 917 570 982 llumine
583 917 653 980 sere
668 922 699 982 8.
718 910 903 978 Hodiedum
918 936 995 980 vero
1013 916 1164 981 vicusest
1178 913 1339 980 misellus.
1359 917 1480 980 Putant

149 1023 255 1112 aliqui
278 1023 398 1088 urbem
424 1029 577 1088 vocatam
603 1043 673 1086 csse
692 1017 941 1084 suaveolentem
964 1021 1025 1107 (ita
1049 1026 1219 1109 exponunt
1233 1036 1298 1081 irin
1316 1021 1368 1086 vel
1384 1019 1477 1096 amul

152 1135 290 1221 propter
305 1129 436 1218 palmas
451 1129 660 1215 arboresque
676 1123 880 1202 odorifera53
900 1127 1059 1214 Iosephus
1074 1149 1153 1193 sane
1173 1133 1269 1191 vocat
1286 1150 1361 1192 eam
1378 1117 1478 1188 εὐδαι-

152 1230 341 1324 μονεστάτην
360 1242 394 1301 et
409 1241 537 1301 tantam
556 1233 604 1297 ihi
616 1254 686 1298 csse
702 1229 850 1296 affirmat
866 1233 953 1297 aeris
971 1235 1185 1320 temperiem,
1204 1240 1240 1297 ut
1256 1255 1333 1298 cum
1353 1237 1388 1299 in
1404 1235 1480 1299 aliis

152 1342 294 1410 iudaeae
308 1341 462 1433 partibus
478 1340 614 1425 ningat,
634 1339 682 1402 ibi
705 1336 796 1402 linea
813 1347 900 1403 reste
923 1346 1061 1405 utantur
1076 1338 1270 1425 indigenae.
1288 1337 1374 1416 Quid
1392 1345 1480 1406 lesus

152 1452 187 1524 in
206 1451 291 1517 urbe
312 1450 438 1536 egerit,
460 1455 577 1511 narrat
598 1448 701 1509 Lucas
724 1450 875 1522 tahar.

196 1560 277 1624 Cum
295 1558 416 1624 festum
432 1553 590 1641 paschale
610 1555 696 1616 esset
717 1551 927 1638 proximum,
948 1552 1069 1617 turbae
1088 1551 1213 1618 multae
1230 1553 1295 1618 iter
1308 1554 1343 1618 in
1359 1553 1479 1618 urbem

152 1662 446 1752 aggrediebantur
464 1665 497 1724 et
520 1663 626 1724 lesum
648 1656 787 1743 eiusque
806 1655 989 1746 discipulos
1013 1657 1273 1735 comitabantur,
1296 1671 1328 1725 et
1342 1659 1480 1748 profici-

151 1784 261 1838 scente
273 1792 311 1837 eo
325 1768 366 1834 de
381 1765 509 1833 Iericho
526 1776 557 1829 et
571 1762 747 1851 discipulis
760 1763 829 1828 eius
842 1762 992 1852 piamina
1007 1764 1225 1830 multitudine
1232 1765 1325 1852 filius
1341 1767 1479 1847 Timaei,

153 1878 364 1944 Bartimaeus
375 1867 640 1938 caecassedetrat
652 1870 749 1934 iacta
762 1869 850 1933 ciam
865 1869 1079 1951 mendicaas;
1093 1893 1214 1936 nomen
1230 1870 1379 1938 mendici
1399 1877 1480 1938 tlar-

152 2005 211 2049 cus
229 1982 334 2048 refert
351 1980 444 2068 quia,
463 1979 510 2043 uti
527 1977 682 2066 plerique
707 1975 904 2063 opinantur,
929 1977 1016 2042 inter
1036 1977 1241 2043 Christianos
1264 1977 1361 2044 valde
1382 1987 1481 2045 notus

152 2093 225 2156 erat
240 2087 296 2177 (cl.
314 2085 395 2152 Bed.
414 2084 516 2150 Euth.
541 2083 622 2147 Ve'ct.
640 2082 731 2146 lana.
746 2080 895 2169 Scheqp,·
909 2080 1005 2147 addit
1020 2083 1091 2150 cai.
1110 2084 1190 2171 quia
1203 2085 1310 2150 altero
1326 2084 1482 2152 mendico

152 2194 271 2261 lortius
285 2192 480 2278 clamabat).
497 2188 560 2255 Sed
578 2186 738 2253 dubitare
754 2187 829 2252 licet
847 2210 928 2254 num
950 2188 1065 2254 fideles
1084 2193 1206 2256 Romae
1226 2188 1387 2277 degentes
1402 2214 1480 2257 eum

152 2301 323 2375 noverint,
336 2297 481 2364 sufficiet
492 2316 613 2361 nomen
630 2316 669 2359 ex
687 2294 775 2358 Petri
790 2295 983 2360 narratione
994 2294 1148 2372 derivare
1160 2297 1217 2384 qui
1230 2318 1298 2386 quo
1310 2299 1418 2384 magis
1433 2299 1481 2363 rei

154 2407 277 2473 veritas
295 2411 427 2495 pateret
446 2425 524 2469 eum
554 2402 612 2490 qui
632 2407 768 2467 sanatus
788 2410 860 2465 erat
881 2402 1016 2467 nomine
1037 2400 1216 2488 designare
1236 2403 1377 2470 solebat.
1402 2410 1481 2470 Bar-

153 2515 295 2580 timaeus
314 2513 417 2600 (filins
431 2509 574 2589 Timaei;
598 2509 641 2572 ct.
664 2508 958 2586 Bartholomaeus,
983 2507 1133 2587 Bariesu,
1153 2510 1336 2598 Barnabas)
1358 2532 1481 2578 nomen

154 2619 428 2711 patronymicum
445 2618 500 2683 hic
516 2622 551 2680 ut
574 2636 696 2679 nomen
715 2614 890 2703 proprium
908 2616 1062 2702 ponitur;
1086 2614 1224 2681 additur
1240 2619 1387 2683 nominis
1401 2640 1481 2707 pro-

153 2728 221 2816 prii
234 2726 428 2817 explicatio,
447 2724 497 2790 uti
510 2720 667 2789 similiter
682 2728 761 2797 3,1r
776 2729 808 2785 et
826 2728 896 2786 hct.
915 2727 1005 2794 t,36.
1024 2724 1106 2787 Cum
1122 2723 1155 2787 in
1172 2730 1308 2809 targum
1329 2722 1373 2789 ad
1389 2726 1478 2791 nsth.

155 2839 211 2912 3,8
226 2855 352 2899 nomen
367 2833 558 2920 reperiatur
578 2844 655 2918 tntu
671 2828 725 2892 vel
741 2852 842 2898 ianr:
859 2827 913 2914 (cl.
933 2828 1122 2917 Liqhtsoot,
1137 2829 1298 2917 Sclraaz),
1315 2854 1384 2896 non
1399 2854 1483 2920 opus

153 2942 260 3011 estad
276 2963 437 3028 graecum
454 2965 576 3008 nomen
588 2943 642 3030 (ex
656 2943 793 3008 Platone
810 2945 939 3025 notum)
954 2964 1130 3011 recurrere
1141 2952 1173 3011 et
1185 2945 1227 3011 de
1238 2948 1483 3034 compositione

155 3057 330 3139 tamquam
354 3048 502 3135 hybrida
525 3050 681 3124 mirari¹;
706 3049 939 3114 multominus
959 3049 1132 3116 licetcum
1160 3050 1316 3116 Vollmar
1332 3053 1380 3140 (p.
1402 3052 1480 3138 503)

154 3155 235 3246 quia
249 3177 376 3220 nomon
391 3154 539 3221 derivari
555 3162 666 3242 posset
679 3177 699 3220 a
716 3171 790 3216 ann
806 3154 1019 3235 (immundus
1034 3157 1109 3242 luit)
1123 3178 1269 3223 asserere
1287 3162 1389 3223 totam
1406 3181 1485 3223 nar-

154 3264 318 3330 rationem
340 3283 405 3327 non
426 3283 496 3328 rem
514 3283 592 3325 vore
610 3268 740 3347 gestam
757 3261 937 3340 exhibere,
960 3261 1017 3327 sed
1035 3263 1143 3328 solum
1157 3262 1342 3349 symbolice
1363 3265 1484 3330 efferre

154 3368 262 3435 filium
292 3367 460 3433 immundi
491 3371 513 3433 i.
541 3391 570 3434 e.
599 3367 764 3453 gentilem
793 3389 926 3456 quoque
956 3370 1069 3453 gratia
1095 3369 1214 3435 Christi
1246 3371 1375 3436 lumine
1404 3371 1483 3437 fidei

154 3476 331 3548 illustrari;
354 3498 386 3538 v.
406 3481 447 3540 tr
469 3475 530 3563 qui
546 3497 624 3538 cnm
645 3472 794 3539 credisset
807 3475 888 3562 qaia
904 3476 994 3540 lesus
1009 3477 1208 3542 Nazarenam
1221 3490 1268 3542 est
1288 3478 1398 3566 coepit
1415 3479 1447 3544 cl
1470 3517 1485 3525 -

156 3602 249 3648 mare
269 3595 300 3646 et
317 3580 454 3646 dicere:
481 3583 566 3658 lesa,
584 3582 641 3667 sili
655 3581 782 3660 David,
803 3580 959 3647 miserere
976 3583 1061 3664 mer,
1082 3583 1281 3649 salutatione
1298 3584 1360 3648 filii
1381 3585 1481 3651 David

156 3710 232 3755 eum
247 3688 429 3777 profitetur
446 3689 611 3767 Messium,
627 3710 696 3776 qua
707 3688 939 3777 ¹appellatione
954 3694 987 3753 et
1002 3689 1234 3778 imploratione
1249 3690 1366 3756 auxilii
1383 3692 1483 3756 etiam

156 3794 302 3863 ostendit
320 3817 353 3860 se
369 3797 437 3860 iam
459 3795 565 3859 multa
584 3794 624 3859 de
648 3798 719 3859 lesu
736 3795 907 3860 miraculis
926 3803 958 3861 et
974 3796 1184 3881 benignitate
1200 3797 1370 3862 audivisse
1391 3797 1485 3863 inde-

157 3925 222 3993 que
242 3902 343 3968 fidem
364 3903 569 3990 concepisse.

203 4014 273 4087 Quo
293 4011 402 4095 magis
427 4009 498 4074 eius
518 4007 601 4074 fides
624 4016 700 4073 nota
728 4009 838 4081 ficret.
864 4015 951 4074 lesus
974 4031 1040 4073 non
1064 4010 1225 4074 continuo
1248 4011 1390 4075 clamori
1414 4011 1485 4077 eius

157 4117 309 4182 animum
328 4116 504 4182 intendere
520 4115 717 4193 videbatur;
737 4139 768 4182 r.
787 4121 827 4181 aa
843 4130 874 4180 et
891 4114 1358 4198 conrrninabaataretmulti,
1382 4113 1485 4177 ἐπετί-

159 4246 236 4309 μων,
256 4224 480 4312 increpabant
503 4244 599 4301 euni,
619 4236 656 4286 at
679 4233 822 4304 taceret,
843 4222 877 4287 id
893 4244 948 4287 eos
966 4223 1080 4287 iecisse
1102 4225 1292 4289 reverentia
1311 4222 1430 4290 ductos
1449 4225 1483 4290 in

159 4335 266 4396 lesum
284 4337 317 4395 et
336 4352 408 4396 rem
429 4329 607 4416 indignam
625 4336 819 4418 reputantes
837 4337 872 4394 ut
888 4329 1043 4393 homines
1063 4328 1185 4395 abiecti
1205 4330 1435 4418 obstrependo
1455 4332 1486 4397 ei

158 4445 267 4504 essent
288 4438 428 4518 molesti,
453 4437 550 4502 multi
573 4437 765 4502 existimant
789 4435 846 4523 (cl.
876 4437 956 4500 Viet.
990 4435 1134 4524 Theopla.
1155 4437 1258 4502 Ereti.
1284 4435 1359 4501 lte.
1386 4437 1484 4503 Dian.

158 4542 264 4610 Mald.
278 4564 288 4620 ,·
302 4545 377 4608 sim.
398 4545 506 4629 Coty
522 4544 591 4623 alii,
611 4567 650 4608 ne
668 4545 730 4608 iter
747 4541 975 4607 retardaretur
990 4543 1168 4630 (Saliares),
1186 4556 1221 4609 at
1236 4544 1306 4620 itte,
1320 4542 1488 4608 desiderio

192 4747 212 4790 t.
228 4741 256 4788 la
272 4739 337 4787 libro
355 4740 574 4801 interpretationis
586 4739 763 4787 hebraicorum
783 4738 915 4786 norninunr
924 4737 1011 4786 scribit
1023 4743 1047 4788 S.
1064 4741 1138 4788 Hier.
1151 4755 1160 4787 .·
1172 4738 1299 4788 barsemia
1310 4738 1377 4787 lilius
1388 4752 1487 4794 caccus

159 4819 227 4885 quod
239 4824 264 4869 et
281 4821 362 4882 ipsum
377 4823 497 4882 corrupte
511 4819 613 4882 quidam
632 4821 800 4867 bartimaeum
816 4818 900 4879 legunt
913 4817 952 4878 yet.
973 4818 1005 4867 (le
1019 4819 1148 4882 Laaarde,
1162 4823 1249 4869 Ononr.
1260 4833 1278 4868 s.
1294 4825 1346 4876 aar
1356 4821 1387 4879 1).
1405 4820 1486 4868 Etiam

160 4899 291 4965 ticttsoot
307 4903 394 4948 conset
413 4920 425 4939 ιι
439 4912 469 4946 cr
488 4914 534 4948 uso
547 4913 567 4957 ῃ
582 4915 658 4962 pro:
675 4900 742 4962 ayma
762 4899 901 4952 etrahtaeos
920 4920 930 4943 υ
949 4913 1038 4950 nomeu
1054 4899 1178 4963 explicare
1194 4913 1264 4965 posse
1279 4913 1309 4950 er
1325 4911 1420 4959 &²2³0
1430 4919 1437 4961 ;
1453 4898 1486 4949 ct.

159 4993 218 5042 ano
235 4993 324 5032 caccus
342 4978 468 5041 Buxtort,
484 4981 541 5030 Les.
556 4980 639 5029 chald.
658 4995 680 5044 p.
698 4987 765 5030 tttrt.
