3960 5654
826 357 920 401 atae.
946 341 993 407 lt,
1017 339 1145 434 3⁴³⁶:
1580 341 1639 399 383
1715 381 1716 384 ,

305 492 461 561 ellectum
485 487 676 577 impediret.
702 493 768 555 llao
792 487 933 576 lugubri
953 486 1198 555 lamentatione
1223 487 1258 553 in
1283 489 1395 554 sinum
1416 487 1640 557 familiarium

305 599 531 690 apostolorum
553 596 659 662 ellusa
678 617 733 659 eos
748 594 843 661 iubet
857 594 905 658 ibi
919 596 1099 661 consistere
1115 602 1148 659 et
1171 594 1328 680 vigilare,
1345 595 1414 683 ipse
1427 605 1541 661 autem
1555 617 1640 684 pau-

305 707 414 773 lulum
431 725 629 791 progressus
649 702 796 767 orationi
813 723 847 766 se
862 700 938 779 dat;
953 703 1113 766 sustinete
1126 706 1247 786 μείνατε
1264 708 1399 767 manete
1428 701 1483 767 hic
1506 710 1538 767 et
1558 702 1641 791 vipi-

305 813 392 891 lotc,·
412 815 449 874 ut
465 830 579 876 secum
599 812 634 874 in
656 808 812 873 oratione
830 805 974 892 vigilent
994 814 1148 894 exoptat,
1166 810 1214 872 uti
1236 831 1275 872 ex
1297 832 1328 873 v.
1346 812 1388 874 38
1409 809 1638 895 consequitur.

350 922 386 983 Et
399 914 482 1004 quid
498 916 539 981 sit
553 937 620 1003 quo
635 912 720 979 adeo
745 915 921 998 allligatur
943 914 1066 979 Christi
1083 912 1200 978 anima
1215 913 1385 979 indicatur
1406 913 1642 1002 subsequenti-

305 1025 383 1099 bus,
402 1022 527 1109 quibus
546 1019 648 1086 simul
668 1019 780 1086 denuo
802 1021 1059 1086 demonstratur
1084 1023 1221 1107 quantis
1248 1020 1510 1086 tribulationum
1531 1021 1641 1086 llucti-

305 1130 367 1195 bus
390 1129 550 1194 immersa
576 1129 619 1192 sit
643 1149 674 1191 v.
698 1134 739 1194 35
770 1140 899 1192 etcum
924 1127 1137 1214 processisset
1152 1127 1359 1216 paululant,
1376 1127 1527 1216 procidit
1543 1149 1642 1215 super

306 1249 447 1315 terrant,
467 1223 594 1297 ἔπιπτέν
614 1234 739 1300 iterum
757 1233 948 1322 iterumque
961 1233 1161 1322 procidebat
1171 1233 1206 1299 in
1220 1255 1346 1319 genua,
1362 1235 1397 1299 in
1411 1234 1530 1299 laciem
1545 1255 1640 1300 suam

311 1342 435 1424 (tlatth.
462 1343 577 1428 2639)
602 1341 720 1429 positis
743 1338 889 1427 genibus
910 1338 1002 1427 (Luc.
1033 1341 1166 1426 naath
1198 1341 1299 1406 modo
1330 1340 1447 1428 itaque
1471 1341 1640 1424 ingenua

306 1449 550 1538 procumbens,
586 1446 686 1512 modo
714 1447 815 1536 plane
850 1451 1040 1533 prostratus
1072 1445 1209 1526 orabat,
1242 1447 1315 1535 ipsa
1340 1446 1424 1512 situs
1456 1448 1640 1513 mutatione

304 1555 411 1621 animi
427 1554 564 1619 alllictio
580 1562 613 1618 ct
628 1553 725 1618 dolor
744 1554 864 1639 ingens
879 1550 1084 1632 declaratur,
1102 1554 1189 1619 sicut
1206 1574 1340 1618 summa
1361 1553 1433 1619 eius
1448 1554 1641 1620 humilitate

306 1661 471 1726 maximus
491 1660 524 1724 in
545 1658 676 1725 orando
693 1660 806 1725 lervor
827 1664 860 1724 et
881 1661 1031 1748 precatio
1054 1659 1319 1748 impensissima,
1346 1671 1377 1725 et
1397 1659 1528 1739 orabat,
1553 1673 1591 1726 ut
1612 1659 1644 1726 si

301 1766 381 1852 fieri
383 1777 496 1853 posset
512 1766 670 1831 transiret
688 1765 731 1830 ab
742 1787 780 1831 eo
800 1764 885 1831 liora
905 1765 985 1853 ὥρα,
1005 1774 1154 1854 tempus,
1169 1766 1271 1847 hora,
1290 1772 1473 1854 usurpatur
1493 1766 1642 1833 hocloco

305 1895 367 1961 pro
388 1895 423 1938 re
444 1895 531 1961 quae
547 1896 587 1939 eo
608 1880 760 1960 tempore
782 1872 1000 1953 imminebat;
1018 1872 1139 1937 transit
1154 1873 1268 1961 itaque
1284 1872 1369 1938 hora
1383 1872 1428 1938 ab
1442 1873 1594 1951 homine,
1613 1873 1642 1940 si

306 1979 340 2044 id
354 1979 447 2067 quod
458 1981 613 2045 imminet
630 2001 696 2044 nou
712 1978 850 2059 accidit,
865 1979 892 2045 si
907 1979 1039 2045 homini
1056 1979 1221 2068 parcitur.
1240 1982 1396 2045 Ceterum
1408 1979 1494 2067 quid
1508 1980 1641 2065 flagita-

306 2089 403 2165 verit,
418 2088 529 2152 statim
543 2084 683 2151 additur
694 2108 725 2151 v.
739 2091 781 2151 36
797 2085 949 2151 etdt'scit:
965 2084 1052 2150 abbo
1064 2088 1177 2164 Pater,
1193 2086 1344 2151 Christus
1354 2086 1471 2174 utique
1482 2085 1558 2151 voci
1569 2108 1642 2152 ara-

307 2194 435 2258 maicae
446 2192 536 2257 abba
548 2213 615 2257 non
632 2191 764 2257 addidit
780 2178 896 2257 vocem
911 2213 1071 2277 graecam
1090 2193 1105 2252 ὁ
1125 2192 1244 2279 πατήρ,
1261 2193 1418 2281 quamvis
1437 2191 1642 2281 quandoque

307 2298 435 2364 dictum
462 2301 505 2364 sit
529 2303 636 2364 lesum
660 2307 693 2364 et
714 2320 840 2384 graeca
865 2320 946 2365 voce
971 2321 1041 2365 esse
1068 2321 1183 2378 usum,
1212 2306 1249 2366 ut
1280 2298 1458 2365 Ecclesiam
1483 2321 1578 2365 suam
1602 2321 1642 2365 ex

307 2405 437 2472 ludaeis
449 2412 482 2471 et
501 2405 662 2491 gentibus
676 2404 958 2493 congregandam
974 2406 1164 2472 insinuaret
1179 2407 1230 2494 (S.
1248 2409 1336 2494 detq.
1350 2404 1496 2472 decons.
1515 2429 1639 2494 evang.

308 2519 375 2590 at.
398 2511 465 2599 tt).
487 2512 551 2577 Sed
576 2535 637 2577 vox
658 2533 783 2597 graeca
804 2511 938 2577 videtur
964 2510 1081 2578 addita
1110 2534 1130 2576 a
1151 2517 1248 2579 Petro
1268 2513 1327 2600 qui
1347 2534 1490 2580 narrans
1504 2511 1546 2578 de
1565 2536 1642 2580 ora·

308 2619 396 2684 tione
411 2623 483 2683 lesu
501 2619 612 2706 ipsum
633 2618 732 2684 illum
751 2640 872 2684 sonum
893 2640 961 2706 quo
981 2623 1070 2684 lesus
1090 2622 1224 2685 Patrem
1246 2617 1413 2685 allocutus
1432 2626 1481 2685 est
1495 2621 1642 2688 retinere

306 2731 340 2791 et
354 2725 428 2790 aliis
443 2724 615 2790 insinuare
631 2724 752 2806 voluit,
774 2723 834 2791 sed
853 2747 916 2813 pro
938 2726 1097 2791 Romanis
1116 2725 1241 2791 adiecit
1258 2727 1350 2791 vocis
1369 2725 1639 2815 explicationem.

307 2831 373 2898 Alii
388 2839 526 2897 censent
547 2855 585 2897 ea
605 2831 754 2898 dictione
775 2830 921 2898 indicari
940 2832 1111 2899 Christum
1134 2854 1251 2899 vocem
1273 2832 1363 2899 abba
1391 2833 1582 2918 geminasse
1603 2856 1643 2900 cx

309 2938 429 3004 intimo
462 2938 574 3004 cordis
597 2938 719 3004 ellectu
748 2937 790 3004 ad
817 2939 1094 3024 magnitudinem
1125 2940 1197 3005 eius
1224 2947 1257 3004 et
1283 2939 1397 3004 filialis
1423 2937 1566 3006 fiduciae
1598 2940 1642 3006 si·

309 3044 542 3132 gnificandam
571 3045 662 3132 (Cui.
692 3044 807 3132 Lep).
841 3045 907 3111 Alii
935 3053 1073 3111 censent
1095 3046 1140 3111 ab
1164 3044 1373 3131 evangelista
1396 3068 1466 3111 esse
1492 3045 1643 3114 additam

311 3150 401 3239 (Alb.
433 3155 527 3218 Patr.
552 3151 700 3240 Scltepp,
728 3149 792 3219 Fil.
827 3150 932 3238 teiln
960 3151 1017 3216 sed
1043 3153 1071 3218 si
1091 3157 1218 3218 ltlarcus
1240 3175 1338 3219 voces
1365 3154 1550 3219 aramaioas
1575 3155 1644 3243 ipse

309 3257 471 3346 explicat,
501 3257 586 3324 solet
612 3257 646 3323 id
672 3258 839 3335 indicare;
869 3256 947 3324 vide
974 3265 1050 3339 5,t1
1079 3266 1112 3324 et
1136 3265 1228 3336 ast.
1259 3259 1324 3325 alii
1351 3258 1488 3325 demum
1509 3267 1646 3326 censent

311 3364 495 3430 formulam
507 3365 669 3453 precandi
685 3363 776 3431 abba
788 3368 886 3430 Pater
896 3363 1210 3453 apudChristianos
1220 3367 1287 3431 iam
1302 3366 1461 3433 usitatam
1473 3368 1528 3456 (cf.
1547 3371 1641 3434 Rom.

311 3477 402 3552 8,15.
424 3471 495 3537 Gal.
513 3473 584 3557 t,6)
601 3493 621 3536 a
635 3475 743 3536 llarco
756 3493 825 3537 esse
843 3477 1041 3561 usurpatam
1053 3480 1087 3536 et
1101 3472 1408 3561 praeoccupatione
1423 3474 1569 3563 quadam
1581 3475 1644 3564 ipsi

314 3577 443 3643 Christo
464 3577 664 3643 attributam
689 3576 856 3663 (Setiam,
893 3578 1029 3664 Weiss),
1051 3579 1111 3666 qui
1138 3578 1257 3645 modus
1280 3578 1470 3668 explicandi
1497 3604 1557 3669 per
1581 3581 1645 3668 hy-

310 3691 425 3749 steron
450 3690 607 3772 proteron
633 3683 794 3770 (Satara)
819 3706 930 3772 neque
949 3685 1158 3752 necessarius
1179 3692 1228 3752 est
1249 3708 1360 3774 neque
1386 3687 1512 3776 placet;
1531 3689 1644 3754 omnia

313 3789 376 3854 tibi
389 3790 561 3879 possibilia
581 3803 679 3872 sunt,·
699 3797 859 3879 provocat
878 3789 922 3855 ad
948 3793 1055 3857 Patris
1076 3792 1358 3881 omnipotentiam
1374 3817 1443 3881 qua
1459 3796 1562 3883 possit
1580 3795 1646 3861 alio

312 3919 450 3986 quoque
470 3896 570 3963 modo
600 3906 638 3963 ut
661 3920 746 3986 opus
774 3904 960 3986 peragatur
988 3898 1231 3988 redemptionis
1251 3901 1465 3988 permittere;
1489 3902 1647 3990 implorat

314 4003 428 4092 itaque
444 4009 592 4086 Patrem,
614 4013 651 4069 ut
666 4006 749 4092 quia
771 4004 845 4070 heri
866 4010 993 4093 potest,
1019 4004 1206 4072 dummodo
1232 4010 1329 4072 Pater
1344 4007 1440 4088 velit,
1458 4008 1543 4075 hora
1569 4032 1588 4074 a
1613 4031 1648 4075 se

315 4117 481 4190 trauseat;
502 4131 607 4198 quare
630 4110 716 4176 bene
743 4118 840 4177 notat
862 4112 899 4178 S.
922 4115 1008 4201 stup.
1034 4112 1125 4179 idom
1153 4134 1222 4179 esse
1243 4114 1358 4179 onnn'a
1388 4113 1451 4179 titi
1471 4114 1649 4203 possibilia

315 4231 392 4282 srtnt
411 4239 451 4283 ac
468 4215 557 4306 quod
573 4217 720 4283 habetur
741 4223 818 4284 Luc.
837 4225 939 4298 22,t2
959 4240 967 4286 :
989 4221 1015 4285 si
1036 4219 1101 4300 νῆες
1127 4221 1273 4308 transfer
1292 4221 1433 4286 culicem
1451 4220 1541 4287 lanne
1555 4246 1577 4288 u
1598 4245 1651 4289 me

316 4330 440 4390 sortem
460 4323 547 4389 hanc
568 4346 607 4389 ac
628 4324 819 4413 passionom
835 4348 937 4415 quam
957 4327 1042 4392 mihi
1066 4327 1249 4392 imminere
1269 4327 1369 4393 video
1385 4329 1563 4395 translera
1579 4350 1648 4411 me;

315 4430 359 4497 do
388 4431 586 4520 metaphora
611 4429 727 4497 calicis
753 4431 829 4497 vide
857 4438 968 4513 10,38.
992 4434 1130 4510 Quantis
1157 4433 1362 4500 cruciatibus
1387 4435 1509 4500 Christi
1537 4437 1649 4503 anima

319 4539 470 4604 humana
490 4544 688 4604 exerceatur
712 4560 750 4602 ex
775 4538 839 4604 hac
859 4540 932 4629 ipsa
955 4541 1152 4628 precatione
1175 4541 1441 4608 luculentissime
1462 4549 1565 4631 patet.
1591 4550 1648 4608 at-

318 4655 431 4712 tamen
448 4646 567 4712 mediis
587 4646 623 4712 in
638 4646 876 4732 angustiarum
893 4653 926 4711 et
945 4646 1207 4714 tribulationum
1224 4649 1381 4715 lluctibus
1394 4672 1428 4715 se
1445 4651 1543 4738 plane
1556 4672 1648 4716 com-

320 4754 422 4819 mittit
443 4754 655 4843 heneplacito
679 4752 785 4819 Patris
808 4763 842 4819 et
867 4774 936 4843 quo
957 4775 1057 4822 sensu
1080 4758 1309 4844 precationem
1332 4757 1424 4823 illam
1442 4757 1549 4845 accipi
1571 4757 1649 4825 velit
