3960 5654
176 579 235 640 276

175 726 365 802 novissimi;
388 723 467 790 vide
488 725 656 793 latronem
676 727 711 792 in
730 745 829 793 cruce
848 723 976 790 factum
996 722 1221 790 confessorem
1240 722 1428 809 eodemque
1448 721 1504 788 die

147 885 150 893 .
176 855 243 924 quo
258 853 322 921 pro
335 830 403 896 suis
416 832 596 899 crucifixus
605 839 656 899 est
668 832 830 920 peccatis,
844 831 957 916 gratia
970 828 1049 896 fidei
1062 849 1140 894 cum
1152 828 1285 895 Christo
1294 831 1331 896 in
1344 824 1503 918 paradiso

175 935 380 1025 gaudentem
402 946 434 1005 et
453 938 574 1020 dicito,
594 938 688 1026 quod
710 943 744 1002 et
766 935 940 1003 novissimi
961 941 1061 1004 erunt
1083 935 1197 1024 primi.
1216 935 1281 1001 Sed
1296 942 1329 1003 et
1351 932 1503 1024 quotidie

175 1041 328 1111 videmus
353 1045 477 1111 multos
500 1047 534 1108 in
563 1044 651 1109 laico
671 1041 793 1108 habitu
811 1045 1009 1110 constitutos
1028 1043 1161 1128 magnis
1186 1040 1276 1108 vitae
1302 1041 1431 1108 meritis
1450 1061 1504 1105 ex·

173 1149 294 1216 cellere
314 1158 347 1217 et
366 1152 451 1218 alios
470 1174 491 1217 a
510 1150 622 1238 prima
641 1154 750 1215 aetate
770 1150 917 1238 spiritali
935 1147 1048 1214 studio
1068 1149 1235 1216 ferventes
1252 1146 1296 1214 ad
1316 1153 1501 1215 extremum

171 1256 240 1322 otio
258 1263 430 1347 torpentes
450 1257 646 1322 flaccescere
666 1261 768 1345 atque
787 1256 890 1323 inerti
910 1255 1052 1321 stultitia
1071 1254 1162 1345 quod
1181 1253 1301 1344 spiritu
1321 1256 1504 1344 coeperant

172 1384 274 1432 carne
302 1384 540 1431 consummare
567 1390 598 1429 ».
626 1367 734 1452 Atque
760 1366 952 1453 opportune
974 1384 1111 1451 quoque
1144 1361 1217 1430 eat.
1242 1359 1389 1427 advertit
1416 1360 1502 1427 haec

172 1469 251 1537 addi
270 1493 312 1536 ne
328 1471 403 1560 quis
423 1474 520 1558 putet
535 1491 614 1535 eum
630 1468 690 1559 qui
710 1469 787 1558 pius
806 1468 986 1556 reliquerit
1005 1470 1107 1536 ctiam
1123 1490 1161 1534 eo
1177 1469 1250 1558 ipso
1264 1467 1340 1557 plus
1358 1488 1429 1532 esse
1444 1487 1502 1532 ac-

170 1581 348 1666 cepturum
368 1577 404 1642 in
423 1574 561 1642 saeculo
581 1575 716 1658 futuro;
740 1604 755 1637 «
773 1574 872 1641 multi
893 1574 1071 1642 novissimi
1088 1574 1126 1640 in
1140 1575 1205 1641 hac
1223 1575 1293 1641 vita
1308 1571 1419 1663 quoad
1435 1594 1500 1653 res,

171 1683 314 1749 honores
332 1689 366 1748 et
384 1683 517 1770 reliqua
537 1681 743 1772 temporalia
761 1687 862 1748 erunt
881 1680 985 1770 primi
1004 1681 1041 1748 in
1058 1681 1125 1747 alia
1143 1681 1228 1760 vita;
1247 1685 1280 1747 et
1297 1703 1315 1747 e
1338 1699 1502 1746 converso

169 1892 296 1959 vissimi
308 1895 344 1959 in
355 1894 422 1960 alia
434 1894 520 1972 vita,
537 1895 619 1983 quia
631 1916 698 1961 non
709 1916 851 1961 censum
863 1893 924 1960 sed
935 1893 1112 1975 affectum,
1126 1916 1197 1960 non
1209 1897 1377 1981 quantum
1386 1891 1447 1964 sed
1460 1914 1500 1957 ex

168 2006 298 2088 quanto
312 2000 454 2067 offertur
474 2008 595 2090 pensat
611 2006 696 2067 [teus
715 2027 745 2066 ο.

294 2181 319 2252 d)
340 2183 435 2232 Iesus
453 2183 549 2232 docet
569 2183 610 2232 de
631 2195 695 2233 sua
713 2181 872 2246 passione
892 2185 927 2232 et
945 2182 986 2232 de
1006 2180 1194 2232 humifitate
1215 2179 1380 2246 103245.

206 2325 809 2392 1032.Erantauteminvia‘ascendontcs
883 2332 971 2391 iuti.
1012 2327 1095 2380 Ἦσαν
1127 2327 1153 2380 δὲ
1189 2327 1215 2379 ἐν
1252 2331 1284 2397 τῇ
1319 2327 1369 2399 θδῷ
1401 2325 1501 2378 ἀναδεί-

167 2421 367 2486 lerosolymam
375 2434 381 2481 ;
399 2425 427 2472 et
436 2422 623 2484 praecedebat
633 2422 696 2471 illos
716 2427 808 2482 iesus,
861 2436 943 2479 νοντες
976 2415 1009 2479 είς
1042 2414 1212 2488 Ἱεροσόλυμα·
1249 2416 1291 2469 zat
1320 2413 1351 2482 ἢν
1382 2410 1500 2487 προάγων

168 2512 195 2560 et
211 2510 374 2573 stupebant,
399 2513 427 2560 et
451 2514 601 2574 sequentes
616 2511 759 2561 timebant.
776 2511 810 2560 m
861 2506 949 2568 αύτούς
972 2505 988 2558 δ
1018 2504 1125 2574 Ἰησοῦς,
1159 2505 1201 2557 ναί
1227 2504 1394 2576 θθαμδούντο,
1423 2504 1447 2557 οἱ
1475 2503 1501 2557 δὲ

168 2610 314 2648 assumens
337 2600 436 2649 iterum
455 2598 616 2659 duodecim,
643 2601 735 2663 coepit
754 2600 810 2649 iltis
860 2593 1051 2657 ἀκολουθοῦντες
1088 2595 1231 2666 ἐροδούντο.
1265 2595 1307 2646 καὶ
1349 2593 1501 2664 παραλαύὼν

166 2686 258 2737 dicere
273 2694 453 2751 quaeessent
472 2689 497 2738 ci
514 2691 658 2738 eventura.
676 2689 718 2738 3³.
738 2687 810 2747 Quia
860 2684 935 2736 πάλιν
963 2685 1020 2746 τούς
1044 2685 1155 2752 δώδεκα,
1184 2681 1275 2755 ἤρξατο
1305 2683 1389 2745 αὺτοῖς
1417 2683 1501 2753 λέγειν

166 2787 230 2826 εσσε
244 2776 422 2826 ascendimus
442 2776 658 2839 lerosolymam,
675 2780 705 2827 et
724 2777 810 2827 Filius
859 2772 890 2826 τί
921 2772 1047 2844 μίλλοντα
1075 2776 1142 2845 αὐτῷ
1168 2772 1321 2845 συμδαίνειν·
1351 2777 1395 2828 33.
1425 2771 1499 2835 Ὅτι,

167 2864 288 2914 bominis
299 2865 425 2915 tradetur
435 2865 807 2928 principibussacerdotum‚
860 2863 927 2927 ιδού,
957 2861 1122 2933 ἀναδαίνομεν
1149 2860 1182 2924 είς
1212 2859 1388 2933 Ἱεροσόλυμα,
1418 2861 1460 2914 καὶ
1484 2862 1499 2913 δ

167 2959 194 3002 et
206 2953 319 3012 scribis,
337 2957 365 3002 et
387 2955 563 3014 senioribus,
589 2956 617 3004 et
639 2955 810 3004 damnabunt
858 2951 910 3013 νῖδς
928 2955 972 3004 τοῦ
986 2951 1115 3022 ἀνθρώπου
1129 2951 1325 3022 παραδοθήσεται
1344 2953 1396 3012 τοῖς
1414 2949 1499 3021 ἀρχιε-

165 3053 229 3091 eum
242 3044 345 3100 morte,
363 3045 391 3091 et
402 3042 514 3092 tradent
527 3056 594 3092 eum
604 3044 749 3106 gentibus;
764 3044 807 3095 et.
860 3044 941 3110 ρεύσιν
964 3041 1006 3093 ναί
1029 3043 1081 3103 τοῖς
1103 3044 1288 3112 γραμματεῦσιν
1312 3039 1354 3092 ταί
1378 3058 1498 3109 κατακρι-

167 3129 200 3178 Et
220 3129 337 3180 illudent
367 3132 410 3188 ei,
439 3134 467 3180 et
501 3135 659 3194 conspuent
682 3145 758 3191 eum,
782 3138 810 3182 et
859 3133 943 3182 νούαιν
976 3131 1052 3183 αύτδν
1086 3130 1197 3200 θανάτῳ,
1231 3129 1273 3181 καί
1311 3126 1500 3198 παραδώσουσιν

167 3215 352 3280 flagellabunt
366 3231 444 3279 eum,
460 3221 489 3269 et
504 3217 673 3270 interficient
688 3234 766 3281 eum,
782 3226 810 3271 et
860 3217 933 3270 αθτθν
961 3225 1014 3280 τοῖς
1051 3215 1145 3283 ἔθνεσι,
1181 3221 1222 3275 34.
1262 3217 1304 3269 καί
1342 3217 1499 3289 ἐμπαίξουσιν

167 3308 249 3357 tertia
264 3307 310 3356 die
323 3311 458 3371 resurget.
860 3305 942 3376 αύτῷ,
966 3307 1008 3359 καί
1033 3305 1197 3378 ἐμπτύσουσιν
1230 3306 1313 3377 αύτῷ,
1336 3307 1379 3358 καί
1409 3325 1499 3376 μαστι-

201 3395 246 3446 35.
270 3395 304 3444 nt
333 3395 469 3446 accedunt
491 3398 527 3447 ad
551 3411 615 3447 eum
640 3398 755 3449 lacobus
783 3403 811 3449 et
860 3397 983 3467 γύισονοιν
1002 3395 1093 3465 αύτθν,
1111 3396 1153 3448 ιιαί
1171 3395 1347 3449 ἀποκτενοῦσιν
1370 3395 1412 3447 καί
1437 3396 1499 3466 μετθ

166 3482 808 3550 Ioannes,filiiZebedaei‚diccntes:Megisten
860 3491 925 3554 τρεῖς
943 3484 1033 3556 ἡμέρας
1047 3485 1225 3552 ἀναστήσεται,

166 3572 294 3622 volumus
331 3576 361 3622 ut
399 3573 594 3638 quodcumque
633 3577 808 3638 petierimus,
897 3578 940 3627 ³5.
968 3574 1016 3626 Καὶ
1046 3574 1253 3645 προσπορεύονται
1282 3574 1351 3646 αύτῷ
1379 3574 1500 3637 ’ίάιιωδος

61 3700 71 3711 .
165 3659 252 3710 facias
266 3644 423 3711 nobisne.
443 3663 540 3712 Atilio
561 3663 632 3713 dixit
648 3666 690 3714 eis
710 3678 716 3712 :
737 3664 810 3724 Quid
860 3663 902 3714 καί
922 3662 1056 3736 Ἰωάννης,
1075 3664 1099 3715 oi
1117 3664 1161 3717 δύο
1179 3664 1228 3716 υἱοί
1245 3661 1393 3733 Ζεύεδαίου,
1411 3665 1500 3734 λύγον-

166 3749 249 3799 vultis
263 3753 292 3798 ut
310 3748 409 3799 iactam
421 3750 517 3801 vobis?
537 3751 580 3801 37.
604 3752 639 3801 Et
652 3754 807 3803 dixerunt:
861 3770 898 3812 τες
926 3751 1006 3823 αύτῷ,
1027 3753 1177 3821 Διδάσκαλε,
1206 3753 1311 3825 θέλομεν
1336 3755 1380 3806 ἵνα
1404 3755 1419 3806 θ
1456 3753 1499 3807 tto

167 3837 209 3887 Da
228 3838 309 3887 nobis
323 3842 353 3886 ut
370 3852 442 3888 unus
457 3839 492 3889 ad
512 3839 655 3890 dexteram
676 3846 767 3905 tuam,
783 3848 810 3893 et
860 3839 1002 3912 αἰτήσωμέν
1022 3861 1049 3895 σε
1068 3843 1172 3914 ποιήσῃς
1189 3841 1262 3912 ἡμῖν.
1284 3845 1327 3898 36.
1347 3841 1362 3894 θ
1380 3843 1406 3896 δὲ
1429 3840 1499 3896 εἶπεν

166 3927 238 3976 atius
265 3927 300 3976 ed
332 3929 475 3977 sinistram
501 3932 578 3979 tuam
608 3930 755 3981 sedeamus
780 3932 809 3981 in
861 3929 961 3994 αὐτοῖς,
981 3931 1014 3986 Τί
1032 3932 1111 3984 ittera·
1130 3950 1160 4002 με
1178 3932 1275 3998 ποιήσω
1297 3931 1356 4000 ύμῖν
1364 3949 1372 3993 ;
1401 3936 1446 3987 at.
1475 3932 1500 3985 οί

166 4015 256 4078 gloria
271 4021 328 4065 tua.
346 4016 390 4066 38.
409 4017 487 4066 lesus
505 4023 598 4068 autem
618 4021 659 4068 ait
676 4022 718 4069 eis
733 4034 739 4068 :
757 4021 809 4070 Ne·
859 4019 885 4070 δί
904 4016 979 4072 εἶπαν
998 4019 1079 4090 αύτῷ,
1105 4019 1150 4083 db<
1173 4019 1250 4091 ἡμῖν,
1273 4021 1317 4073 ἵνα
1342 4016 1376 4082 εἴς
1399 4040 1444 4074 σου
1472 4021 1499 4075 ἐι

164 4105 241 4153 scitis
261 4105 328 4168 quid
352 4107 452 4167 potatis
476 4118 481 4153 :
503 4108 619 4168 potestis
642 4108 738 4159 bibere
761 4123 810 4159 ca·
859 4107 944 4169 δεξιῶν
962 4108 1005 4160 καί
1023 4104 1058 4169 εἷς
1075 4108 1100 4170 ἔξ
1112 4108 1245 4180 ἀριστερῶν
1263 4110 1403 4181 καθίσωμεν
1422 4109 1449 4164 ἐν
1468 4120 1498 4182 τῇ

166 4192 260 4251 licem,
287 4206 369 4256 quem
397 4207 450 4258 ego
476 4194 563 4244 bibo?
586 4200 635 4245 aut
656 4196 808 4260 baptismo,
858 4196 917 4268 δόξῃ
936 4216 991 4250 σου.
1014 4201 1057 4252 38.
1086 4197 1101 4250 θ
1125 4197 1150 4251 et
1181 4196 1276 4265 Ἰησοῦς
1302 4195 1373 4252 εἶπεν
1401 4198 1498 4263 αὺτοῖς,

166 4293 220 4343 quo
239 4293 293 4344 ego
315 4282 449 4346 baptizor,
469 4283 620 4347 baptizari?
645 4285 687 4335 39.
714 4289 749 4336 m
769 4283 809 4337 illi
859 4284 911 4337 θύοι
937 4284 1022 4339 οἴδατε
1045 4287 1069 4339 τί
1092 4285 1209 4340 αίτεῖσθε.
1234 4288 1339 4340 δύνασθε
1372 4291 1437 4341 πιεῖν
1469 4291 1499 4341 sb

166 4369 296 4419 dixerunt
310 4372 359 4420 ei:
383 4373 544 4422 Possumus.
567 4374 645 4424 Iesus
665 4378 810 4425 autemaIt
860 4373 979 4444 ποτήριον
1005 4377 1020 4427 θ
1051 4374 1204 4448 ἔρδ’πίνω,
1233 4379 1248 4443 ἢ
1278 4377 1307 4430 τίν
1335 4378 1461 4448 βάπτισμα
1484 4380 1499 4430 δ

165 4459 234 4507 eis:
261 4456 384 4509 Calicem
399 4462 524 4524 quidem,
548 4476 632 4525 quem
653 4476 706 4527 ego
728 4463 807 4524 btbo,
860 4460 912 4532 ίγὼ
932 4464 1081 4535 βαπτίζομαι
1101 4466 1277 4536 βαπτισθῆναις
1299 4471 1343 4522 39.
1371 4466 1396 4519 οἱ
1413 4466 1440 4519 δὲ
1458 4464 1498 4520 εἷ-

166 4545 267 4595 bibetis
283 4560 289 4594 :
305 4551 333 4596 et
354 4550 506 4613 baptismo,
524 4565 580 4615 quo
599 4565 653 4615 ego
673 4552 808 4616 baptizor,
859 4571 908 4605 παν
936 4552 1016 4625 αύτῷ,
1046 4557 1180 4626 Δυνάμεθα.
1210 4555 1225 4607 θ
1250 4555 1277 4608 δὲ
1307 4553 1403 4622 Ἰησοῦς
1429 4555 1497 4611 εἶπεν

165 4634 371 4697 baptizabimini
401 4652 407 4686 ;
441 4640 482 4689 tu.
519 4640 624 4692 Sedere
652 4648 746 4692 autem
775 4643 809 4692 ad
860 4640 958 4705 αὺτοῖς,
978 4644 1014 4696 Τδ
1038 4645 1152 4715 ποτήριον
1180 4647 1194 4698 δ
1222 4645 1273 4717 ἐγὼ
1297 4645 1374 4709 πίνω,
1403 4647 1495 4699 πίεσθε·

165 4723 307 4772 dexteram
324 4738 413 4775 meam
426 4729 469 4777 vel
483 4729 517 4778 ad
528 4732 680 4791 sinistram,
697 4735 810 4782 nonest
860 4730 902 4782 καί
920 4730 949 4783 rb
969 4733 1094 4805 βάπτισμα
1112 4733 1189 4805 δέγὼ
1209 4733 1372 4806 βαπτίζομαι,
1393 4736 1497 4800 βαπτισ-

165 4823 256 4860 meum
278 4810 345 4861 darc
365 4815 457 4874 vobis,
481 4817 531 4867 sed
555 4819 658 4881 quibus
683 4823 808 4884 paratum
861 4819 976 4884 θήσεσθε·
999 4825 1044 4877 to.
1074 4824 1102 4876 τὸ
1130 4823 1156 4876 u
1174 4824 1273 4876 καθίσαι
1300 4823 1327 4877 ἐκ
1346 4823 1429 4883 δεξιῶν
1451 4845 1498 4894 μου

165 4902 216 4949 est.
241 4899 283 4949 di.
311 4901 344 4950 Et
367 4904 513 4956 audientes
541 4907 638 4958 decem
659 4915 810 4974 coeperunt
860 4909 903 4961 καὶ
922 4909 947 4973 ἐξ
966 4912 1098 4983 εὐωνύμων
1113 4933 1160 4984 μου
1180 4912 1225 4965 cdx
1244 4916 1310 4966 ἔστιν
1325 4913 1385 4983 ἐμδν
1404 4914 1490 4967 δοῦναι

165 4989 304 5053 indignari
317 4989 352 5040 de
362 4991 464 5044 Iacobo
476 4997 504 5044 et
519 4995 634 5048 Ioanne.
861 4997 925 5050 ἀλλ’
953 4995 991 5063 οίς
1017 5000 1173 5074 ἡτοίμασται.
1202 5006 1252 5075 θί.Ι
1275 5003 1322 5055 Καὶ
1350 5001 1498 5066 ἀκούσαντες
