3960 5654
171 522 229 580 476
696 535 790 581 nnnc.
812 520 842 592 6,
864 517 970 577 37-40.

171 692 241 738 esse
254 671 373 737 divites
387 666 492 732 iactos
503 667 539 730 in
552 669 694 736 Domino
709 669 811 758 (Alb.)
829 666 990 733 deserant
1002 669 1036 735 ei
1049 691 1061 735 .·
1076 679 1191 734 euntes
1205 689 1358 736 emamus
1372 665 1496 736 ducen-

172 778 212 844 tis
226 774 374 845 denariis
389 794 500 862 panes
515 785 547 838 et
561 771 718 843 dabimus
733 777 801 844 illis
817 771 1049 842 munducare?
1064 803 1080 836 u
1099 772 1192 864 quod
1207 774 1384 866 Philippus
1403 777 1496 864 apud

172 888 330 951 loannem
349 877 547 968 respondet,
563 881 628 948 hoc
640 887 768 950 Marcus
781 904 800 947 a
811 880 984 969 discipulis
1000 901 1199 970 responsum
1210 901 1279 958 esse
1290 902 1497 949 commemo-

172 994 239 1066 rat,
270 986 385 1053 volens
411 985 557 1072 intelligi
584 988 648 1055 hoc
672 1011 713 1054 ex
741 1011 800 1055 ore
826 995 1014 1053 ceterorum
1042 987 1236 1074 Philippum
1266 989 1495 1075 respondisse,

172 1114 381 1185 quamquam
409 1100 443 1158 et
463 1090 632 1181 pluralem
657 1115 836 1161 numerum
861 1115 923 1181 pro
948 1092 1114 1180 singulari
1138 1092 1350 1159 usitatissime
1372 1117 1498 1183 ponere

172 1204 356 1290 potuerunt
375 1227 391 1261 »
412 1200 461 1286 (S.
479 1203 567 1290 Auq.
583 1200 625 1266 de
639 1219 866 1284 conserang.
884 1204 975 1280 2116.
989 1200 1054 1287 96).
1071 1198 1177 1264 Simul
1193 1197 1228 1263 id
1241 1199 1498 1291 habeturquae-

171 1307 280 1373 stione
299 1305 432 1372 Domini
454 1307 641 1395 proposita,
667 1313 703 1372 ut
720 1306 786 1373 illis
803 1326 920 1371 senon
939 1305 1067 1373 habere
1082 1304 1282 1372 testantibus
1297 1307 1498 1393 magnitudo

171 1412 262 1498 signi
277 1413 337 1480 liat
350 1413 463 1478 notior
480 1412 575 1498 (Bed.
591 1412 710 1499 lons).
726 1411 908 1499 Responsio
922 1410 1165 1500 discipulorum
1183 1432 1245 1499 per
1258 1412 1498 1499 interrogatio-

171 1539 248 1585 nem
266 1517 414 1606 legenda
428 1524 476 1583 est
491 1525 525 1584 et
540 1525 606 1598 est,
629 1519 782 1585 uth'atli.
800 1515 900 1599 dicit,
916 1516 1110 1585 huiusmodi
1125 1538 1235 1584 sermo
1251 1539 1370 1584 eorum
1387 1519 1497 1607 quise

171 1625 310 1712 gravari
321 1629 531 1714 queruntur,
544 1623 598 1690 vel
608 1625 667 1713 qui
677 1625 756 1691 satis
767 1624 885 1690 mirari
895 1646 964 1690 non
975 1628 1113 1713 possunt
1128 1629 1161 1691 et
1171 1623 1268 1712 quasi
1277 1646 1340 1713 per
1353 1625 1497 1692 ironiam

173 1738 308 1819 rogant.
331 1735 472 1797 Summa
494 1731 721 1797 ducentorum
745 1729 962 1797 denariorum
986 1730 1099 1819 (quam
1116 1730 1298 1797 aestimant
1317 1736 1379 1797 170
1397 1731 1442 1799 lr.
1466 1737 1500 1798 et

173 1844 319 1906 130-1t0
338 1842 383 1914 hl;
402 1838 445 1904 cf.
461 1836 529 1904 Fil.
554 1837 701 1924 Seiana)
718 1842 893 1926 tamquam
913 1835 1055 1903 minima
1074 1836 1214 1903 effertur
1227 1859 1297 1927 qua
1311 1859 1397 1926 opus
1415 1846 1500 1906 esset

170 1950 208 2011 ut
220 1943 451 2033 unusquisqne
465 1942 598 2033 aliquid
613 1944 795 2033 acciperet.
811 1947 975 2009 Putarunt
988 1941 1093 2031 aliqui
1107 1963 1182 2009 eam
1194 1963 1363 2009 summam
1379 1949 1452 2010 tum
1463 1944 1500 2012 in

170 2050 289 2117 loculis
308 2049 440 2115 Domini
453 2048 567 2116 luisse.
587 2047 652 2116 Sed
667 2072 707 2116 ex
722 2049 990 2136 interrogatione
1008 2048 1238 2138 apostolorum
1252 2048 1289 2115 id
1303 2070 1373 2116 non
1387 2052 1501 2140 sequi-

171 2164 245 2239 tur3
271 2157 384 2245 potius
404 2154 582 2222 ostendere
603 2156 722 2222 volunt
740 2157 881 2222 Domino
897 2177 932 2222 se
952 2155 1071 2222 mirari
1093 2176 1155 2221 cur
1172 2153 1208 2221 id
1228 2178 1248 2222 a
1268 2177 1303 2221 se
1321 2158 1501 2245 postularit

172 2262 264 2353 quod
281 2263 376 2329 nullo
393 2263 495 2328 modo
509 2284 613 2351 penes
626 2284 661 2328 se
678 2263 732 2328 sit.

106 2363 108 2367 ’
217 2369 374 2448 Quamvis
401 2368 544 2458 apostoli
573 2369 747 2435 Christum
776 2369 871 2435 varia
898 2368 1063 2435 miracula
1095 2374 1290 2458 patrantem
1319 2367 1497 2452 vidissent,

171 2481 287 2543 tamen
302 2475 368 2541 illis
387 2497 455 2542 non
471 2476 564 2541 venit
583 2475 621 2541 in
637 2480 786 2541 mentem
806 2482 921 2564 petere
935 2474 980 2540 ub
999 2495 1038 2540 eo
1055 2481 1092 2540 ut
1106 2475 1273 2541 miraculo
1295 2475 1406 2542 turbis
1424 2498 1500 2544 suc·

171 2586 287 2649 currat
301 2604 413 2671 neque
428 2580 499 2648 ullo
516 2579 620 2647 modo
640 2579 799 2648 videntur
812 2581 978 2667 cogitasse
992 2602 1070 2648 eum
1086 2565 1183 2670 posse
1197 2581 1320 2648 turbae
1338 2582 1500 2649 esurienti

172 2690 275 2755 etiam
288 2689 452 2756 alimenta
461 2687 628 2778 praebere
637 2695 670 2754 et
679 2694 795 2755 tamen
807 2686 935 2755 Eliseus
947 2688 1115 2777 propheta
1125 2687 1249 2774 viginti
1260 2687 1408 2778 panibus
1418 2690 1501 2756 hor-

173 2794 306 2862 deaceis
320 2795 414 2884 pavit
433 2799 571 2860 centum
586 2796 679 2861 viros
692 2795 737 2860 ita
756 2799 794 2861 ut
806 2800 996 2884 superesset
1009 2794 1043 2881 (t
1060 2797 1143 2881 Reg.
1166 2795 1338 2884 hlei-tt).
1355 2795 1502 2863 Proinde

144 2932 148 2942 ·
172 2900 228 2967 hic
237 2922 375 2992 quoque
385 2906 527 2990 apparet
537 2922 593 2968 eos
602 2899 826 2968 tardosluisse
839 2902 873 2967 in
884 2922 963 2967 vera
973 2901 1015 2968 de
1026 2905 1098 2968 lesu
1110 2902 1246 2968 notione
1255 2900 1499 2992 concipienda;

172 3029 205 3074 v.
222 3012 265 3075 38
279 3019 311 3073 et
324 3006 406 3073 dicit
419 3007 466 3074 eis
481 3028 493 3074 .·
508 3021 592 3096 quot
603 3029 711 3097 pones
724 3005 875 3074 habetis?
888 3007 932 3074 ite
949 3020 982 3074 et
993 3007 1119 3074 videte!
1135 3019 1168 3074 et
1181 3028 1259 3074 cum
1275 3008 1504 3097 coqnovissene

173 3114 309 3182 dicunt:
320 3113 951 3203 quinqueetduospzscesmensetluas.
963 3113 1503 3181 hisceconstitutumessevictum

173 3242 275 3310 quem
286 3220 429 3310 apostoli
444 3241 506 3310 pro
518 3241 552 3286 se
566 3219 770 3300 detulerint;
788 3218 878 3286 unde
892 3241 1012 3286 eorum
1024 3220 1141 3287 laudat
1150 3219 1385 3305 frugalitatem
1400 3228 1434 3288 et
1445 3242 1504 3288 ne·

173 3327 322 3414 glectum
343 3348 459 3393 rerum
481 3325 726 3415 corporalium.
750 3325 816 3392 Sed
831 3325 953 3406 dubito
970 3348 1053 3393 num
1074 3349 1178 3416 panes
1197 3333 1231 3392 et
1248 3327 1356 3417 pisces
1377 3327 1503 3395 luerint

173 3432 403 3523 apostolorum
414 3455 422 3514 ;
435 3454 516 3499 nam
526 3432 618 3523 quod
632 3437 722 3499 loan.
739 3439 794 3511 6,9
806 3432 958 3499 Andreas
968 3432 1063 3514 dicit,
1076 3432 1186 3500 obstat
1194 3437 1227 3498 et
1235 3454 1368 3500 summe
1378 3433 1503 3524 impro-

173 3547 288 3616 babile
304 3555 353 3614 est
364 3538 588 3636 παιδάριον-ἰῶ
603 3548 672 3615 dici
689 3547 732 3615 de
748 3570 815 3614 uno
829 3570 869 3614 ex
881 3548 1059 3637 apostolis,
1076 3548 1167 3639 quod
1180 3555 1293 3616 tamen
1313 3548 1389 3615 lieri
1405 3571 1503 3638 posse

173 3656 264 3722 lans.
287 3656 459 3744 opinatur.
484 3659 529 3721 Ex
552 3655 749 3721 narratione
773 3654 864 3743 apud
886 3659 1045 3722 loannem
1065 3660 1158 3744 putet
1179 3660 1287 3722 totum
1308 3677 1503 3723 sermonem

174 3762 302 3829 versari
312 3783 380 3828 non
393 3760 437 3828 dc
446 3760 618 3828 alimentis
631 3750 719 3850 qnae
734 3762 875 3828 fortasse
884 3761 1028 3852 apostoli
1037 3784 1100 3852 pro
1111 3783 1146 3828 se
1157 3763 1237 3852 ipsis
1247 3752 1379 3829 habent
1389 3761 1449 3829 sed
1460 3761 1503 3828 de

174 3890 262 3959 pane
282 3868 391 3934 turbis
411 3866 635 3957 providendo.
664 3867 760 3934 Unde
784 3868 871 3934 nihil
895 3867 1116 3935 determinari
1136 3873 1248 3957 potest
1274 3869 1502 3936 habuerintne

173 3974 318 4065 apostoli
326 3994 432 4042 necne
441 3995 556 4041 secum
564 3975 743 4055 alimenta;
757 3997 789 4040 v.
805 3980 847 4041 39
858 3974 1075 4064 etpraecepit
1088 3974 1173 4057 illis,
1189 3988 1229 4041 ue
1240 3974 1441 4043 accumbere
1448 3976 1504 4065 sa·

171 4094 407 4149 carentomnes
419 4079 604 4147 secundam
624 4078 862 4162 contubernia,
872 4080 1026 4169 συμπόσια
1041 4081 1210 4168 συμπόσια,
1226 4082 1441 4151 hebraismus
1454 4091 1505 4151 est

170 4210 239 4277 quo
260 4186 539 4255 adiudicandum
558 4186 833 4254 distributionem
852 4187 945 4255 idem
963 4209 1088 4255 nomen
1103 4188 1155 4254 bis
1173 4191 1324 4278 ponitur,
1345 4212 1425 4257 cum
1442 4196 1504 4258 Hc·

171 4294 441 4361 braciadiectivo
451 4293 669 4361 distributive
681 4301 840 4376 careant3
857 4294 1000 4385 proinde
1015 4302 1052 4362 ut
1066 4317 1122 4362 eos
1137 4296 1338 4363 accumbere
1355 4298 1505 4365 lacerent

173 4406 358 4491 percoctus
370 4402 422 4468 vel
431 4401 565 4468 ordines
577 4401 819 4483 convivarum,
838 4403 1057 4484 catervatim
1074 4404 1100 4467 Τ
1097 4402 1218 4492 lieopb.
1235 4402 1382 4493 explicat
1393 4406 1505 4485 τραπέ-

175 4496 228 4580 ζας
242 4493 418 4594 διαφόρους;
436 4529 541 4597 super
560 4504 666 4574 viride
684 4508 824 4594 senum,
844 4507 880 4574 in
899 4507 1002 4574 viridi
1017 4510 1187 4596 gramine,
1206 4509 1299 4599 quod
1313 4510 1385 4576 solo
1401 4532 1505 4576 verno

176 4613 459 4704 tempore(prope
471 4614 780 4703 eratpaschaloan.
797 4614 866 4703 δώ)
880 4614 1111 4701 eainregionc
1123 4617 1283 4698 habetur;
1294 4639 1326 4683 v.
1337 4623 1379 4684 to
1393 4616 1505 4684 cedis-

178 4718 368 4787 cubuerunt
383 4720 420 4786 in
428 4734 546 4809 portes
557 4743 623 4811 per
638 4733 793 4788 centenos
813 4731 845 4787 et
859 4721 1116 4812 quinquagenos
1129 4718 1256 4811 πρασιαὶ
1268 4718 1392 4811 πρασιαί
1406 4746 1504 4791 areo·

177 4827 285 4910 latim,
303 4849 365 4916 per
379 4828 527 4908 areolas;
544 4824 668 4916 πρασιαὶ
682 4830 740 4917 γὰρ
754 4823 901 4917 λέγονται
914 4821 955 4890 τὰ
971 4824 1000 4890 ἐν
1015 4832 1082 4905 τοῖς
1095 4833 1201 4904 κήποις
1213 4818 1342 4920 διάφορα
1356 4825 1505 4919 κόμματα

179 4931 208 4997 ἐν
220 4926 263 5007 οἷς
275 4932 452 5022 persicam
464 4922 595 5022 διάφορα
606 4931 758 5010 πολλάκις
766 4939 886 5026 λάχανα
896 4935 1075 5029 (l'lzeoplt.)
1091 4945 1140 5006 est
1149 4939 1265 5028 itaque
1278 4943 1395 5027 πρασιαὶ
1410 4961 1500 5020 areu,
