3960 5654
863 385 954 429 uanc.
980 367 1028 436 ti,
1052 366 1102 425 38.
1590 368 1648 426 ³23

321 518 398 566 tuum
412 521 519 569 extoto
533 514 691 580 cordetuo,
707 525 784 571 etex
798 522 960 572 totaanima
1012 514 1073 581 ὅλης
1090 517 1169 587 {mig
1187 534 1245 576 σου,
1266 514 1308 565 καὶ
1326 513 1351 576 ἐξ
1374 515 1433 582 ὅλης
1455 515 1563 577 διανοίας
1591 535 1647 581 σου,

326 606 430 666 tua,et
444 618 479 656 ex
492 606 550 653 tota
559 613 653 659 mente
667 613 729 670 tua,
744 613 771 657 et
786 621 821 658 ex
835 613 894 660 tota
903 612 960 659 vir·
1012 604 1055 656 καί
1077 604 1101 666 ἐξ
1123 604 1183 669 ὅλης
1206 606 1249 667 τῆς
1275 601 1360 672 ἰσχύος
1383 622 1436 658 σου.
1464 605 1536 672 [αὕτη
1565 606 1648 674 πρώτη

324 697 383 745 tute
397 700 454 745 tua.
469 693 528 742 Hoc
541 698 714 761 estprimum
729 696 959 748 mandatum.3t.
1013 691 1126 763 tonia]
1146 696 1190 746 3ί.
1210 693 1310 762 δευτέρα
1336 691 1407 756 αὕτη·
1441 689 1583 761 Ἀγαπήσεις
1607 695 1650 746 τὸν

329 781 487 834 Secundum
501 784 593 835 autem
607 786 700 836 simile
713 786 809 836 estitit
827 800 834 835 :
853 787 961 849 Diliges
1012 782 1117 849 πλησίον
1146 800 1188 832 σου
1216 781 1249 842 ὡς
1283 782 1396 833 σεαυτόν.
1433 782 1523 849 μείζων
1557 784 1649 834 τούτων

320 873 477 934 proximum
487 876 563 922 tuum
573 875 715 938 tamquam
725 875 862 938 teipsum.
872 874 962 926 Maius
1012 871 1078 937 ἄλλη
1103 868 1191 935 ἐντολὴ
1216 869 1259 921 οὖν.
1284 869 1361 922 ἔστιν.
1389 873 1432 922 ir.
1457 868 1526 922 εἶπεν
1551 870 1650 940 attriti

327 961 426 1011 horum
440 959 516 1011 aliud
530 962 691 1014 mandatum
704 974 760 1012 non
774 966 826 1015 est.
1011 960 1184 1030 γραμματεὺς,
1207 958 1307 1018 Καλῶς,
1337 959 1485 1025 διδάσκαλε,
1516 958 1557 1011 ἐπ’
1585 959 1650 1025 ἀλη-

359 1047 404 1100 ti.
422 1047 457 1098 iit
475 1051 672 1103 aitiilieoriba
688 1064 694 1098 :
709 1051 801 1114 Bene,
817 1053 959 1117 Magister,
1012 1049 1078 1111 θείας
1108 1045 1193 1112 εἶπας,
1222 1049 1261 1100 ὅτι
1289 1044 1322 1108 εἷς
1355 1047 1418 1100 ἐστὶν
1445 1048 1486 1099 καὶ
1512 1047 1556 1100 οὖν
1585 1047 1651 1101 ἔστιν

331 1139 360 1186 in
374 1138 490 1189 veritate
509 1139 618 1201 dixisti,
641 1140 708 1202 quia
724 1153 797 1191 unus
812 1143 854 1192 est
870 1141 960 1199 Deus,
1012 1137 1090 1199 ἄλλος
1107 1135 1172 1201 πλὴν
1192 1135 1277 1190 αὐτοῦ.
1300 1139 1342 1189 33.
1369 1136 1410 1187 καί
1433 1137 1461 1188 :b
1485 1136 1581 1206 ἀγαπᾷν
1606 1136 1651 1188 οὗ·

326 1231 354 1275 et
375 1229 489 1278 nonest
506 1229 578 1279 alius
596 1231 706 1292 praeter
726 1242 801 1280 eum.
821 1230 866 1280 33.
882 1229 916 1280 Et
932 1231 962 1279 ut
1012 1225 1055 1278 τὸν
1079 1225 1103 1287 ἐξ
1121 1226 1183 1292 ὅλης
1200 1227 1313 1295 καρδίας,
1341 1225 1383 1276 καὶ
1406 1224 1430 1286 ἐξ
1449 1225 1508 1290 ὕλης
1527 1230 1569 1292 τῆς
1592 1245 1652 1277 σον·

328 1309 460 1378 diligatur
474 1330 509 1368 ex
523 1316 691 1378 totocorde,
708 1322 785 1370 etex
803 1321 863 1370 toto
878 1319 961 1368 intel·
1012 1316 1097 1378 ἰσεως,
1131 1315 1173 1367 καὶ
1206 1312 1230 1375 ἔξ
1260 1315 1321 1380 ὅλης
1349 1319 1392 1379 τῆς
1422 1313 1519 1384 ἰσχΰος,
1551 1316 1592 1385 tusi
1623 1316 1652 1368 τὸ

324 1402 411 1464 lectu,
427 1407 503 1456 etex
516 1410 576 1456 tota
588 1407 696 1466 anima,
712 1411 741 1458 et
759 1421 795 1458 ox
809 1410 868 1458 tota
881 1407 961 1458 torti·
1012 1402 1111 1474 ἀγαπᾷν
1128 1404 1171 1456 τὀν
1190 1402 1298 1469 πλησίον
1317 1404 1350 1465 ὡς
1365 1402 1465 1468 ἑαυτὸν,
1481 1405 1652 1473 περισσότερόν

324 1493 436 1555 tudine;
459 1497 487 1545 et
503 1494 620 1558 diligere
637 1497 796 1559 proximum
819 1503 962 1561 tamquam
1012 1491 1078 1546 ἔστιν
1101 1493 1200 1546 πάντων
1225 1499 1274 1544 τῶν
1298 1491 1512 1562 ὁλοκαυτωμάτων
1540 1493 1580 1544 καὶ
1608 1494 1652 1544 3ο-

327 1595 358 1632 se
377 1584 483 1646 ipsum,
507 1584 596 1633 maius
619 1586 662 1634 ost
681 1586 810 1636 omnibus
831 1586 961 1636 holocau-
1012 1587 1084 1638 σιῶν.
1106 1586 1151 1638 34.
1171 1581 1250 1634 καὶὸ
1283 1579 1394 1648 Ἰησοῦς,
1426 1581 1484 1634 ἰδὼν
1513 1580 1585 1634 αὑτὸν
1614 1583 1653 1633 ὅτι

329 1670 518 1721 tomatibuset
532 1669 686 1723 sacrifieiis.
708 1673 750 1723 34.
770 1673 850 1725 Iesus
868 1679 962 1724 utitem
1013 1675 1137 1741 νουνεχῶς
1167 1669 1303 1741 ἀπεκρίθη,
1329 1668 1398 1722 εἶπεν
1427 1670 1506 1742 αὐτῷ,
1543 1671 1578 1722 oi
1607 1690 1652 1739 pu·

323 1757 424 1809 videns
436 1759 511 1823 quod
526 1762 667 1825 sapienter
681 1761 880 1826 respondisset,
893 1762 964 1812 dixit
1013 1758 1074 1829 κρίν
1112 1755 1136 1812 εἷ
1177 1757 1226 1812 ἀπὸ
1271 1763 1313 1825 τῆς
1346 1760 1471 1829 βασιλείας
1508 1767 1549 1811 τοῦ
1579 1758 1651 1812 θεοῦ.

323 1847 365 1897 ilii
382 1859 388 1895 :
406 1848 468 1898 Nori
483 1849 742 1914 eslongearegno
754 1852 816 1902 Dei.
833 1852 962 1902 Etnemo
1013 1849 1068 1901 itai
1099 1847 1181 1910 obiti<
1214 1847 1294 1901 οὗκέτι
1327 1847 1421 1919 ἐτόλμα
1453 1849 1525 1901 αὑτὸν
1561 1848 1652 1918 ἐπερω-

318 1936 378 1985 iam
392 1936 512 1988 audebat
526 1950 589 1989 eum
604 1940 787 2004 interrogare.
1013 1941 1095 2004 τῆοοι.

357 2206 389 2255 ln
404 2218 430 2253 v.
450 2205 482 2255 28
494 2203 563 2264 ειδως
578 2204 636 2261 ,ντί
646 2207 668 2257 Β
680 2203 732 2256 ΧΓ
746 2205 765 2254 Δ
779 2220 834 2258 uno
848 2209 863 2258 3
877 2208 903 2257 al
914 2208 999 2271 longe
1015 2207 1043 2270 pl
1058 2209 1109 2258 sab
1119 2220 1186 2272 cop;
1199 2208 1224 2257 ai
1238 2205 1311 2266 ιδων;
1325 2203 1413 2258 εντολτ.
1425 2223 1508 2272 xpum
1520 2223 1619 2254 πιντων
1633 2219 1653 2262 ,ν

325 2295 346 2344 Β
357 2294 379 2347 C
389 2295 411 2344 L
424 2293 449 2345 U
459 2291 478 2342 Δ
488 2295 546 2359 aliq
559 2297 668 2346 minuso
681 2308 733 2359 oop
748 2308 795 2359 syr
810 2294 871 2362 intr)
888 2309 923 2346 ον
942 2297 1003 2346 hier
1019 2298 1099 2356 aeth;
1115 2309 1160 2346 om
1179 2312 1278 2346 παντων
1299 2297 1321 2345 ί)
1334 2297 1399 2346 aito
1410 2295 1429 2344 ii
1436 2293 1445 2325 ²
1456 2292 1490 2358 g²
1501 2298 1534 2346 ik
1550 2311 1566 2360 q
1583 2310 1651 2345 ann.

325 2383 358 2433 In
372 2398 398 2433 v.
415 2384 449 2436 is
465 2384 540 2435 Deus
553 2391 644 2434 notter
658 2380 747 2434 abii²
757 2384 775 2434 k
786 2384 824 2449 iq
838 2389 867 2435 et
881 2385 953 2436 oodd
967 2386 1036 2448 vulg
1057 2386 1117 2449 pler
1126 2400 1132 2444 ;
1157 2390 1220 2435 tuus
1235 2386 1341 2435 liabent
1355 2398 1388 2434 ev
1411 2385 1470 2434 bier
1490 2385 1546 2434 <iub
1570 2386 1654 2435 theod

322 2474 372 2537 ing
386 2486 433 2523 ear
447 2473 503 2523 iioh
514 2474 553 2524 toi
568 2475 613 2523 vai
633 2474 690 2523 avii.
715 2474 746 2523 in
760 2487 789 2524 v.
810 2473 844 2524 30
859 2473 914 2525 add
933 2489 994 2536 ουτη
1009 2489 1094 2540 apum.
1110 2469 1201 2536 εντολτ,
1218 2477 1240 2523 ,i
1251 2475 1273 2524 D
1287 2475 1309 2523 Κ
1321 2473 1345 2523 U
1357 2470 1377 2520 ίί
1390 2470 1406 2520 i·
1423 2487 1475 2523 unc
1489 2475 1503 2524 8
1518 2475 1544 2522 ai
1560 2476 1619 2538 pler
1634 2477 1655 2524 it

322 2563 383 2625 pier
396 2562 464 2625 vulg
477 2575 512 2612 ev
523 2563 584 2613 hier
603 2575 641 2626 go
652 2576 699 2626 syr
714 2560 777 2629 (uir)
800 2575 859 2612 arm
871 2564 936 2613 aeth
957 2562 1017 2626 Cyp
1033 2563 1088 2613 Hil.
1111 2563 1142 2612 ln
1162 2577 1187 2610 v.
1212 2563 1242 2613 31
1270 2558 1377 2628 &steps
1392 2579 1451 2624 ινιτ,
1476 2562 1587 2616 aaut
1603 2564 1653 2612 sab

326 2663 392 2715 oop;
408 2652 435 2701 al
450 2665 525 2717 ομοιο
539 2666 612 2714 αντη.
626 2651 658 2700 1n
672 2665 699 2701 v.
717 2651 750 2701 32
763 2667 796 2709 εις
811 2666 876 2701 εστιν
890 2650 945 2709 θεος
959 2651 1014 2702 DE
1027 2651 1081 2702 FG
1095 2651 1156 2701 Hal
1171 2656 1216 2702 sat
1231 2665 1278 2701 mu
1294 2665 1327 2702 ov
1352 2653 1440 2701 hiera
1454 2649 1542 2701 boii²
1556 2655 1562 2700 i
1576 2666 1592 2715 q
1608 2659 1655 2715 opt

326 2735 424 2807 (marg)
440 2743 480 2790 mt
493 2754 530 2790 ox
543 2740 598 2790 ken
614 2740 680 2790 rush
696 2740 736 2790 tol
752 2741 796 2790 vai
808 2753 858 2790 sax
871 2742 922 2790 sah
938 2754 990 2804 eop
1005 2754 1064 2790 arm
1080 2741 1133 2791 Hil.
1152 2747 1182 2790 ln
1195 2756 1222 2793 ν.
1248 2740 1280 2789 33
1301 2741 1354 2791 add
1370 2737 1393 2796 εξ
1405 2736 1465 2801 eim
1484 2756 1525 2801 της
1539 2739 1620 2806 {aum
1631 2745 1653 2791 ,t

324 2829 347 2879 D
359 2825 411 2878 ΧΓ
427 2825 448 2877 [Ι
462 2843 516 2879 uno
528 2829 543 2879 9
557 2829 585 2879 al
599 2831 660 2893 pier
673 2829 691 2879 b
706 2843 722 2880 o
742 2825 778 2878 π’
788 2831 796 2878 ί
807 2829 843 2893 lq
865 2830 933 2893 vulg
947 2831 998 2879 sah
1022 2842 1069 2893 syr
1090 2829 1152 2896 (uir)
1170 2843 1207 2893 go
1222 2831 1286 2879 aeth
1306 2830 1366 2886 liii;
1381 2831 1512 2879 omittunt
1527 2843 1545 2883 ,ν
1562 2831 1580 2878 li
1600 2831 1618 2879 ί.
1636 2829 1654 2875 i

323 2918 381 2982 aliq
396 2919 505 2969 minuso
517 2930 535 2967 a
548 2931 600 2982 oop
615 2931 674 2968 arm
688 2918 720 2968 Ti
731 2918 772 2968 W
783 2918 821 2978 ii;
837 2933 1011 2986 περιοοοτερον
1022 2931 1042 2974 a·
1055 2919 1075 2968 13
1086 2919 1107 2969 L
1118 2919 1137 2967 .i
1149 2919 1180 2969 33
1197 2919 1227 2967 Τί
1246 2919 1283 2967 W
1301 2919 1338 2976 H;
1352 2921 1377 2967 ui
1392 2915 1488 2967 πλειον.
1503 2918 1533 2967 in
1551 2933 1576 2969 ν,
1591 2920 1621 2968 ii
1635 2934 1651 2967 a

331 3013 431 3058 etcum
446 3007 561 3058 vidisset
571 3019 634 3057 eum
649 3007 728 3058 iesus
740 3009 807 3071 quia
820 3011 933 3058 sensate
947 3008 1102 3073 respondit.

367 3267 412 3330 Ex
435 3263 549 3330 batth.
575 3269 677 3339 2333
697 3262 867 3352 pharisaei
888 3285 967 3329 oum
991 3262 1164 3329 audissent
1178 3262 1378 3328 sadducaeis
1398 3285 1466 3328 osse
1479 3263 1653 3328 sitentium

320 3371 517 3460 impositum
531 3391 551 3435 a
565 3368 696 3435 Christo
710 3395 726 3430 «
744 3375 977 3436 convenerunt
996 3370 1032 3435 in
1051 3392 1159 3436 unum
1179 3376 1213 3435 ei
1229 3371 1454 3455 interrogavit
1471 3391 1548 3434 euin
1566 3391 1653 3436 unus

321 3499 361 3544 ex
376 3476 422 3544 eis
433 3477 519 3562 legis
534 3475 653 3542 doctor
667 3481 801 3542 tentans
810 3497 889 3542 eum
902 3495 938 3556 »3
955 3475 1047 3543 unde
1063 3478 1142 3543 satis
1155 3486 1311 3566 apertum
1328 3482 1377 3542 esi
1388 3475 1651 3561 legisdoctorem

322 3605 392 3651 esse
411 3606 432 3649 a
450 3581 637 3674 pharisaeis
655 3582 796 3648 niissum
813 3588 850 3647 ut
867 3583 1067 3671 quaestione
1087 3605 1147 3649 sua
1167 3587 1275 3650 iesum
1301 3590 1459 3649 tentaret.
1482 3587 1517 3648 in
1535 3605 1652 3648 narru-

323 3691 414 3757 tione
439 3687 530 3780 apud
554 3693 703 3755 Martum
729 3688 816 3755 nihil
843 3687 968 3755 dieitur
992 3689 1034 3755 de
1057 3697 1183 3756 conatu
1205 3691 1257 3755 vel
1279 3689 1455 3755 voluntate
1480 3689 1649 3764 tentandi:

321 3797 427 3863 immo
443 3796 528 3883 legis
542 3793 788 3862 doctorlaudai
800 3798 909 3862 lesum
923 3801 956 3861 et
969 3795 1041 3885 ipse
1057 3818 1193 3885 quoque
1208 3796 1339 3885 aliquid
1356 3795 1467 3862 laudis
1480 3802 1510 3861 ot
1528 3819 1652 3884 appro-

322 3903 466 3969 bationis
484 3902 648 3968 aCbristo
670 3902 806 3992 accipit.
833 3905 956 3968 Verum
978 3903 1043 3968 nisi
1059 3902 1136 3991 quis
1157 3902 1242 3969 duas
1262 3905 1323 3969 bas
1338 3904 1548 3969 narrationes
1566 3904 1653 3968 inter

321 4030 355 4074 se
375 4029 532 4097 pugnare
558 4009 726 4097 perfracte
742 4008 947 4075 contendere
964 4007 1124 4081 voluerit,
1150 4009 1247 4076 facile
1270 4008 1389 4075 modus
1409 4010 1576 4097 reperitur
1596 4030 1652 4074 eus

323 4116 412 4181 inter
426 4137 460 4180 se
471 4114 684 4181 conciliandi.
705 4114 844 4181 Accedit
858 4114 931 4181 scil.
956 4115 1076 4181 missus
1098 4139 1118 4181 a
1140 4117 1344 4205 pirarisaeis
1365 4114 1495 4182 accedit
1516 4137 1652 4203 (proque

322 4243 399 4289 cum
414 4221 529 4289 animo
543 4219 713 4300 tentandi,
725 4243 844 4288 verum
860 4244 931 4288 non
941 4220 1027 4288 adeo
1043 4223 1223 4299 malevolo,
1240 4224 1287 4287 uti
1303 4223 1370 4288 iam
1384 4245 1424 4288 ex
1436 4246 1466 4288 ν.
1487 4228 1527 4287 28
1545 4228 1649 4309 putet:

321 4350 440 4395 verum
461 4326 599 4395 sublimi
612 4328 736 4394 Christi
751 4329 968 4419 responsione
983 4329 1123 4418 eiusque
1143 4330 1378 4395 benevolentia
1397 4351 1464 4417 qna
1480 4329 1652 4416 respoudit

322 4441 440 4526 eaptus
464 4441 611 4501 mentem
633 4433 739 4500 aliam
760 4433 875 4502 induit
895 4457 1040 4524 eamque
1064 4442 1214 4503 meretur
1231 4435 1366 4501 laudem
1389 4457 1493 4524 quam
1514 4441 1600 4501 lesus
1620 4437 1650 4501 ei

321 4542 442 4608 tribuit
465 4542 520 4630 (cf.
551 4541 633 4609 Vici.
659 4539 805 4630 Theoplt.
833 4540 965 4629 ΕοιίΙο.);
993 4571 1009 4602 «
1035 4541 1150 4608 audita
1176 4544 1391 4630 responsione
1414 4543 1534 4607 Christi
1559 4542 1652 4606 <tatii

323 4649 487 4716 honorem
513 4648 644 4714 veritati
666 4674 682 4708 »
703 4647 822 4736 (Cui).
848 4648 928 4715 ,iliis
949 4647 1061 4737 placet
1081 4647 1165 4714 iilud
1187 4656 1315 4715 tentare
1335 4647 1428 4738 apud
1449 4650 1649 4715 iiatibaeum

221 4822 226 4831 ,
322 4755 502 4844 benignius
521 4779 560 4824 ae
575 4756 691 4823 mitius
710 4754 862 4845 accipere
883 4757 906 4823 i.
928 4779 957 4823 e.
976 4763 1012 4822 ut
1027 4755 1196 4842 significet
1211 4756 1320 4823 sotum
1335 4757 1526 4844 explorare.
1549 4778 1650 4845 orpe-
