3960 5654
202 510 261 572 376
722 531 810 575 unae.
836 515 884 583 tl,
907 513 1018 575 22-24.

201 681 278 741 pore
298 667 329 722 et
343 659 495 736 sanguine
512 661 666 722 unionem
687 666 862 743 significare
879 669 934 723 aut
953 665 1120 726 dumtaxat
1139 660 1313 741 producere
1330 657 1458 725 dicitur,
1475 656 1530 714 sed

203 761 272 839 ipsa
284 763 329 816 ert
343 756 434 828 unio;
452 759 539 834 atqui
558 762 720 837 quomodo
737 763 767 821 id
786 777 854 820 esse
875 766 994 836 potest,
1013 764 1072 820 nisi
1093 776 1209 836 corpus
1229 763 1261 817 et
1276 757 1402 836 sanguis
1418 752 1532 813 Christi

201 871 275 916 rere
296 859 329 913 et
347 854 473 914 realiter
494 862 525 917 et
546 860 795 919 substantialiter
814 858 938 918 adsint?
960 859 1093 918 hitende
1119 873 1246 936 quoque
1265 854 1447 932 apostolum
1470 868 1531 908 non

200 967 297 1024 usum
315 968 384 1010 esse
407 955 560 1015 vocabulo
576 961 705 1034 μετοχῆς,
720 963 754 1017 ut
776 961 884 1014 monet
904 953 1030 1036 Chrys,
1053 957 1108 1015 sed
1133 955 1250 1015 dixisse
1270 953 1407 1010 κοινωνίαν
1426 948 1532 1028 (unio-

201 1047 300 1129 nem),
317 1050 392 1126 quia
413 1069 527 1129 panem
548 1054 638 1114 illum
659 1055 789 1114 edentes
811 1059 841 1111 et
862 1071 878 1112 e
901 1055 998 1114 calice
1022 1054 1074 1111 illo
1096 1055 1239 1113 bibentes
1261 1068 1332 1109 rere
1354 1055 1386 1110 et
1407 1047 1533 1126 proprie

200 1161 275 1206 cum
288 1145 409 1208 Christo
425 1150 550 1208 unimur
564 1177 577 1203 ν
595 1149 754 1229 (Cernetis,
767 1152 944 1211 Commeat.
963 1154 993 1210 in
1012 1155 1023 1209 l
1041 1151 1110 1210 Cor.
1127 1170 1155 1228 p.
1174 1150 1254 1222 ί293).
1273 1149 1360 1207 ldem
1376 1149 1480 1208 elucet
1494 1161 1530 1203 cx

201 1259 239 1303 eo
259 1245 344 1320 quod
363 1247 524 1325 apostolus
540 1249 709 1308 Corinthiis
730 1247 864 1306 scribit:
882 1251 935 1326 qui
953 1247 1122 1308 manducat
1141 1249 1189 1308 rel
1205 1247 1285 1306 bibit
1299 1246 1443 1323 indigne,
1462 1259 1533 1302 reus

201 1340 263 1400 erit
281 1344 422 1421 corporis
442 1350 474 1404 et
493 1346 656 1422 sanguinis
676 1345 798 1404 Domini
817 1345 845 1422 (l
866 1347 934 1406 Cor.
960 1348 1058 1414 thail
1079 1345 1097 1402 i.
1123 1364 1150 1405 e.
1173 1362 1244 1405 reus
1264 1345 1323 1402 erit
1342 1343 1482 1419 corporis
1503 1345 1534 1398 et

201 1441 363 1518 sanguinis
379 1441 505 1500 Domini
522 1442 647 1520 indigne
664 1443 803 1514 tractati;
822 1443 852 1502 id
868 1444 954 1520 quod
976 1445 1093 1520 pariter
1116 1443 1267 1521 supponit
1285 1457 1393 1499 rercra
1408 1438 1532 1506 adesse,

201 1543 264 1596 bon
287 1539 468 1616 symbolum
488 1522 685 1616 ethguram,
703 1539 758 1598 sed
777 1541 881 1617 ipsum
897 1559 1012 1618 corpus
1033 1548 1064 1599 et
1081 1542 1269 1618 sanguinem
1286 1536 1422 1598 Domini.
1446 1536 1533 1595 ldem

202 1635 345 1711 sequitur
362 1653 401 1696 ex
416 1653 444 1695 v.
463 1637 500 1695 ab
515 1653 522 1693 τ
539 1637 595 1712 qui
617 1637 787 1696 manducat
807 1645 838 1697 et
857 1639 937 1697 bibit
958 1638 1100 1715 indigne,
1120 1638 1272 1697 iudicium
1289 1636 1350 1695 sibi
1367 1633 1535 1693 manducat

140 1784 144 1791 .
201 1734 234 1792 et
252 1732 335 1792 bibit
355 1751 418 1792 noa
440 1730 615 1792 diiudicatis
639 1753 748 1814 corpus
773 1733 932 1804 Dominit
960 1735 996 1808 μὴ
1022 1735 1160 1812 διακρίνων
1187 1752 1248 1794 non
1272 1733 1449 1793 diiudicans
1475 1746 1535 1789 ucc

201 1829 406 1890 considerans
421 1847 490 1890 esse
505 1846 621 1908 corpus
638 1832 761 1891 Domini
778 1833 861 1909 quod
878 1833 1061 1904 manducet,
1078 1834 1125 1892 vel
1142 1839 1175 1892 ut
1191 1833 1242 1891 alii
1258 1831 1453 1906 concipiunt,
1472 1845 1533 1885 non

202 1925 386 1988 discernens
400 1945 515 2005 corpus
531 1930 656 1988 Domini
671 1947 689 1989 a
702 1931 771 1988 cibo
786 1931 915 2006 profano
933 1931 984 2008 (cl.
1004 1927 1136 2006 Cmuetq
1153 1932 1172 1988 l.
1190 1948 1216 1989 c.
1236 1947 1265 2006 p.
1283 1930 1366 2003 350).
1382 1961 1420 1969 —
1438 1928 1534 1984 Porro

203 2022 279 2100 quid
300 2025 436 2102 aposloli
455 2026 669 2086 intellexerint
688 2032 719 2086 et
738 2027 919 2096 docuerint,
945 2035 1031 2105 patet
1051 2047 1088 2087 ex
1110 2028 1169 2086 lide
1192 2032 1224 2086 et
1243 2026 1386 2085 doctrina
1403 2024 1534 2082 Patrum

201 2121 453 2198 apostolicorum
468 2129 500 2182 et
514 2124 612 2183 totius
630 2125 783 2184 Ecclesiae
800 2126 977 2202 primorum
994 2127 1205 2185 sacculorum.
1220 2126 1283 2183 lam
1302 2123 1382 2181 tradi
1393 2127 1425 2180 et
1435 2121 1534 2179 asseri

201 2217 377 2279 clarissime
397 2224 429 2279 et
447 2227 626 2281 constanter
645 2222 765 2281 realem
784 2223 995 2299 praesentiam
1012 2224 1206 2299 eandemque
1228 2221 1322 2280 fidem
1340 2220 1371 2278 in
1386 2219 1534 2278 omnibus

201 2314 337 2394 liturgiis
349 2317 504 2377 contineri
521 2318 697 2379 luculenter
709 2321 928 2379 demonstrant
944 2321 1081 2398 theologi
1098 2319 1266 2397 dogmatici
1280 2325 1311 2377 et
1328 2318 1348 2376 ii
1365 2317 1420 2394 qui
1436 2317 1535 2375 histo-

200 2412 280 2500 riam
294 2412 455 2475 doctrinae
471 2416 647 2494 primorum
664 2418 862 2477 saeculorum
878 2419 1144 2494 conscripserunt.
1161 2417 1191 2475 ld
1205 2418 1344 2476 innuisse
1355 2433 1412 2492 pro
1429 2420 1535 2472 nostra

201 2527 235 2570 re
252 2511 379 2573 sufficit.

205 2611 208 2616 ’
242 2608 304 2670 Cur
323 2611 409 2671 lesus
424 2616 498 2688 post
513 2628 646 2671 coenam
668 2613 842 2672 instituerit
860 2613 1100 2679 eucharistiam,
1121 2612 1215 2671 aliam
1232 2612 1322 2670 alleri
1337 2611 1368 2671 S.
1388 2610 1467 2689 lup.
1486 2626 1535 2667 ra-

201 2705 345 2767 tionem:
363 2731 378 2761 r
398 2725 460 2784 quo
476 2710 697 2769 vehementius
713 2711 949 2770 commendaret
966 2711 1107 2787 mysterii
1128 2710 1213 2768 illius
1229 2708 1443 2777 altitudinem,
1462 2707 1536 2765 ulti-

202 2820 293 2863 mum
309 2804 368 2866 hoc
384 2807 483 2866 roluit
501 2808 594 2866 altius
617 2808 746 2885 infigere
761 2809 910 2868 cordibus
930 2815 960 2868 et
982 2809 1154 2867 memoriae
1170 2807 1414 2884 discipulorum,
1432 2823 1448 2864 a
1466 2805 1536 2881 qui·

202 2900 262 2960 bus
278 2901 317 2961 ad
330 2904 510 2979 passionem
526 2904 724 2982 digressurus
741 2912 807 2964 erat
825 2932 837 2959 ν
856 2907 961 2983 (epist.
981 2908 1062 2974 biti.
1081 2908 1116 2975 8;
1134 2906 1211 2963 alias
1226 2906 1319 2982 epist.
1337 2905 1409 2975 1183
1425 2900 1466 2960 Μ.
1484 2904 1533 2971 33,

202 2997 284 3077 203).
303 2999 421 3059 Eodem
436 3000 507 3060 loco
522 3019 547 3059 a.
562 3001 671 3061 doctor
685 3004 788 3080 arguit
804 3021 840 3061 er
854 3021 891 3062 eo
907 3004 990 3079 quod
1007 3009 1079 3079 post
1092 3020 1222 3060 coenam
1239 3001 1363 3060 dederit
1380 3000 1535 3058 Dominus

202 3113 267 3156 nou
282 3097 372 3174 sequi
388 3115 445 3157 nos
461 3116 589 3175 quoque
601 3117 731 3176 pransos
747 3106 800 3158 aut
813 3107 959 3159 coenatos
972 3101 1009 3158 ad
1029 3101 1104 3158 illud
1120 3106 1352 3158 sacramentum
1365 3098 1535 3156 convenire

203 3192 333 3267 debere;
361 3218 376 3248 «
403 3196 520 3273 placuit
547 3195 680 3273 Spiritui
706 3204 830 3264 saneto,
852 3199 937 3256 utin
962 3198 1113 3256 boruu‘em
1137 3198 1213 3255 tanti
1240 3196 1426 3256 sacramenti
1449 3197 1479 3253 in
1500 3212 1535 3252 os

106 3345 109 3351 .
203 3289 371 3351 Christiani
388 3293 475 3370 prius
491 3293 692 3353 Dominicum
710 3312 823 3370 corpus
840 3295 970 3353 intraret
987 3313 1081 3370 quam
1098 3296 1194 3353 ceteri
1210 3295 1288 3364 cibi;
1306 3311 1378 3351 nam
1393 3292 1463 3352 ideo
1479 3309 1536 3369 per

205 3389 390 3449 universum
405 3391 516 3450 orbem
537 3408 605 3449 mos
627 3392 685 3450 iste
708 3398 852 3450 serretur
879 3418 903 3450 ν.
927 3393 958 3451 Si
979 3395 1034 3468 qui
1057 3399 1159 3450 tamen
1182 3392 1212 3450 in
1235 3393 1303 3468 ipso
1321 3389 1534 3450 anniversario

203 3484 255 3545 die
268 3502 384 3546 coenae
400 3487 525 3547 Domini
540 3493 572 3547 et
588 3488 750 3547 institutae
766 3489 971 3548 eucharistiae
987 3490 1024 3548 ael
1042 3491 1245 3565 insigniorem
1261 3487 1536 3547 commemoratio-

204 3599 278 3642 nem
295 3583 363 3644 eius
378 3585 464 3660 quod
485 3585 639 3644 Dominus
656 3586 728 3645 lecit
745 3585 934 3645 contendant
955 3594 1026 3663 post
1046 3588 1133 3644 cibos
1149 3586 1254 3644 ollerri
1275 3591 1306 3644 et
1322 3586 1421 3662 accipi
1440 3584 1534 3643 licere

204 3695 317 3757 corpus
338 3686 369 3740 et
390 3683 577 3759 sanguinem
599 3684 740 3752 Domini,
761 3709 774 3734 «
796 3683 874 3742 nulli
898 3684 992 3740 etium
1015 3683 1229 3741 contradicere
1250 3682 1406 3740 audemus
1430 3707 1442 3732 ν
1464 3681 1483 3738 l.
1507 3698 1533 3739 c.

206 3776 267 3848 7,9.
285 3776 560 3839 Ceterumdicits.
576 3779 688 3838 doctor
705 3782 735 3838 in
751 3781 895 3840 universa
913 3781 1050 3839 Ecclesia
1067 3781 1125 3839 boe
1142 3786 1372 3839 sacramentum
1389 3778 1536 3836 aieiunis

206 3889 332 3952 semper
347 3876 459 3954 accipi.

240 4055 259 4098 l.
279 4052 317 4099 Ex
333 4051 428 4114 quihus
450 4052 534 4100 verbis
558 4050 634 4100 simul
659 4057 734 4113 patet.
757 4053 827 4100 nullo
852 4054 926 4102 modo
953 4055 1057 4107 intelligi
1080 4053 1160 4100 solum
1178 4053 1386 4100 cornruunioucru
1406 4051 1536 4114 quandum

207 4141 272 4192 quae
282 4129 340 4180 cibo
353 4131 477 4180 efficiatur
490 4135 515 4179 et
529 4136 600 4194 potu.
617 4134 687 4179 llauc
699 4132 777 4180 solam
791 4148 844 4181 esse
859 4135 989 4182 uotinuem
1007 4141 1047 4189 τῆς
1060 4136 1187 4187 rur-tastu
1202 4147 1284 4195 neque
1298 4135 1379 4180 lesum
1397 4131 1538 4179 l‘aulmnre

208 4209 265 4273 plus
274 4211 412 4260 asseruisse
431 4210 604 4260 tl'cllbnuseu
617 4212 734 4260 evincere
749 4212 835 4260 studet
846 4226 875 4261 ex
892 4227 937 4259 usu
951 4212 1017 4275 apud
1034 4213 1126 4260 arulas
1137 4212 1258 4275 antiquos
1272 4217 1381 4274 recepto,
1395 4211 1478 4273 quoii
1492 4212 1537 4274 qui

207 4288 295 4338 eedem
310 4303 397 4339 mensa
412 4296 528 4348 utuntur,
544 4293 569 4339 iu
582 4291 786 4340 communionem
798 4293 882 4340 caruis
898 4298 924 4340 et
937 4293 1068 4350 sauguinis
1087 4293 1150 4340 iuter
1163 4306 1187 4341 sr
1202 4293 1277 4355 recipi
1293 4297 1446 4341 reusrautur
1457 4290 1537 4349 (Stric-

208 4381 253 4417 ren
270 4370 324 4418 und
335 4371 511 4427 Vorarbeiteu,
525 4372 568 4425 lll,
586 4371 679 4423 berlin,
700 4376 756 4419 1887
771 4385 792 4433 p.
814 4377 863 4419 lla.
882 4380 931 4419 rto.
953 4380 1012 4418 llll.
1030 4373 1056 4419 Si
1074 4373 1120 4419 ista
1137 4373 1204 4419 notio
1216 4374 1360 4431 gerim-atim
1373 4371 1439 4433 apud
1455 4371 1536 4420 Semi·

209 4451 248 4496 tas
262 4449 376 4512 adeoque
387 4451 456 4514 apud
471 4450 598 4500 llebrneos
613 4452 754 4508 exstiterit,
776 4451 818 4500 illa
838 4467 887 4499 nou
906 4453 982 4500 modu
1002 4465 1049 4499 uon
1063 4458 1169 4500 rrnruat
1182 4467 1269 4500 rerum
1282 4465 1385 4500 sensum
1401 4451 1537 4499 verborum

210 4527 316 4586 Christi,
335 4530 380 4578 sed
392 4532 476 4593 potius
490 4546 548 4579 cum
564 4545 643 4594 quarn
661 4532 769 4580 ruuxiurc
785 4534 863 4587 iurat,
878 4544 936 4580 cum
952 4537 1089 4580 meutcsrt
1103 4547 1152 4580 uua
1169 4538 1239 4594 parte
1255 4533 1304 4580 iarn
1321 4537 1437 4579 assuetae
1454 4535 1539 4580 esseut

209 4610 238 4655 ut
252 4606 285 4656 de
299 4608 342 4658 illa
362 4611 541 4660 communione
556 4612 640 4660 caruis
657 4617 683 4660 rt
701 4611 829 4674 sauguinis
844 4611 994 4672 cogitarent,
1014 4628 1042 4658 rt
1066 4613 1143 4659 nltrru
1162 4627 1221 4659 reru
1234 4619 1304 4673 parte
1327 4611 1448 4673 singulari
1465 4610 1539 4658 modu

210 4687 301 4748 agendi
317 4689 451 4752 verbisque
462 4691 557 4740 Christi
574 4690 708 4740 manileslo
723 4692 898 4746 edocerentur,
914 4691 944 4739 dc
962 4707 1020 4738 rura
1034 4694 1210 4741 rormnunionr
1232 4706 1299 4739 nuuc
1314 4692 1352 4751 agi
1366 4691 1466 4754 sibique
1489 4706 1537 4738 nnn

210 4766 296 4816 cibum
310 4781 469 4817 communem
481 4771 616 4834 solumque
628 4772 772 4833 symbolum
785 4772 877 4834 [rorrigi
894 4779 900 4829 ζ
918 4797 945 4805 -
958 4774 1080 4820 ‹·umestio
1093 4775 1160 4821 euim
1175 4772 1309 4834 praecessit
1326 4776 1371 4830 -)
1391 4771 1434 4820 scd
1450 4784 1539 4819 verum

211 4859 304 4910 eorpus
315 4851 342 4896 et
356 4850 505 4910 sauguinem
518 4851 622 4899 Christi.
636 4852 754 4900 Celerum
771 4852 802 4900 dc
823 4866 881 4898 reru
896 4864 1001 4912 corpure
1015 4859 1038 4900 rt
1056 4854 1176 4914 sunguine
1198 4855 1246 4900 iam
1260 4857 1317 4900 ante
1335 4866 1430 4900 auuuru
1452 4850 1537 4899 aelecti

210 4931 284 4978 crant
295 4928 320 4975 iu
331 4940 456 4991 synagoga
470 4928 645 4991 Caplrarnauru
662 4933 742 4992 (loun.
760 4938 816 4988 asts
831 4945 908 4994 seq!⁴
925 4931 958 4980 ct.
979 4936 1118 4981 t'ormucut.
1137 4934 1225 4981 llatth.
1245 4935 1265 4980 ll
1284 4949 1307 4995 p.
1323 4939 1377 4981 lii.
