3960 5654
232 84 508 163 ;.·;,’.-ῘᾹ.·.,,“κς.>,[.’1,,,’Ι
547 98 550 105 .
567 138 571 144 ¹
591 112 603 154 ,¹
621 109 645 148 .'.'
659 100 816 155 ‘2'3'423'12-*1
831 102 884 151 ἦῆ·
915 131 926 153 ·.
943 134 953 152 ·.
974 144 977 148 ι
1007 107 1249 175 33-24243152213'35‘3
1264 119 1281 145 ·‚:
1299 119 1398 173 gram„
1497 143 1499 147 ,
1545 141 1550 148 ,
1608 121 1750 157 „‚,.:„..,p,-⁴..

235 160 249 196 .·,-
261 154 287 217 τί,
296 142 537 220 .·..³‡'·?·t’¹t÷'e³·‘=‘>
549 110 865 223 assedus-xi
874 150 951 208 taes
962 129 1477 231 Nemhuues'tietfaff·
1501 169 1503 174 ,
1522 147 1564 156 ’
1583 149 1619 176 ·-
1658 150 1666 177 ²
1679 149 1713 210 ῖς.
1728 184 1732 195 .
1747 179 1755 209 ,,

314 249 317 252 .
734 247 741 265 g
991 256 995 263 ,
1038 252 1040 257 ι
1076 247 1080 253 “
1212 251 1217 260 ι

898 507 997 551 uano.
1020 495 1051 564 t,
1074 495 1177 555 {ll-32.
1647 496 1704 556 ¹29

376 661 445 708 esse
458 644 611 710 omnium
626 646 813 719 seminum,
828 641 887 707 sed
907 644 1061 709 omnium
1076 645 1243 710 seminum
1259 664 1348 730 quae
1362 655 1440 710 sunt
1459 643 1509 704 ἐπὶ
1525 647 1579 714 τῆς
1598 649 1654 731 γῆς
1668 638 1704 702 in

375 746 435 814 illa
450 757 541 816 terra
556 748 591 813 in
611 769 679 837 qua
695 754 807 841 ipsum
827 749 951 815 iactum
969 757 1033 828 est;
1055 749 1208 815 Christus
1230 747 1390 814 videlicet
1405 750 1469 817 hoe
1488 750 1599 841 ponit,
1617 750 1705 816 inter

372 855 558 940 grandiora
572 857 702 923 semina
714 855 918 923 seminatum
934 879 1003 923 esse
1018 852 1144 942 sinapi,
1163 852 1257 942 quod
1277 859 1410 934 tamen,
1427 857 1513 922 sicut
1527 856 1616 923 idem
1632 857 1702 946 ipse

373 960 437 1039 ait,
461 959 518 1026 ubi
538 959 582 1026 ad
601 960 724 1030 iustam
748 960 963 1028 altitudinem
989 961 1153 1032 creverit.
1179 961 1291 1027 maius
1314 959 1353 1026 fit
1377 961 1535 1027 omnihus
1558 964 1705 1030 oleribus

373 1089 461 1157 quae
474 1089 513 1131 ex
530 1066 598 1134 illis
612 1067 856 1156 grandioribus
872 1068 1060 1135 seminibus
1075 1074 1149 1133 orta
1167 1072 1246 1133 sunt
1263 1096 1278 1125 n
1297 1066 1436 1155 (Pata).
1455 1070 1608 1134 Ceterum
1630 1098 1644 1128 a
1667 1070 1702 1135 in

373 1172 537 1257 adagium
554 1175 698 1263 vulgare
713 1173 800 1240 abiit
814 1163 892 1240 huin
907 1190 976 1242 unu
994 1195 1056 1264 pro
1072 1174 1262 1263 quantitate
1281 1174 1384 1258 grani
1403 1173 1530 1263 sinapis
1549 1174 1703 1264 frequen-

374 1279 498 1345 tissime
514 1282 606 1370 apud
627 1279 790 1347 rabbinos
809 1302 879 1348 rem
897 1279 951 1348 vel
967 1280 1195 1370 quantitatem
1213 1280 1474 1345 minutissimam
1490 1279 1667 1348 innuentes
1685 1309 1701 1342 n

374 1383 560 1476 (Liqhtsoot
580 1387 623 1454 ad
646 1386 760 1453 tlatth.
784 1394 903 1469 1332,
919 1393 953 1454 et
971 1372 1129 1452 similiter
1151 1387 1326 1472 Buetorf„
1339 1385 1405 1452 lex.
1426 1385 1541 1452 chald.
1560 1410 1592 1476 p.
1610 1390 1699 1473 822);

371 1513 479 1579 quare
493 1516 555 1560 cur
576 1494 727 1560 Christus
740 1494 789 1560 ita
803 1494 976 1582 loquatur,
994 1514 1063 1559 nou
1082 1493 1227 1559 multum
1248 1491 1475 1559 laborandum
1497 1495 1576 1576 erit,
1598 1496 1640 1562 cl.
1659 1494 1703 1562 ad

372 1599 487 1666 naath.
510 1606 623 1681 1a‚ae.

413 1711 455 1771 nt
469 1707 626 1795 quamvis
634 1727 778 1795 parvum
793 1706 850 1784 sit,
864 1705 989 1772 miram
1004 1705 1040 1771 in
1056 1726 1091 1771 se
1104 1705 1255 1771 continet
1269 1705 1339 1771 vim
1356 1728 1396 1772 ac
1411 1706 1588 1787 virtutem;
1609 1730 1641 1773 v.
1658 1713 1701 1773 32

369 1819 493 1877 etcum
514 1811 719 1878 sentinarum
738 1812 857 1900 fuerit,
876 1810 1047 1894 ascendtt;
1069 1812 1201 1878 monuit
1222 1819 1377 1901 tempore
1387 1812 1619 1879 seminationis
1632 1832 1702 1879 esse

371 1918 550 1984 minimum
565 1942 595 1985 v.
608 1925 663 2000 31,
679 1925 713 1985 at
727 1917 883 1985 celeriter
895 1941 965 1985 sese
980 1918 1149 2008 explicare
1160 1923 1192 1983 et
1208 1918 1245 1984 in
1255 1918 1364 1985 altum
1377 1940 1527 1985 erescere
1541 1919 1587 2007 (v.
1604 1926 1636 1986 7.
1651 1920 1699 2009 8),

370 2037 404 2089 et
415 2025 457 2113 fit
468 2026 579 2091 motus
594 2023 749 2091 omnibus
759 2025 905 2092 oleribus
918 2037 951 2091 et
962 2025 1052 2112 facit
1065 2046 1178 2091 aomos
1190 2046 1345 2114 magnos,
1357 2025 1477 2091 erescit
1491 2026 1603 2114 itaque
1615 2027 1703 2093 mul·

367 2135 441 2197 tum
456 2138 487 2197 et
503 2129 763 2198 multitudinem
774 2131 852 2197 etin
867 2130 1149 2220 amplitudinem,
1166 2131 1216 2197 ite
1229 2131 1407 2221 utpossint
1422 2131 1482 2197 snb
1499 2132 1617 2198 ambre
1631 2133 1701 2199 eius

366 2259 444 2304 aves
456 2237 542 2304 coeli
553 2236 727 2321 dabitare;
737 2239 887 2305 Ecclesia
902 2238 1018 2327 itaque
1028 2258 1106 2305 curn
1120 2237 1284 2304 tundatur
1303 2237 1447 2304 minima
1461 2245 1511 2305 est
1527 2261 1567 2305 ex
1586 2239 1697 2305 omni-

368 2344 431 2411 bus
455 2345 607 2412 coetibus
627 2346 713 2434 (Act.
736 2352 814 2424 1,15
836 2349 1062 2411 numerantur
1081 2343 1227 2410 asseclae
1252 2343 1376 2410 Christi
1394 2350 1531 2410 centum
1551 2346 1700 2434 viginti),

368 2456 403 2517 at
415 2474 492 2517 cum
503 2472 645 2538 germen
659 2450 746 2518 illud
759 2473 905 2541 parvum
916 2450 1053 2518 coelesti
1062 2451 1186 2518 virtute
1197 2450 1394 2541 praeditum
1409 2452 1468 2532 sit,
1484 2472 1562 2517 mox
1576 2452 1700 2519 mirum

367 2559 403 2623 in
424 2557 565 2624 modum
585 2560 721 2639 erescit,
744 2559 840 2625 euius
857 2558 1061 2625 incrementi
1082 2557 1277 2624 testimonia
1297 2557 1366 2623 iam
1387 2556 1559 2624 habentur
1572 2559 1608 2624 in
1628 2566 1699 2626 Act.

365 2671 459 2748 e,n1.
477 2671 535 2746 tn
558 2671 813 2747 5,1n;6,1eta.
834 2667 917 2731 etin
937 2665 1088 2755 epistolis
1103 2668 1136 2731 S.
1159 2664 1256 2730 Pauli
1275 2667 1372 2731 Rom.
1398 2670 1470 2746 1,8;
1497 2670 1609 2744 1o,18.
1629 2664 1698 2731 Col.

369 2777 436 2854 t,6.
464 2779 479 2838 1
498 2774 611 2838 Thess.
635 2777 703 2852 1,8;
728 2801 743 2833 «
766 2774 915 2839 maxima
935 2772 1002 2839 luit
1022 2769 1233 2861 praedicatio
1251 2776 1285 2837 et
1306 2791 1450 2856 magnos
1469 2792 1580 2837 ramos
1603 2771 1697 2849 lecit,

366 2901 454 2945 unus
475 2879 567 2946 enim
586 2879 819 2968 apostolorum
839 2878 884 2945 ad
906 2878 1055 2962 Indiam,
1079 2878 1166 2944 alius
1188 2883 1346 2957 Romam,
1375 2877 1463 2944 alius
1485 2878 1648 2943 Achaiam
1668 2885 1701 2944 et

365 2985 452 3053 alius
473 2987 508 3052 in
532 2985 634 3052 aliam
656 2990 787 3075 partem
803 2990 917 3052 terrae
932 2985 1031 3051 divisi
1055 2991 1135 3050 sunt
1153 2988 1190 3050 ut
1211 2985 1299 3051 rami
1321 3012 1338 3045 »
1360 2982 1552 3072 (theoph).
1575 2987 1700 3052 Natura

366 3094 440 3159 eius
461 3115 500 3158 ao
518 3092 700 3159 destinatio
721 3092 767 3159 ad
786 3113 905 3158 omnes
927 3096 1047 3179 gentes
1065 3090 1274 3169 declaratum
1296 3098 1329 3156 et
1352 3090 1390 3156 in
1411 3090 1530 3157 avibus
1551 3089 1614 3157 sub
1629 3093 1700 3157 eius

367 3199 489 3266 umbra
502 3199 737 3267 habitantibus
757 3198 957 3286 designatur
970 3220 1053 3288 pax,
1070 3197 1234 3279 felicitas,
1257 3197 1421 3288 protectio
1437 3204 1470 3264 et
1490 3198 1580 3264 salus
1596 3219 1698 3287 quani

367 3305 484 3396 populi
499 3291 673 3372 invenient
683 3305 773 3372 hanc
787 3305 974 3372 Ecclesiam
986 3306 1154 3371 intrantes
1165 3310 1199 3370 et
1211 3303 1401 3371 secundum
1414 3305 1486 3370 eius
1497 3305 1588 3390 leges
1597 3306 1699 3371 vitam

366 3418 619 3502 componentes.
641 3416 797 3479 Ceterum
818 3412 894 3478 vide
911 3416 965 3478 ΕΖ.
989 3418 1101 3493 1733.

406 3637 456 3698 Uti
480 3636 512 3694 in
539 3633 598 3695 hac
621 3636 770 3712 parabola
793 3651 982 3713 progressus
1010 3634 1065 3694 ille
1090 3633 1284 3695 describitur
1309 3639 1340 3695 et
1363 3635 1609 3709 incrementum,
1636 3655 1699 3715 quo

366 3732 505 3793 Ecclesia
518 3750 575 3811 per
587 3733 697 3792 orbem
713 3738 870 3793 terrarum
884 3732 998 3792 debeat
1012 3732 1182 3810 propagari
1195 3737 1227 3792 et
1243 3732 1378 3792 evadere
1394 3750 1468 3794 vero
1483 3751 1577 3794 sensu
1595 3736 1700 3797 catho-

366 3833 426 3891 lica
438 3848 493 3892 seu
507 3830 704 3899 universalis,
720 3831 762 3890 ita
780 3830 930 3907 inpriore
945 3829 985 3890 de
1001 3830 1123 3890 semine
1136 3835 1300 3890 crescente
1313 3831 1346 3890 in
1361 3829 1502 3903 herbam,
1517 3833 1548 3891 in
1566 3833 1698 3909 spicam,

364 3929 396 3987 in
425 3929 555 4007 plenum
574 3929 770 3989 trumentum
799 3928 893 3988 etiam
921 3926 1055 4006 intelligi
1081 3931 1187 4005 potest
1210 3926 1371 4006 protectus
1396 3928 1448 3988 ille
1474 3929 1634 4008 religionis
1660 3931 1699 3993 de

365 4043 427 4103 quo
451 4031 523 4105 apte
548 4026 675 4086 disserit
694 4026 881 4087 Vincentius
906 4025 1069 4084 lirinensis
1089 4025 1121 4084 in
1145 4025 1251 4103 primo
1275 4043 1333 4085 suo
1360 4027 1607 4088 Commonitorio
1631 4029 1697 4107 (Ξ3ς

272 4197 274 4202 y
364 4122 409 4184 M.
424 4123 547 4202 50,668)
562 4124 742 4185 describens
758 4122 936 4201 protectum
952 4121 1027 4182 fidei
1043 4122 1099 4200 qui
1114 4140 1171 4200 per
1186 4128 1305 4183 aetates
1320 4123 1387 4183 fieri
1402 4125 1501 4201 possit
1516 4142 1551 4184 ac
1565 4125 1696 4186 debeat:

366 4245 381 4274 a
398 4225 516 4281 crescat
528 4222 624 4300 igitur
637 4225 763 4299 oportet
778 4226 810 4280 et
824 4220 961 4281 multum
974 4219 1244 4297 vehementerque
1259 4220 1403 4298 proficiat
1423 4225 1485 4279 tam
1502 4221 1697 4300 singulorum

365 4336 461 4396 quam
477 4320 637 4390 omnium,
655 4325 717 4378 tam
734 4319 829 4378 unius
845 4317 985 4378 hominis
1001 4317 1212 4395 quamtotius
1228 4317 1401 4389 Ecclesiae,
1419 4324 1560 4379 aetatum
1577 4338 1612 4380 ac
1628 4340 1697 4383 sae·

365 4418 511 4477 culorum
528 4416 677 4494 gradibus
690 4416 916 4493 intelligentia,
932 4416 1076 4485 scientia,
1095 4415 1261 4493 sapientia,
1279 4416 1334 4475 sed
1351 4416 1382 4475 in
1397 4434 1454 4475 suo
1467 4417 1627 4479 dumtaxat
1642 4438 1696 4498 ge·

364 4532 455 4585 nere,
475 4515 505 4573 in
522 4514 635 4574 eodem
656 4515 778 4574 scilicet
792 4514 959 4591 dogmate,
976 4514 1090 4574 eodem
1108 4531 1203 4574 sensu
1217 4514 1396 4590 eademque
1412 4516 1578 4575 sententia.
1595 4518 1699 4578 lmite-

365 4617 416 4672 tur
440 4613 615 4672 animarum
639 4612 750 4689 religio
773 4611 928 4670 rationem
953 4628 1139 4689 corporum,
1167 4629 1251 4689 quae
1275 4611 1350 4671 licet
1372 4628 1525 4672 annorum
1548 4632 1701 4691 processu·

363 4727 513 4771 numeros
529 4727 602 4770 suos
618 4709 762 4769 evolvant
777 4714 809 4768 et
824 4708 1000 4787 explicent,
1020 4709 1132 4769 eadem
1148 4716 1255 4769 tamen
1270 4725 1352 4786 quae
1368 4714 1456 4768 erant
1471 4720 1694 4787 permanent...

365 4810 431 4869 Non
447 4815 495 4869 est
512 4808 643 4869 dubium
663 4806 745 4866 hanc
761 4824 830 4867 esse
850 4807 1026 4885 legitimam
1045 4810 1077 4866 et
1096 4811 1215 4867 rectam
1237 4806 1424 4884 proficiendi
1442 4809 1598 4885 regulam.
1613 4810 1695 4873 hune

362 4913 464 4968 ratum
482 4913 577 4986 atque
598 4904 848 4984 pulcherrimum
864 4904 1027 4967 crescendi
1043 4904 1207 4975 ordinem,
1225 4906 1252 4964 si
1268 4922 1322 4966 eas
1335 4922 1461 4983 semper
1475 4905 1508 4965 in
1521 4907 1706 4986 grandiori«

820 5012 1009 5062 Knaannaaoen
1027 5023 1052 5060 m
1069 5011 1153 5063 Mane.
1172 5038 1203 5048 -
1219 5014 1243 5060 9.
