3960 5654
167 132 170 143 ¹
196 124 255 147 ’.μοι
325 138 329 145 ι
418 128 444 136 ”
474 144 507 151 ,1,
611 118 665 150 ν..
702 124 721 140 δ’
757 133 776 146 ,ς
801 119 854 141 ἰη’
919 120 990 151 ς’.,.
1024 121 1086 151 ...ὶρι
1118 125 1121 131 ’
1160 127 1285 148 ''„¹.'1¹
1363 123 1428 151 Ι“,ιΔ
1466 128 1518 152 ,ΑΓΗ
1549 125 1576 149 .«
1604 125 1627 138 1¹
1667 129 1680 138 ,Α

187 173 191 185 ¹
208 146 264 181 tf..
321 140 359 177 ··f.
377 133 435 177 ’ἰν-,Ι
455 135 471 155 ο·
488 138 496 150 ν
511 152 519 165 r
552 162 565 183 ι,
585 135 654 194 iifl—,1¹2⁴
667 128 1346 211 s1·..u¹::4¹{'pis‚·‚r⁴“ammussssfflfrssg
1359 159 1370 186 5‘
1393 148 1457 199 *the
1473 163 1509 198 ,μ’
1583 162 1628 191 22,
1653 181 1680 195 ..ἦ
1703 178 1705 182 ,
1744 183 1750 187 Ι
1779 188 1790 195 η

292 201 295 211 '
452 206 464 217 ¹·
538 203 546 212 '‘
588 208 596 218 ’
671 192 740 228 ””)“ι
771 206 796 216 ’·
827 189 850 215 ’·“
874 208 881 223 ·’
923 206 934 231 .:
950 206 969 224 ''-
984 200 1066 233 u''v'sf'
1131 201 1183 219 “¹''
1207 194 1281 229 ἀι’-ἶ·
1296 188 1412 231 ·..'¹··'h*·¹
1449 196 1520 235 ¹'tl'
1552 199 1557 205 ’
1574 182 1617 227 ’ω
1638 194 1655 219 ”
1673 193 1695 223 ἴ.»
1729 201 1746 226 ¹3

183 229 185 238 ι
560 235 564 246 Ι
699 230 708 242 4
729 228 744 251 ι·
780 233 783 237 ν
815 230 819 240 v
926 234 932 245 1
1001 234 1004 239 ι
1088 232 1093 242 ι,
1239 232 1260 257 .-

341 501 400 562 {30
870 519 963 565 vanc.
985 504 1014 570 l,
1037 499 1140 560 33-34.

268 705 269 709 ,
338 654 398 716 bus
414 660 517 734 partes
533 669 568 712 ac
584 650 702 710 formas
720 670 871 715 numerus
887 654 1013 715 detexat
1026 652 1136 710 aetatis
1154 670 1231 731 quas
1246 653 1278 712 in
1291 652 1430 729 parvulis
1445 650 1600 712 Creatoris
1616 668 1665 710 sa-

337 753 459 833 pientia
478 747 780 828 praeformaverat...
805 753 849 812 ita
868 752 966 812 etiam
987 747 1176 811 christianae
1197 749 1362 828 religionis
1381 749 1496 827 dogma
1518 752 1668 823 sequatur

336 850 393 911 has
413 849 504 909 decet
521 845 723 923 profectuum
743 849 845 927 leges,
867 852 901 909 ut
918 844 1009 906 annis
1028 845 1150 907 scilicet
1166 845 1394 917 consolidetur,
1416 845 1565 906 dilatetur
1583 849 1665 902 tem-

333 963 425 1025 pore,
451 942 640 1005 sublimetur
663 949 803 1006 aetate...
822 947 888 1006 lloc
907 949 1027 1004 rectum
1042 947 1074 1002 et
1088 960 1286 1022 consequens
1308 945 1357 1001 est
1377 947 1412 1002 ut
1432 942 1544 1020 primis
1570 945 1666 1016 atque

334 1039 484 1104 extremis
503 1041 634 1103 sibimet
654 1061 716 1103 non
737 1040 992 1120 discrepantibus
1012 1040 1051 1099 de
1071 1040 1275 1102 incrementis
1297 1039 1437 1100 triticeae
1458 1037 1666 1099 institutionis

336 1137 451 1198 triticei
469 1156 595 1216 quoque
615 1139 771 1218 dogmatis
790 1138 915 1218 frugem
931 1136 1147 1212 demetamus;
1164 1143 1199 1199 ut
1213 1153 1286 1197 cum
1305 1135 1425 1213 aliquid
1441 1154 1478 1196 ex
1493 1137 1555 1196 illis
1570 1135 1665 1195 semi-

333 1251 409 1295 num
430 1236 614 1313 primordiis
635 1252 762 1296 accessu
784 1234 937 1314 temporis
957 1234 1118 1296 evolvatur
1136 1241 1168 1296 et
1185 1250 1270 1294 nunc
1287 1233 1422 1294 laetetur
1440 1238 1472 1295 et
1490 1233 1662 1305 excolatur,

332 1331 411 1391 nihil
427 1337 531 1395 tamen
547 1333 586 1394 de
601 1332 757 1410 germinis
772 1333 965 1411 proprietate
980 1336 1135 1405 mutetur3
1152 1330 1288 1392 addatur
1302 1331 1376 1392 licet
1391 1331 1529 1410 species,
1547 1330 1663 1402 forma,

330 1428 503 1503 distinctio,
520 1431 631 1491 eadem
647 1434 752 1490 tamen
765 1429 922 1505 cuiusque
937 1429 1063 1507 generis
1076 1434 1188 1490 natura
1202 1432 1423 1506 permaneat...
1437 1426 1663 1504 Quodcumque

332 1526 426 1604 igitur
441 1528 472 1588 in
488 1528 545 1587 hac
559 1526 700 1586 Ecclesia
715 1527 771 1587 Dei
785 1525 981 1604 agricultura
996 1526 1057 1588 fide
1073 1532 1198 1605 patrum
1211 1532 1314 1587 satum
1330 1530 1388 1597 est,
1404 1524 1465 1585 hoc
1479 1523 1565 1584 idern
1580 1524 1662 1583 tilio·

331 1640 401 1685 rum
423 1624 578 1685 industria
598 1622 690 1684 decet
709 1623 870 1684 excolatur
888 1623 1083 1694 observetur,
1103 1623 1162 1684 hoc
1180 1622 1265 1684 idem
1285 1623 1396 1683 floreat
1414 1626 1447 1683 et
1460 1626 1661 1693 maturescat,

329 1719 391 1782 hoc
401 1722 487 1782 idem
501 1721 646 1798 proficiat
660 1725 692 1781 et
706 1719 898 1798 perficiatur.
916 1722 975 1780 Fas
988 1725 1036 1780 est
1050 1720 1180 1790 etenim,
1198 1727 1232 1782 ut
1247 1720 1350 1798 prisca
1366 1719 1420 1780 illa
1435 1719 1581 1780 coelestis
1597 1718 1663 1797 phi-

328 1818 491 1898 losophiae
506 1817 657 1896 dogmata
671 1835 820 1896 processu
835 1819 990 1896 temporis
1005 1822 1204 1892 excurentur,
1217 1818 1378 1890 limentur,
1391 1817 1565 1895 poliantur;
1578 1817 1661 1877 acci-

330 1916 419 1996 piant
433 1915 640 1987 evidentiam,
658 1916 778 1987 lucem,
796 1914 1078 1975 distinctionem».

371 2135 550 2203 Concludit
572 2136 783 2223 evangelista
804 2135 942 2201 modum
967 2134 1110 2202 docendi
1135 2141 1209 2202 lesu
1233 2156 1273 2201 eo
1294 2140 1447 2224 tempore
1470 2135 1662 2222 generatim

331 2241 553 2310 describendo
569 2265 601 2310 v.
622 2249 664 2309 33
686 2255 720 2308 et
740 2241 865 2308 talibus
880 2239 1000 2308 multis
1022 2240 1198 2333 parabolis
1216 2242 1420 2332 loquebatur
1436 2241 1481 2308 cis
1503 2239 1660 2321 verbum,

333 2348 489 2416 tradebat
509 2348 698 2416 doctrinam
714 2348 757 2415 de
780 2369 889 2435 regno
912 2350 1098 2431 messiano,
1121 2349 1163 2416 de
1182 2350 1254 2415 eius
1273 2354 1396 2415 natura
1414 2353 1448 2415 et
1469 2348 1659 2431 aflectibus,

323 2446 599 2548 proutpoterant
610 2455 750 2538 audire;
764 2454 844 2521 vide
858 2454 902 2520 ad
917 2478 948 2521 v.
968 2462 1019 2523 tl.
1039 2462 1092 2537 123
1106 2457 1154 2522 ita
1168 2456 1216 2523 eis
1230 2455 1447 2545 loquebatur,
1464 2455 1574 2543 qualis
1588 2461 1662 2543 erat

328 2564 528 2630 animorum·
539 2561 775 2652 praeparatio;
798 2562 905 2652 inepti
925 2561 997 2629 scil.
1019 2570 1117 2629 erant
1138 2562 1293 2629 homines
1314 2561 1470 2630 deturba
1484 2562 1528 2629 ad
1543 2584 1660 2629 veram

329 2670 428 2756 regni
445 2675 603 2736 naturam
618 2669 837 2758 capiendam;
855 2668 931 2751 ideo
950 2668 987 2735 in
1006 2669 1177 2758 parabolis
1194 2669 1414 2759 loquebatur,
1433 2689 1540 2759 quare
1555 2681 1662 2759 prout

324 2789 483 2866 poterant
503 2775 622 2843 audire
637 2776 774 2842 illorum
799 2774 1045 2843 hebetudinem
1064 2775 1221 2863 designat
1235 2799 1304 2866 qua
1325 2776 1476 2843 Christus
1495 2775 1661 2865 impedie-

325 2881 427 2949 batur
450 2882 633 2971 quominus
655 2882 847 2948 doctrinam
870 2882 942 2949 sine
968 2883 1029 2949 tali
1048 2884 1225 2951 involucro
1254 2887 1462 2972 proponeret
1486 2883 1545 2971 (cf.
1576 2883 1658 2950 Vict.

326 2987 434 3056 Melet.
453 2986 561 3057 Calm.
578 2988 730 3069 Scitam,
754 2987 847 3077 Fit).
864 2994 975 3078 Atque
991 3011 1110 3057 eorum
1128 2989 1270 3058 tarditas
1284 3011 1323 3056 eo
1343 3011 1479 3080 quoque
1498 2990 1580 3056 satis
1598 2989 1659 3056 de·

328 3095 557 3184 prehenditur
576 3095 657 3183 quia
673 3100 780 3162 lesum
798 3093 840 3160 de
855 3117 956 3162 sensu
977 3095 1223 3186 parabolarum
1239 3117 1310 3163 non
1329 3096 1542 3183 interrogant
1555 3097 1565 3185 (
1576 3097 1657 3164 Vict.

329 3199 504 3291 Tbeoph.);
518 3224 550 3269 v.
569 3206 611 3268 3t
623 3201 695 3267 sine
705 3199 876 3291 parabola
891 3188 1093 3269 autemnon
1114 3202 1319 3292 loquebatur
1332 3202 1398 3284 cis,
1418 3224 1458 3269 eo
1477 3202 1551 3270 scil.
1573 3207 1659 3269 tem-

324 3330 406 3399 pore
421 3330 489 3397 quo
510 3315 664 3375 evaserat
679 3309 897 3375 manifestum
912 3329 970 3374 eos
983 3331 1005 3375 a
1019 3308 1105 3375 falsa
1123 3331 1186 3376 sua
1201 3311 1340 3377 notione
1354 3308 1452 3397 regni
1472 3330 1539 3376 non
1559 3331 1660 3399 posse

324 3413 503 3481 dimoveri.
519 3419 628 3493 Quare
645 3414 836 3481 doctrinam
852 3413 895 3481 de
915 3436 1026 3501 regno
1039 3416 1189 3483 Christus
1207 3417 1249 3483 iis
1259 3417 1328 3482 iam
1345 3437 1412 3483 non
1427 3415 1527 3483 aliter
1541 3416 1657 3484 tradit.

324 3523 408 3587 Cum
436 3520 621 3610 parabolae
646 3522 812 3611 plurimas
841 3521 1026 3588 admittant
1054 3522 1316 3612 applicationes,
1345 3523 1476 3613 aliquid
1504 3523 1660 3589 utilitatis

322 3633 480 3718 poterant
495 3629 687 3717 percipere;
703 3626 762 3694 sed
772 3627 817 3694 ad
827 3627 913 3715 quid
926 3628 1065 3718 proprie
1078 3651 1118 3695 ex
1128 3635 1240 3696 mente
1254 3630 1377 3696 Christi
1388 3629 1578 3713 tenderent,
1592 3651 1659 3696 non

325 3733 506 3822 capiebant
520 3756 632 3823 neque
646 3733 689 3800 iis
704 3755 807 3801 curae
822 3739 895 3801 erat
907 3741 945 3800 ut
957 3735 1203 3822 intelligerent.
1225 3742 1267 3802 ht
1280 3735 1381 3803 aliter
1393 3735 1435 3802 de
1455 3735 1632 3826 discipulis
1649 3759 1656 3804 :

323 3862 471 3908 seorsum
490 3851 606 3906 aretem
620 3840 796 3930 discipulis
812 3840 882 3907 suis
901 3839 1086 3908 disserebat
1103 3845 1238 3925 omnib,
1258 3843 1481 3932 explanabat;
1506 3866 1545 3909 ex
1561 3866 1594 3910 v.
1620 3851 1659 3911 10

327 3968 450 4034 graece
470 3947 493 4013 ii
508 3954 586 4014 sunt
600 3946 816 4033 intelligendi
832 3947 892 4037 qui
906 3969 984 4014 cum
1008 3950 1166 4039 apostolis
1183 3955 1319 4016 coetum
1338 3949 1436 4015 illum
1456 3948 1658 4017 discentium

329 4059 363 4121 et
381 4055 669 4140 interrogantium
689 4054 954 4121 constituebant.
979 4054 1081 4122 Unde
1097 4056 1171 4146 ipso
1194 4055 1342 4123 docendi
1368 4055 1470 4123 modo
1490 4056 1663 4123 indicatur

330 4161 499 4250 separatio
518 4168 551 4226 et
565 4161 748 4227 disiunctio
768 4162 858 4227 inter
872 4183 998 4250 paucos
1020 4161 1095 4229 illos
1113 4164 1172 4252 qui
1192 4163 1261 4230 fide
1283 4163 1453 4229 Christum
1473 4171 1663 4253 sequuntur

330 4272 364 4333 et
378 4270 541 4335 maiorem
559 4277 691 4358 partem
709 4267 829 4358 populi
847 4288 935 4358 quae
948 4267 992 4335 ad
1008 4291 1084 4335 eam
1099 4268 1201 4337 fidem
1216 4293 1286 4337 non
1304 4291 1376 4337 sese
1391 4269 1560 4338 adducere
1575 4273 1664 4338 sine-

328 4372 400 4442 bat.

376 4589 668 4667 Quemadmodum
682 4590 840 4680 discipuli
855 4591 888 4656 in
910 4591 1188 4658 antecedentibus
1209 4591 1321 4660 edocti
1341 4600 1420 4660 sunt
1438 4593 1661 4684 explicatione

332 4696 576 4786 parabolarum
595 4698 735 4765 devera
754 4704 875 4766 natura
900 4697 999 4784 regni
1022 4701 1096 4781 llei,
1119 4700 1166 4766 ita
1187 4701 1221 4766 in
1242 4701 1459 4790 sequentibus
1477 4699 1661 4769 edocentur

330 4803 466 4889 magnis
481 4803 668 4886 miraculis,
686 4812 724 4873 ut
742 4828 860 4873 eorum
874 4806 1030 4872 inlesum
1045 4804 1130 4872 fides
1143 4808 1251 4894 magis
1265 4809 1457 4900 expoliatur
1469 4815 1503 4874 et
1515 4810 1658 4876 consoli-

328 4909 440 4977 detur.
456 4914 545 4978 lesus
559 4912 652 4978 enim
671 4935 705 4979 se
723 4913 788 4979 illis
802 4913 995 4981 manifestat
1008 4912 1187 4982 dominum
1206 4915 1310 4984 maris
1324 4922 1358 4983 et
1372 4917 1582 5007 tempestatis
1599 4920 1657 5007 qui
