3960 5654
839 389 841 393 .
895 354 985 400 uine.
1010 336 1060 407 te,
1082 337 1134 397 34.
1625 337 1683 396 329

349 489 456 554 lesum
471 492 646 572 tamquam
661 485 809 552 llessiam
824 492 981 575 suscepta
997 486 1095 572 regni
1110 486 1267 552 messiani
1281 485 1423 574 eiusque
1438 486 1606 552 bonorum
1623 483 1683 550 liat

348 591 495 683 denique
518 593 701 682 particeps;
719 591 815 658 obest
837 600 951 660 autem
974 615 995 656 a
1019 614 1125 678 regno
1150 592 1208 656 Dei
1234 590 1317 679 quia
1336 597 1430 656 carot
1452 613 1530 657 vera
1556 589 1622 656 fide
1647 589 1683 656 in

348 703 456 765 lesum
476 694 564 785 (Alo.
580 703 663 790 [ορ.
679 697 758 786 Fit.)
774 700 827 767 vel
850 706 887 765 ut
908 696 1018 765 Calui.
1041 696 1146 765 dicit:
1170 718 1273 763 verae
1292 696 1489 786 solidaeque
1509 697 1683 784 religionis

346 803 568 872 fundamenta
582 812 688 880 tencs;
706 810 743 869 ut
758 805 794 871 in
809 825 954 893 gregem
970 826 1086 872 meum
1097 825 1279 893 meamque
1295 802 1477 870 Ecclesiam
1494 802 1682 870 admittaris

347 931 453 976 unum
471 918 638 1000 superest,
657 916 694 975 ut
713 912 799 978 mihi
819 911 950 979 credas.
969 915 1051 977 Cum
1068 916 1159 976 lesus
1174 909 1287 976 videat
1306 909 1451 976 scribam
1472 909 1681 999 respondisse

344 1021 489 1104 νουνεχῶς
508 1019 678 1107 sapienter
693 1018 744 1082 vel
756 1017 1105 1106 prudentereumque
1113 1015 1206 1083 dicat
1215 1038 1284 1082 non
1293 1017 1395 1103 longe
1409 1016 1525 1082 abesse
1540 1038 1560 1080 a
1574 1037 1680 1101 reguo

344 1123 417 1203 Dei,
438 1131 528 1191 certe
542 1145 608 1190 non
620 1121 804 1191 dicendum
819 1123 884 1189 erit
900 1144 977 1189 cum
997 1121 1132 1212 Scheqq
1147 1121 1254 1189 verba
1271 1127 1343 1188 lesu
1363 1122 1455 1188 idem
1471 1124 1541 1188 lere
1559 1143 1679 1188 sonare

343 1250 385 1295 ac
399 1229 427 1295 si
441 1230 570 1297 diceret
586 1228 714 1297 :etiam
729 1231 879 1320 optimus
898 1230 1093 1296 scribarum
1113 1234 1244 1295 nonest
1262 1235 1362 1317 aptus
1375 1227 1419 1294 ad
1435 1249 1580 1314 regnum
1600 1249 1679 1294 coe·

344 1334 467 1403 lorum.
501 1343 641 1425 insuper
663 1335 802 1404 adverte
830 1341 940 1403 lesum
966 1356 1093 1421 magna
1126 1335 1363 1401 benevolentia
1389 1357 1468 1400 cum
1493 1358 1533 1401 eo
1557 1335 1676 1420 egisse.

343 1445 525 1532 Postquam
540 1448 574 1508 et
588 1441 758 1530 pharisaei
772 1448 806 1510 et
820 1441 1005 1509 sadducaei
1023 1462 1150 1528 magno
1165 1440 1292 1508 rubore
1306 1442 1416 1507 coacti
1429 1448 1509 1507 sunt
1524 1463 1544 1507 a
1562 1440 1678 1531 dispu-

341 1550 471 1615 tatione
491 1569 569 1614 cum
587 1548 717 1615 Christo
729 1547 890 1616 recedere
904 1555 939 1615 et
953 1549 1094 1637 insuper
1108 1547 1196 1634 legis
1207 1547 1325 1614 doctor
1341 1547 1456 1638 palam
1475 1549 1678 1640 sapientiam

340 1659 412 1721 lesu
428 1654 595 1736 laudavit,
617 1676 715 1721 nemo
735 1656 805 1721 iiam
824 1653 975 1722 audebat
996 1676 1074 1721 eum
1098 1655 1320 1743 interrogare,
1337 1676 1378 1720 eo
1401 1654 1472 1721 scil.
1491 1653 1592 1720 modo
1612 1677 1680 1744 quo

343 1761 399 1827 isti
413 1761 722 1848 interrogaverant,
741 1767 779 1828 ut
790 1764 899 1828 lesum
912 1766 1086 1828 tentarent
1099 1783 1250 1850 eumque
1269 1759 1308 1826 in
1321 1761 1496 1848 angustias
1509 1759 1678 1827 adducere

339 1873 560 1936 conarentur.
579 1868 785 1958 Triumphus
800 1874 849 1935 est
865 1868 1002 1934 victoris
1016 1890 1122 1957 super
1136 1872 1336 1947 tentatores,
1359 1873 1396 1933 ut
1420 1866 1497 1933 Alb.
1515 1867 1611 1934 dicit.

383 2057 428 2115 Ex
442 2073 481 2115 eo
501 2054 587 2134 quod
607 2054 749 2116 Christus
769 2055 960 2115 sententiam
981 2055 1104 2116 scribae
1122 2054 1232 2115 laudat
1251 2053 1352 2132 aliqui
1373 2071 1410 2114 ex
1431 2054 1679 2132 protestantibus

343 2153 441 2212 miras
456 2153 597 2213 inierunt
611 2152 830 2213 conclusiones
845 2151 897 2230 (cl.
914 2149 1067 2232 Schonz);
1083 2154 1128 2212 ita
1146 2149 1236 2212 Keim
1250 2151 1324 2212 inde
1340 2151 1473 2212 deducit
1488 2151 1608 2212 cultum
1623 2153 1678 2211 Dei

342 2267 454 2310 verum
469 2251 641 2312 consistere
658 2252 692 2310 in
705 2251 816 2311 officiis
829 2251 975 2328 proximo
990 2250 1191 2329 praestandis
1206 2249 1277 2330 (der
1291 2249 1398 2310 wahre
1409 2249 1625 2310 Gottesdienst
1640 2249 1678 2309 ist

342 2348 400 2408 der
416 2348 721 2427 Naechstendienst).
736 2352 776 2409 nt
791 2348 878 2427 quod
895 2349 1037 2410 Christus
1051 2347 1161 2409 laudat
1176 2352 1225 2408 est
1241 2346 1271 2405 τὸ
1286 2349 1393 2424 ἀγαπᾶν
1409 2346 1487 2404 αὐτὸν
1500 2347 1535 2426 (i.
1553 2365 1580 2406 e.
1597 2347 1678 2425 Θιόν)

342 2463 381 2505 ex
397 2450 465 2505 toto
485 2446 580 2506 corde
601 2451 660 2506 etc.
681 2446 771 2504 καὶτὸ
790 2451 898 2522 ἀγαπᾶν
917 2447 962 2504 τὸν
981 2444 1111 2515 alentem
1128 2445 1208 2505 haec
1223 2444 1285 2505 duo
1300 2444 1437 2504 maxime
1453 2444 1679 2504 commendan-

342 2549 403 2603 tur,
421 2541 483 2603 Sed
500 2544 662 2621 quomodo
678 2544 749 2621 quis
764 2547 867 2604 Deum
884 2543 995 2622 diligat
1014 2544 1056 2604 ita
1071 2546 1106 2604 ut
1120 2560 1196 2604 eum
1212 2559 1276 2602 non
1291 2542 1382 2613 colat,
1399 2560 1463 2602 non
1478 2541 1598 2612 adoret,
1616 2560 1678 2602 nou

340 2641 477 2700 honoret
492 2659 555 2701 non
570 2642 640 2701 eius
654 2642 790 2725 gloriam
807 2645 1010 2718 promoveat,
1028 2659 1091 2701 non
1106 2641 1135 2700 ei
1152 2641 1256 2718 palam
1271 2639 1417 2701 exhibeat
1431 2641 1657 2700 reverentiam!
1670 2640 1677 2696 t

344 2739 444 2798 Etiam
461 2740 551 2817 peius
567 2739 661 2799 inlert
675 2737 866 2798 Holtzmoun
882 2756 919 2799 ea
934 2739 1028 2799 laude
1046 2737 1208 2799 Christum
1228 2738 1399 2815 reprobare
1414 2743 1502 2797 actus
1515 2737 1618 2798 cultus
1632 2737 1679 2797 di·

342 2837 407 2896 vini
435 2837 551 2913 quibus
577 2837 714 2897 Ecclesia
737 2836 893 2897 catholica
916 2840 1061 2898 veterum
1085 2853 1280 2916 paganorum
1304 2853 1392 2895 more
1414 2834 1482 2912 (das
1505 2841 1678 2914 gesammte

340 2933 539 2995 katholische
557 2934 787 3013 Heidenthum)
807 2934 930 3011 aliquid
944 2951 963 2993 a
977 2936 1043 2994 Deo
1063 2935 1235 3012 impetrare
1255 2934 1391 2994 studeat.
1409 2933 1472 2992 Sed
1488 2949 1561 2992 cum
1579 2933 1678 2992 Deum

339 3031 473 3110 diligere
491 3033 670 3102 iubemur,
687 3032 838 3092 iubemur
857 3049 987 3109 quoque
1007 3048 1081 3093 eum
1101 3031 1207 3093 colere
1223 3037 1255 3093 et
1269 3031 1424 3092 honorare
1444 3030 1464 3088 i.
1482 3049 1510 3090 e.
1529 3031 1678 3090 virtutem

342 3129 508 3208 religionis
521 3146 668 3190 exercere
683 3134 715 3189 et
730 3130 876 3207 privatim
891 3133 924 3189 et
939 3129 1076 3207 publice.
1093 3130 1160 3190 lam
1176 3129 1303 3189 virtutis
1316 3129 1480 3207 religionis
1494 3133 1582 3188 actus
1593 3145 1679 3205 prae-

343 3227 531 3286 stantissimi
548 3232 622 3286 sunt
636 3228 736 3287 oratio
760 3233 792 3286 et
814 3228 1015 3287 sacrificium.
1033 3229 1131 3288 Porro
1148 3244 1186 3287 ex
1202 3233 1313 3287 natura
1332 3226 1476 3287 sacrificii
1493 3227 1524 3284 in
1546 3226 1679 3286 Ecclesia

341 3324 498 3385 catholica
519 3324 604 3401 quod
619 3326 752 3384 offertur
779 3325 987 3402 consequitur
1006 3327 1071 3385 Deo
1091 3326 1246 3403 praestari
1266 3324 1420 3384 honorem
1437 3341 1614 3392 summum,
1632 3324 1677 3383 di·

342 3421 433 3482 vinae
449 3422 606 3482 maiestati
622 3421 713 3500 plane
733 3422 940 3501 condignum.
959 3423 1060 3493 Quare
1081 3423 1136 3499 qui
1156 3424 1259 3483 Deum
1280 3421 1384 3499 diligit
1405 3439 1469 3481 non
1490 3427 1595 3500 potest
1614 3439 1677 3481 non

341 3519 523 3580 desiderare
539 3519 651 3580 intimo
666 3519 781 3580 ellectu
798 3523 833 3580 ut
848 3520 922 3580 talis
939 3519 1041 3580 honor
1055 3525 1088 3580 et
1102 3518 1245 3579 adoratio
1261 3521 1326 3580 Deo
1342 3519 1494 3579 continuo
1505 3524 1536 3578 et
1551 3535 1568 3577 a
1583 3535 1677 3595 quam

341 3615 490 3694 plurimis
512 3617 707 3677 exhibeatur.
724 3616 836 3688 —Qui
858 3617 933 3677 talia
956 3617 1116 3678 obiiciunt
1140 3617 1246 3678 solum
1269 3616 1445 3677 ostendunt
1465 3634 1498 3676 se
1519 3634 1558 3674 ne
1579 3617 1678 3692 prima

342 3714 472 3790 quidem
487 3715 646 3775 elementa
656 3715 736 3776 scire
752 3715 916 3775 doctrinae
934 3715 1092 3775 Ecclesiae
1108 3714 1147 3774 de
1163 3715 1305 3775 oratioue
1321 3720 1353 3775 et
1367 3715 1535 3780 sacrificio:
1546 3713 1586 3774 cl.
1600 3711 1678 3772 Srio-

343 3829 402 3885 re:‚
419 3812 458 3871 de
473 3814 590 3873 virtute
605 3814 779 3890 religionis.

668 3975 687 4039 ι’)
706 3976 834 4027 Ultima
853 3975 1029 4038 intemplo
1050 3975 1160 4026 verba
1181 3974 1351 4039 12‚35-44.

381 4141 469 4198 itas.
494 4141 528 4191 Et
552 4142 729 4205 respondens
756 4143 850 4203 lesus,
875 4143 985 4192 dicebat
1079 4142 1169 4202 1235.
1191 4138 1239 4191 tu
1261 4137 1400 4206 ἀποκριθεὶς
1428 4138 1442 4189 ὁ
1471 4135 1565 4197 Ἰησοῦς
1593 4136 1678 4206 ἔλεγεν

341 4231 446 4280 (locens
458 4232 486 4278 in
500 4232 622 4293 templo:
638 4230 785 4290 Quomodo
801 4233 899 4282 dicunt
914 4235 985 4281 scri·
1034 4229 1158 4281 ciclum
1189 4227 1216 4280 ἓν
1244 4232 1281 4297 τῷ
1317 4227 1390 4297 ἱερῷ,
1423 4226 1478 4288 Πῶς
1515 4225 1628 4294 λέγουσιν
1655 4227 1678 4278 ol

343 4319 395 4368 bae
409 4319 550 4370 Christum
564 4318 652 4369 tilium
664 4333 726 4370 esse
736 4321 845 4370 David?
860 4320 905 4370 36.
921 4320 984 4384 lpse
1034 4319 1206 4388 γραμματεῖς,
1227 4318 1265 4369 ὅτι
1277 4315 1292 4368 d
1303 4316 1406 4386 Χριστος
1424 4316 1476 4377 υἱὸς
1495 4315 1582 4367 Δαυείδ
1597 4314 1677 4379 istm

342 4411 416 4458 enim
432 4408 520 4457 David
536 4408 641 4458 dicitin
653 4407 759 4471 Spiritu
771 4409 984 4459 saucto:Dixit
1036 4409 1080 4459 36.
1111 4404 1184 4467 αὖτὀς
1213 4405 1302 4457 Δαυεὶδ
1328 4401 1398 4457 εἶπεν
1427 4409 1463 4475 τῷ
1492 4404 1615 4475 llvetpztz
1644 4410 1679 4474 τῶ

344 4497 480 4546 Dominus
505 4496 624 4546 Domino
639 4509 701 4546 meo
725 4510 732 4544 τ
756 4496 985 4548 Sedcadcxtris
1039 4491 1132 4564 Ἅγῐῳ,
1161 4491 1239 4547 Εἶπεν
1266 4493 1403 4565 Κύριοςτῷ
1426 4494 1501 4565 κυρίῳ
1521 4513 1582 4564 μου,
1604 4492 1679 4545 Κάθι-

343 4587 426 4644 meis,
442 4585 532 4635 donec
545 4597 648 4649 ponam
662 4581 787 4636 inimicos
802 4585 984 4636 tuosscabel·
1035 4601 1080 4635 σον
1100 4581 1127 4635 ἐκ
1146 4581 1231 4645 δεξιῶν
1251 4602 1314 4655 μου,
1335 4583 1381 4644 ἕως
1400 4584 1430 4633 ἂν
1450 4583 1486 4635 θῶ
1504 4583 1559 4643 τοὺς
1580 4581 1680 4652 ἐχθρούς

343 4675 517 4738 tumpedum
533 4678 653 4724 tuorum.
669 4673 711 4723 37.
730 4673 876 4739 lpsecrgo
893 4675 983 4725 David
1035 4691 1079 4724 σου
1107 4672 1224 4725 ὑποκάτω
1256 4678 1305 4725 τῶν
1336 4672 1421 4724 ποδῶν
1447 4691 1500 4725 σου.
1531 4676 1574 4725 ti.
1609 4669 1679 4731 πῦτος

342 4763 411 4813 dicit
426 4776 490 4813 cum
515 4764 677 4823 Dominum;
696 4766 725 4813 et
745 4763 820 4815 unde
841 4769 886 4815 est
910 4763 984 4816 silius
1035 4756 1080 4814 civ
1108 4762 1196 4815 Δανιὶὸ
1223 4763 1293 4833 λέγει
1320 4761 1396 4814 ababa
1416 4761 1506 4831 κύριον·
1537 4760 1579 4813 καὶ
1606 4761 1679 4814 πόθεν
