3960 5654
808 405 813 412 .
849 369 940 414 nnnc.
965 352 1014 420 13,
1038 351 1088 410 32.
1573 350 1630 409 357

297 505 432 566 eandem
467 499 592 578 Eulogii
620 500 798 562 doctrinam
831 501 938 564 laudat
964 516 1097 579 eamque
1124 520 1182 579 per
1213 501 1322 560 omnia
1349 501 1458 562 latinis
1487 499 1631 561 Patribus
1707 577 1709 587 γ

297 604 488 664 concordare
510 599 570 671 ait;
587 605 653 660 tum
674 597 784 658 recitat
804 597 1084 677 interpretationes
1101 599 1132 658 S.
1151 598 1318 675 Augustini
1340 603 1373 658 et
1388 598 1518 661 demum
1543 615 1632 660 suam

297 703 417 779 profert
439 714 564 774 quoquc
591 694 782 759 sententiam
814 717 820 756 :
846 721 861 752 a
886 695 973 754 diem
991 714 1066 775 ergo
1091 696 1256 755 ethoram
1283 695 1390 755 iudicii
1420 697 1480 755 scit
1499 700 1582 759 Deus
1601 701 1633 757 et

297 798 408 867 homo,
424 795 478 854 sed
501 794 572 854 ideo
591 795 665 873 quia
687 795 771 852 Dens
791 801 839 854 est
861 794 976 861 homo;
1002 812 1052 854 res
1072 798 1179 853 autem
1195 794 1285 853 valde
1305 793 1471 852 manitcsta
1489 800 1537 853 est
1557 795 1632 872 qnia

297 895 442 974 quisquis
463 894 667 953 Nestorianns
690 908 752 950 non
788 896 850 961 est,
878 892 1013 967 Agnoita
1033 909 1101 951 esse
1131 891 1310 951 nullatenus
1335 895 1449 970 potest.
1473 890 1631 968 Scriptum

296 1008 423 1071 qnoque
449 994 496 1049 est
511 1009 517 1048 :
535 985 639 1051 sciens
659 988 745 1047 lesus
769 990 844 1067 quia
866 989 973 1047 omnia
988 989 1076 1049 dedit
1094 988 1122 1048 ci
1136 987 1273 1048 Pateria
1289 1006 1401 1049 manus
1415 989 1512 1066 (loan.
1531 989 1629 1067 ta,3);

295 1089 320 1149 si
340 1088 461 1158 omnia,
479 1088 621 1167 protecto
642 1091 673 1145 et
696 1084 781 1147 diem
812 1084 921 1145 iudicii
943 1095 975 1145 et
996 1085 1118 1145 horam.
1143 1085 1220 1156 Quis
1240 1102 1315 1163 ergo
1331 1086 1373 1146 ita
1395 1087 1509 1146 stultus
1533 1090 1632 1146 estut

296 1185 381 1246 dicat
396 1187 470 1262 quia
485 1185 608 1262 accepit
623 1183 707 1242 tilius
721 1185 753 1243 in
768 1183 915 1243 manibus
931 1183 1016 1260 quod
1033 1183 1134 1243 nescit
1151 1183 1187 1240 a?

337 1283 446 1343 Merito
460 1284 570 1343 scribit
585 1278 736 1362 Stentrnp
752 1281 772 1340 l.
790 1299 818 1341 c.
836 1299 866 1358 p.
885 1281 963 1341 1108
981 1299 987 1339 :
1004 1304 1019 1333 a
1037 1280 1067 1340 id
1082 1281 1197 1340 saltem
1216 1281 1420 1342 manifestum
1440 1287 1488 1341 est
1509 1298 1634 1358 persua·

296 1380 419 1440 sionem
438 1383 478 1441 de
503 1395 702 1459 quacumque
725 1379 852 1458 proprie
877 1377 961 1437 dicta
985 1378 1163 1456 ignorantia
1185 1376 1308 1439 Christo
1331 1379 1539 1439 abiudicanda
1562 1383 1634 1457 post

295 1478 530 1556 disputationes
550 1481 659 1537 contra
679 1479 835 1555 Agnoetas
856 1474 888 1533 in
911 1475 1051 1536 Ecclesia
1070 1476 1165 1536 tuisse
1188 1475 1410 1536 universaliter
1428 1478 1466 1536 ab
1486 1477 1633 1537 omuibus

295 1582 470 1653 receptam.
491 1577 526 1634 at
540 1590 650 1634 revera
664 1575 703 1634 ab
721 1574 781 1633 hac
800 1575 903 1632 aetate
919 1572 1113 1633 catholicum
1129 1573 1319 1652 scriptorem
1334 1574 1389 1651 qui
1408 1575 1501 1634 aliter
1515 1573 1632 1634 sentire

296 1691 391 1734 ausus
412 1674 508 1734 luerit
533 1673 582 1730 vix
611 1672 750 1749 reperies
776 1670 891 1730 ullum.
918 1669 1074 1731 Lntherus
1095 1670 1236 1749 primum
1263 1677 1296 1730 et
1323 1672 1489 1745 Calvinus,
1516 1671 1632 1749 quibus

295 1770 450 1849 praelusit
473 1773 620 1830 Erasmus
642 1769 673 1827 in
694 1768 955 1828 annotationibus
974 1767 1013 1827 ad
1034 1786 1154 1828 novum
1176 1774 1400 1830 testamentum
1420 1772 1633 1850 Agnoetarum

295 1869 471 1927 doctrinam
492 1868 596 1927 denuo
617 1866 801 1926 excitarunt.
824 1867 860 1925 Et
880 1866 966 1942 quod
983 1864 1158 1926 dolendum
1180 1884 1386 1944 summopere
1406 1874 1470 1939 est,
1487 1866 1631 1928 catholici

295 1968 392 2026 etiam
407 1966 539 2043 quidam
556 1963 696 2043 theologi
718 1962 904 2022 recentioris
919 1963 1031 2022 aetatis
1048 1964 1240 2022 sententiam
1257 1968 1471 2042 Agnoetarum
1488 1963 1631 2043 opinioni

295 2069 461 2140 cognatam
478 2080 566 2122 suam
587 2062 730 2121 iecerunt
747 2086 773 2119 a.
789 2063 890 2137 Atque
908 2057 1074 2118 Fronzelin
1090 2060 1267 2139 longiorem
1284 2060 1533 2140 disputationem
1549 2062 1633 2122 hunc

296 2160 327 2219 in
345 2160 476 2219 modum
493 2157 654 2219 concludit
671 2177 677 2216 :
697 2184 710 2211 «ι
729 2175 765 2218 ex
782 2158 877 2217 dictis
893 2162 1015 2218 constat
1032 2159 1129 2219 etiam
1145 2176 1164 2218 a
1178 2163 1288 2219 natura
1304 2159 1418 2218 Christi
1436 2160 1560 2220 Domini
1577 2158 1632 2218 bu-

295 2273 388 2316 mana
410 2263 557 2335 oportere
578 2256 744 2317 excludere
764 2257 974 2334 ignorantiam
1001 2257 1127 2335 proprie
1150 2256 1268 2316 dictam
1292 2273 1374 2334 quae
1395 2263 1478 2317 esset
1497 2256 1631 2335 privatio

295 2356 497 2433 perfectionis
513 2355 639 2415 debitae
659 2355 768 2423 statui,
788 2353 934 2433 dignitati
954 2359 985 2413 et
1005 2353 1153 2431 potestati
1170 2354 1240 2412 Filii
1259 2354 1312 2414 Dei
1334 2355 1364 2412 in
1381 2360 1493 2414 natura
1508 2371 1563 2414 sua
1583 2371 1632 2413 as·

295 2460 423 2531 sumpta
443 2471 500 2531 per
519 2454 669 2513 unionem
692 2452 937 2530 hypostaticam,
959 2451 1151 2528 reparatoris
1170 2451 1295 2528 generis
1320 2450 1447 2511 humani
1468 2457 1500 2511 et
1519 2451 1632 2512 indicis

295 2551 494 2611 universalis.
521 2551 599 2610 Hinc
621 2550 791 2609 haereticis
819 2549 971 2626 adscripti
996 2553 1071 2608 sunt
1098 2550 1259 2625 Agnoetae
1286 2550 1338 2626 qui
1362 2549 1487 2609 saeculo
1513 2555 1530 2610 6
1552 2549 1632 2610 duce

294 2647 470 2708 Themistio
486 2648 619 2707 diacono
639 2646 799 2707 Timothei
822 2646 966 2723 episcopi
987 2644 1183 2705 alexandrini
1205 2664 1242 2705 ex
1263 2646 1533 2724 Eutychianornm
1549 2653 1633 2707 secta

294 2746 456 2807 Christum
477 2751 633 2822 quatenus
654 2743 751 2804 horno
770 2749 820 2804 est
833 2743 941 2820 aliqua
956 2744 1119 2821 ignorasse
1138 2742 1316 2804 docuerunt
1336 2769 1363 2802 ».
1383 2744 1632 2822 Explicationem

294 2844 393 2903 nostri
411 2844 471 2903 loci
489 2843 616 2903 obviam
628 2841 847 2920 etplaniorem
865 2846 956 2901 vocat
971 2858 1042 2900 eam
1058 2857 1120 2918 qua
1133 2841 1281 2902 statuitur
1297 2842 1528 2920 ignorationem
1540 2844 1632 2902 istam

294 2941 357 3002 diei
373 2941 482 3001 iudicii
500 2957 570 2999 esse
585 2940 840 3008 oeconomicam,
859 2944 1017 3015 quatenns
1033 2938 1178 2998 Christus
1191 2942 1241 2998 est
1255 2940 1413 2999 revelator
1427 2941 1632 3001 consiliorum

294 3044 326 3099 et
341 3039 566 3115 mysteriorum
577 3038 633 3097 Dei
649 3038 825 3114 (tractatus
838 3038 877 3095 de
891 3037 993 3095 Verbo
1008 3036 1184 3107 incarnato,
1197 3036 1315 3096 Romae
1328 3037 1405 3096 1869
1420 3056 1451 3114 p.
1469 3041 1537 3097 423.
1551 3038 1633 3117 Ati.)

334 3139 480 3197 Ceterum
497 3136 584 3195 vario
598 3134 694 3194 modo
706 3135 923 3194 difficultatem
939 3150 1021 3209 quae
1038 3135 1069 3191 in
1087 3135 1192 3194 verbis
1209 3140 1312 3194 textus
1326 3135 1458 3195 ollertur
1469 3152 1632 3196 removere

294 3234 464 3294 studebant
485 3235 674 3311 interpretes
695 3238 726 3292 et
747 3231 903 3308 theologi;
922 3230 1081 3291 Christum
1103 3230 1165 3291 dici
1187 3232 1323 3301 nescire,
1341 3233 1417 3309 quia
1436 3251 1499 3292 non
1520 3251 1556 3293 ex
1572 3233 1631 3293 lau-

295 3332 443 3391 manitate
460 3349 513 3391 seu
529 3331 669 3391 humana
685 3336 795 3388 natura
810 3334 842 3388 et
858 3328 1007 3398 scientia,
1026 3329 1080 3389 sed
1100 3328 1207 3388 divina
1224 3335 1256 3389 et
1271 3330 1420 3408 singulari
1438 3330 1631 3392 revelatione

292 3429 371 3489 sciat
389 3425 455 3490 Cui.
478 3428 546 3499 Ouo
568 3445 662 3488 sensu
682 3428 746 3486 iam
768 3433 892 3486 veteres
911 3425 1011 3503 aliqui
1033 3427 1129 3486 locuti
1155 3433 1242 3495 sunt,
1265 3434 1298 3488 ut
1321 3424 1354 3487 S.
1380 3426 1543 3508 Caeparius
1564 3447 1629 3489 naz.

293 3544 338 3587 or.
361 3529 400 3587 30
417 3544 448 3587 n.
472 3529 509 3585 la
529 3525 583 3604 (ci.
606 3527 736 3585 loannes
756 3524 897 3584 damasc.
916 3522 954 3584 de
976 3524 1037 3583 tide
1057 3525 1140 3584 orth.
1162 3526 1247 3603 331)
1267 3530 1300 3585 et
1318 3523 1352 3585 S.
1371 3526 1560 3586 Athanasius
1575 3527 1628 3605 (cl.

293 3623 445 3704 Stentrup
461 3623 480 3681 l.
499 3642 526 3683 e.
544 3642 574 3701 p.
594 3624 695 3700 llil).
714 3625 814 3682 lmmo
836 3640 899 3681 non
919 3622 1089 3682 defuerunt
1109 3624 1163 3699 qui
1184 3629 1346 3683 verterent
1360 3631 1393 3684 et
1409 3626 1627 3702 explicarent:

293 3740 396 3799 neque
419 3723 516 3781 Filius
536 3722 643 3789 sciret,
662 3721 722 3779 nisi
744 3720 835 3779 Pater
856 3720 967 3793 sciret;
990 3721 1031 3778 cl.
1054 3717 1089 3778 S.
1106 3719 1244 3780 Basilius
1263 3721 1325 3799 (ep.
1347 3725 1420 3794 aaa
1443 3721 1484 3781 A.
1506 3725 1630 3801 atauo)

301 3819 374 3878 l'icl.
395 3818 491 3878 Elatia.
509 3819 571 3878 Alii
588 3819 734 3878 dicebant
754 3818 915 3877 Christum
932 3819 976 3877 ita
992 3817 1080 3894 loqui
1097 3818 1172 3894 quia
1187 3818 1331 3879 nondum
1344 3821 1536 3881 exercuisset
1551 3821 1630 3880 iudi·

293 3918 393 3983 cinm;
408 3917 491 3976 unde
508 3918 644 3994 practice
660 3934 731 3976 eum
747 3917 869 3974 nescire
881 3934 888 3985 3
902 3914 932 3974 id
946 3916 1030 3991 quod
1047 3933 1119 3975 sane
1136 3917 1282 3977 subtilius
1295 3922 1353 3976 est.
1372 3919 1493 3978 Pariter
1506 3918 1630 3978 admitti

293 4016 403 4090 nequit
425 4014 511 4090 quod
532 4014 683 4090 Origenes
705 4014 736 4071 in
758 4011 866 4072 llatth.
890 4012 1011 4072 indicat
1030 4019 1062 4073 et
1083 4014 1165 4073 inter
1183 4014 1244 4073 alia
1263 4014 1294 4073 S.
1312 4015 1481 4093 Gregorius
1504 4032 1629 4093 quoqne

294 4111 399 4183 atlert,
423 4111 584 4172 Christum
611 4111 653 4169 ita
677 4111 774 4170 inisse
800 4109 942 4170 locutum
967 4127 1030 4170 non
1056 4112 1086 4169 in
1109 4128 1243 4189 persona
1265 4113 1393 4191 propria
1417 4113 1470 4173 sed
1498 4131 1629 4173 suorum

294 4210 523 4270 membrorum.
542 4206 575 4267 8.
597 4207 724 4266 Ticinus
740 4210 757 4267 3
775 4228 803 4286 p.
827 4227 882 4287 qu.
902 4208 939 4267 ro
953 4214 1009 4267 art.
1031 4212 1049 4267 2
1070 4217 1101 4269 et
1121 4214 1230 4269 contra
1249 4216 1334 4287 gent.
1352 4213 1404 4280 ab
1423 4229 1452 4269 n.
1470 4213 1489 4272 8
1511 4211 1630 4271 accedit

294 4308 332 4367 ad
357 4309 549 4367 sententiam
569 4306 599 4366 S.
623 4307 789 4384 Augustini
809 4325 815 4364 :
834 4306 953 4366 dicitur
971 4308 1093 4368 nescire
1113 4308 1200 4367 diern
1222 4308 1346 4380 iudicii,
1372 4310 1449 4385 quia
1473 4327 1534 4368 non
1557 4310 1629 4369 iacit

295 4407 390 4480 scire;
409 4403 524 4465 Sume:
543 4423 616 4465 rero
633 4405 805 4464 subscribit
827 4402 1004 4464 sententiae
1024 4405 1251 4478 communiori,
1269 4406 1428 4467 Christum
1450 4424 1580 4485 negasse
1597 4426 1629 4467 se

295 4505 376 4564 sciro
393 4505 466 4580 qnia
482 4504 578 4564 veluti
595 4503 652 4563 sub
673 4508 794 4562 secreto
812 4502 890 4561 illud
908 4503 1028 4562 sciebat
1048 4509 1079 4561 ct
1099 4521 1163 4562 non
1183 4504 1221 4563 ad
1239 4503 1411 4565 dicendum
1426 4505 1496 4564 aliis
1512 4507 1562 4583 (de
1579 4508 1629 4565 ln·

295 4603 493 4671 cordatione,
512 4603 543 4659 in
559 4605 576 4660 3
593 4621 623 4678 p.
641 4600 671 4659 S.
687 4599 798 4659 Thom.
815 4617 869 4677 qu.
892 4602 927 4660 10
944 4607 1003 4660 art.
1021 4599 1063 4678 ἓ).
1082 4601 1232 4679 'theologi
1254 4602 1434 4663 scholastici
1450 4621 1519 4664 eam
1535 4622 1629 4682 quae-

294 4701 428 4759 stionem
447 4705 578 4758 tractare
595 4701 677 4758 inter
690 4699 750 4757 alia
767 4699 869 4758 solent
885 4699 916 4756 in
932 4706 1104 4759 comment.
1123 4699 1162 4759 ad
1177 4703 1196 4759 3
1213 4699 1353 4760 Sentent.
1372 4700 1445 4760 dist.
1463 4705 1509 4762 13.
