3960 5654
181 514 241 575 320
698 529 790 575 nanc.
816 514 864 584 lt,
888 511 994 571 at-at.

177 666 306 732 tionem
329 691 343 720 »
367 661 469 748 (Vr'ct.
503 659 683 750 Theoplr.);
713 685 820 753 quare
854 668 1015 727 enarrant
1044 669 1172 753 septem
1205 663 1364 752 deinceps
1388 661 1511 728 fratres

182 795 220 839 ex
243 768 363 835 ordine
390 766 570 834 mulierem
592 770 736 836 eandem
752 768 923 855 accepisse
940 789 1094 849 uxorem,
1113 769 1283 835 neminem
1298 775 1412 835 autem
1432 790 1510 856 pro·

176 898 306 948 creasse
331 876 453 943 silium.
487 880 660 946 Retinetur
685 902 748 945 vox
772 877 908 944 seminis
932 899 971 944 ex
991 880 1066 967 lege
1084 884 1178 945 licut.
1206 884 1283 959 25,5
1301 902 1392 970 seq.;
1418 901 1450 944 v.
1468 885 1511 943 22

177 985 297 1052 ultimo
319 985 474 1049 omnium
504 985 578 1052 loeo
595 984 732 1072 ἔσχατον
752 983 915 1070 defunctu
941 999 987 1051 est
1009 1000 1042 1052 et
1063 983 1202 1058 mulien·
1226 1007 1258 1050 v.
1282 992 1323 1053 23
1343 987 1380 1052 iu
1403 1007 1512 1051 resur·

175 1089 323 1157 rectione
355 1113 433 1180 erpo
462 1100 616 1183 tempore
647 1093 754 1178 igitur
789 1092 1045 1159 resurrectionis
1077 1091 1247 1172 omnium,
1285 1093 1438 1181 quando,
1475 1097 1511 1155 ut

175 1197 390 1286 supponitur,
422 1200 486 1289 ipsi
515 1221 653 1290 quoque
678 1203 879 1281 resurgunt,
913 1219 991 1265 cum
1019 1197 1278 1278 resurrexerint,
1307 1199 1351 1264 ad
1380 1219 1510 1265 morem

176 1303 411 1371 obiicientium
445 1306 530 1372 baec
570 1301 796 1391 amplificatio
830 1310 863 1370 et
903 1303 1061 1371 distincta
1097 1305 1224 1370 mentio
1258 1305 1511 1371 resurrectionis

176 1430 296 1475 eorum
326 1411 368 1478 de
394 1412 520 1501 quibus
553 1411 668 1496 agitur
699 1410 841 1475 omnino
867 1417 1094 1476 consentanea
1120 1417 1170 1476 est
1198 1416 1231 1477 et
1265 1431 1344 1476 eum
1368 1411 1510 1498 insuper

176 1516 253 1583 talis
272 1519 441 1607 appositio
460 1541 480 1584 a
499 1538 626 1604 genere
648 1514 784 1581 dicendi
805 1517 840 1582 in
861 1517 925 1583 boc
945 1516 1122 1602 evangelio
1144 1539 1213 1583 non
1232 1518 1345 1583 aliena
1359 1517 1402 1582 sit
1418 1513 1510 1604 (vide

177 1621 253 1690 lect.
272 1625 378 1712 van),
401 1646 480 1690 cum
503 1622 618 1689 multis
641 1621 781 1688 testibus
801 1622 867 1688 erit
891 1621 1072 1689 retinenda
1090 1624 1126 1689 in
1149 1629 1257 1705 textu;
1284 1623 1381 1690 euius
1399 1621 1440 1688 de
1459 1620 1510 1687 lu's

175 1731 241 1796 crit
260 1734 369 1796 uuor?
386 1743 512 1819 septem
530 1728 619 1794 enim
641 1727 833 1795 babuerunt
848 1752 923 1796 eam
943 1749 1103 1811 uxorem,·
1122 1730 1336 1819 «sperabant
1354 1729 1511 1795 homines

176 1837 377 1926 ineptissimi
403 1858 437 1902 se
465 1837 530 1901 hac
551 1835 749 1922 quaestione
774 1857 842 1901 non
872 1837 984 1901 minus
1010 1836 1126 1925 inepta
1152 1836 1320 1902 Christum
1343 1833 1428 1902 adeo
1455 1834 1510 1900 in-

175 1945 357 2009 tricaturos
386 1948 423 2007 ut
454 1941 506 2007 vel
536 1941 635 2007 silere
663 1948 827 2027 cogerent
844 1942 899 2008 vel
928 1941 979 2007 nil
996 1942 1060 2007 nisi
1075 1942 1187 2008 iutilia
1214 1940 1437 2030 respondere,
1463 1941 1511 2007 ita

175 2054 208 2114 et
222 2049 324 2114 tacite
337 2047 458 2114 saltem
469 2047 569 2113 fateri
585 2047 869 2114 resurrectionem
879 2069 950 2114 non
959 2069 1029 2113 esse
1043 2075 1058 2106 υ
1073 2047 1211 2136 (Patr.);
1222 2046 1259 2114 S.
1269 2048 1362 2114 Hier.
1375 2053 1409 2112 et
1419 2045 1510 2113 Beda

175 2155 330 2243 quamvis
349 2154 501 2220 tabulam
518 2176 538 2219 a
557 2152 758 2220 sadducaeis
778 2153 893 2220 fictam
918 2153 1033 2220 dicant
1048 2160 1163 2220 tamen
1185 2153 1260 2220 fieri
1283 2176 1378 2244 posse
1393 2153 1508 2232 aiunt,

176 2267 214 2327 ut
234 2282 313 2327 vere
337 2261 372 2326 in
401 2267 505 2345 gente
528 2281 649 2325 eorum
677 2259 865 2349 aliquando
890 2260 954 2326 hoe
973 2260 1153 2342 acciderit;
1177 2266 1211 2327 et
1236 2267 1324 2327 certe
1336 2260 1415 2326 licet
1429 2282 1510 2349 sup-

176 2389 320 2457 ponere,
342 2366 404 2432 etsi
426 2388 493 2433 non
519 2365 562 2432 de
588 2372 735 2455 septem,
758 2367 878 2433 saltem
899 2365 942 2432 de
968 2389 1035 2433 uno
1061 2365 1211 2434 alterove
1233 2367 1297 2433 tale
1312 2366 1394 2456 quid
1411 2367 1508 2432 inno-

175 2475 297 2556 tuisse;
330 2473 484 2563 alioquin
516 2473 610 2538 enim
644 2472 743 2539 facile
776 2472 905 2539 nodum
935 2472 1095 2562 expedire
1123 2473 1311 2562 potuissent
1335 2472 1509 2562 pharisaei

100 2604 107 2611 ’·
175 2579 326 2647 dieentes
340 2587 478 2646 cautum
494 2602 565 2646 esse
587 2603 608 2646 a
628 2586 693 2646 Deo
719 2602 760 2645 ne
780 2581 847 2645 tale
870 2576 954 2669 quid
975 2580 1126 2646 eveniret
1145 2587 1178 2647 et
1200 2602 1240 2646 eo
1260 2579 1359 2646 niodo
1372 2578 1509 2645 dissolvi

176 2687 212 2752 id
228 2686 322 2776 quod
337 2686 508 2753 obiectum
524 2693 621 2753 esset.

221 2797 344 2859 Verum
371 2795 431 2882 qui
455 2792 663 2859 confundere
687 2793 848 2859 volebant
876 2795 941 2883 ipsi
965 2793 1262 2861 confundebantur
1284 2815 1317 2858 v.
1340 2799 1382 2859 tt
1404 2805 1437 2858 et
1456 2815 1509 2858 re-

174 2899 344 2988 spondens
371 2900 462 2966 lesus
488 2901 539 2964 ait
567 2898 636 2965 illis
652 2921 664 2964 .·
683 2921 794 2965 nonne
818 2898 892 2966 ideo
922 2901 1042 2967 erratis
1067 2922 1135 2966 uon
1159 2900 1297 2966 scientes
1315 2899 1511 2988 Scripturas

173 3028 282 3096 neque
304 3006 465 3071 virtutem
489 3005 574 3071 Dei?
600 3005 829 3092 interrogatio
860 3007 999 3095 ponitur
1015 3028 1078 3096 pro
1098 3007 1294 3072 vehementi
1309 3006 1507 3081 assertione3

174 3134 286 3179 nonne
313 3120 497 3201 propterea
523 3113 644 3177 erratis
671 3112 763 3201 quod
792 3134 854 3178 nec
879 3115 1071 3202 Scripturas
1099 3135 1163 3179 nec
1184 3113 1342 3177 virtutem
1378 3112 1434 3177 Dei
1458 3133 1512 3177 co-

172 3219 358 3306 gnoscitis?
382 3219 576 3307 Disceptant
602 3217 689 3283 sitne
709 3209 763 3279 ira
782 3224 871 3280 τοῦτο
888 3217 1104 3284 referendum
1129 3217 1171 3283 ad
1198 3217 1434 3284 antecedentia
1457 3217 1511 3283 vel

174 3325 216 3392 ad
242 3325 497 3413 subsequentia.
532 3329 720 3412 Utrumque
754 3324 856 3390 Eutlz.
890 3325 1048 3414 proponit
1074 3313 1154 3390 :diii
1183 3329 1291 3410 τοῦτο,
1321 3325 1428 3404 ποῖον;
1457 3312 1510 3384 tta

173 3428 209 3492 τὸ
216 3431 310 3504 οὕτως
319 3429 459 3519 ἐμπαθῶς
469 3421 698 3516 ὺπολαμὸάνειν
710 3427 778 3515 περὶ
787 3437 842 3504 τῆς
856 3427 1052 3505 ἀναστάσεως
1069 3452 1076 3493 :
1096 3436 1234 3520 propter
1249 3432 1314 3497 hoe
1331 3431 1412 3519 quia
1423 3429 1509 3495 adeo

173 3539 356 3605 carnaliter
369 3538 411 3604 de
428 3538 672 3604 resurreetione
687 3538 855 3617 sentiatis;
876 3538 978 3604 simili
999 3537 1156 3604 modoad
1170 3537 1402 3604 antecedentia
1416 3558 1509 3625 spec·

175 3652 245 3712 tere
265 3651 380 3711 censet
412 3645 516 3710 Weiss
537 3643 736 3732 approbans
762 3644 854 3733 quod
880 3644 985 3711 babet
1006 3644 1129 3730 Bengel
1148 3665 1156 3710 :
1178 3645 1249 3733 ipse
1273 3665 1382 3710 sermo
1401 3649 1508 3709 vester

174 3751 289 3842 prodit
299 3773 451 3817 errorem
466 3756 628 3826 vestrum,
647 3752 820 3817 Christum
835 3751 908 3818 scil.
922 3773 961 3817 ex
977 3752 1174 3840 quaestione
1188 3750 1232 3816 ab
1243 3750 1323 3838 ipsis
1334 3751 1509 3838 proposita

172 3864 206 3925 et
225 3881 265 3924 ex
287 3857 482 3924 conditione
506 3856 565 3922 illa
590 3857 735 3923 conficta
748 3858 874 3923 inierre
889 3879 1007 3923 eorum
1024 3878 1188 3923 errorem.
1204 3856 1269 3922 Sed
1285 3856 1438 3945 plerique
1455 3878 1509 3921 re·

172 3966 287 4032 ferunt
312 3964 356 4030 ad
375 3963 637 4051 subsequentia,
660 3970 696 4029 ut
719 3964 824 4028 Eutlr.
846 3963 996 4030 seeundo
1016 3963 1089 4029 loeo
1112 3984 1119 4029 :
1141 3958 1160 4031 ἢ
1185 3950 1239 4024 διὰ
1255 3961 1292 4024 τὸ
1310 3962 1350 4049 μὴ
1375 3949 1505 4040 εἰδέναι,

171 4078 311 4162 propter
332 4071 395 4137 hoc
415 4071 536 4135 erratis
555 4070 637 4158 quia
658 4071 797 4135 nescitis
820 4077 884 4136 etc.
913 4069 955 4137 ci.
982 4069 1090 4152 Beda,
1121 4073 1216 4136 Patr.
1241 4068 1389 4159 Scheqp,
1415 4070 1506 4158 Bisp.

171 4178 325 4259 Scimus,
346 4179 410 4243 Fil.
439 4184 472 4243 et
486 4163 539 4236 διὰ
555 4182 644 4238 τοῦτο
664 4184 697 4241 et
716 4176 840 4242 similia
855 4177 903 4241 ita
923 4176 1081 4242 adhiberi
1100 4177 1143 4242 al]
1165 4177 1312 4264 antiquis
1331 4183 1383 4242 sat
1396 4176 1510 4242 multis

171 4285 334 4373 exemplis
360 4285 436 4349 vide
458 4284 640 4373 probatum
667 4282 702 4347 in
732 4282 875 4349 Studien
903 4281 974 4347 und
1000 4283 1150 4348 Kritiken
1183 4289 1267 4350 tata
1293 4307 1326 4372 p.
1357 4289 1420 4349 137
1435 4305 1506 4370 seq.

171 4391 385 4480 eandemque
412 4390 728 4479 interpretationem
760 4395 953 4477 sequuntur
979 4390 1134 4469 Grotius,
1164 4390 1350 4468 Fritzsclzc,
1379 4391 1508 4478 Meyer,

178 4498 294 4564 Winer
315 4506 377 4563 etc.
404 4519 491 4585 quac
519 4497 671 4585 proiecto
699 4497 812 4580 magis
833 4495 935 4561 obvia
960 4504 1019 4562 est.
1047 4501 1134 4561 Duas
1160 4497 1286 4562 erroris
1314 4517 1432 4561 causas
1457 4517 1507 4561 as·

170 4606 301 4692 signat,
328 4605 415 4670 sient
440 4603 570 4693 duplici
599 4624 735 4692 quoque
766 4623 885 4667 errore
909 4602 1127 4683 tenebantur,
1159 4611 1230 4669 tum
1256 4603 1422 4691 quianon
1444 4625 1508 4691 pn-

172 4712 291 4780 tabant
310 4711 380 4776 iore
401 4711 700 4784 resurrectionem,
725 4717 796 4774 tum
813 4709 894 4798 quia
923 4711 1100 4798 putabant,
1131 4711 1159 4775 si
1182 4715 1283 4789 esset,
1309 4709 1411 4775 talem
1435 4708 1508 4773 iore

172 4821 276 4886 vitam
305 4818 441 4906 qualem
467 4838 557 4883 nnnc
590 4817 745 4882 homines
780 4818 907 4881 vivant.
939 4820 978 4882 Et
1005 4817 1099 4906 prius
1131 4815 1271 4906 quidem
1299 4819 1386 4882 lesus
1417 4815 1508 4881 hunc

173 4928 332 4992 ultimum
362 4945 513 4989 errorem
545 4925 667 4989 evertit
699 4924 876 4990 declarans
909 4923 1011 4990 simul
1037 4946 1125 5014 quac
1155 4925 1197 4990 sit
1226 4923 1332 4988 virtus
1358 4922 1415 4989 nei
1439 4945 1507 5012 qua
