3960 5654
846 356 942 404 uaac.
968 341 1024 414 la*
1042 342 1148 402 ta-aa.
1604 345 1663 404 ata

335 516 411 564 rum
420 504 480 579 est,
493 498 533 561 ut
542 489 616 559 Gai.
629 491 718 560 inter
727 491 796 559 alia
805 497 935 573 monet,
945 511 1025 556 exv.
1037 495 1079 557 tt
1090 491 1236 576 intelligi
1248 491 1504 559 tribulationem
1515 491 1665 559 loturam

334 610 412 670 ante
426 602 610 671 adventum
621 598 762 674 Christi;
775 598 845 663 iam
857 618 939 663 vero
951 617 1030 662 cum
1040 597 1173 664 dicatur
1189 619 1198 660 ι
1216 604 1292 686 post
1303 598 1555 666 tribulationem
1568 599 1664 665 illam

333 711 383 777 sol
410 705 660 788 obscurabitur,
685 704 741 771 hic
762 702 925 792 loquendi
951 703 1072 769 modus
1095 710 1225 791 spectat
1246 703 1291 769 ad
1310 726 1342 767 v.
1373 711 1411 769 19
1435 710 1468 769 et
1493 727 1552 772 nos
1568 706 1666 773 docet

333 815 443 905 qualis
464 826 504 878 eo
525 834 662 903 quoque
681 809 761 876 1000·
775 803 878 895 θλίψις
894 808 1119 895 intelligenda
1131 810 1184 874 sit.
1201 814 1246 876 Ea
1268 817 1380 876 autem
1398 811 1574 899 explicatio
1592 819 1664 878 tum

333 921 409 988 fieri
426 924 551 1008 potest,
568 920 598 986 si
614 914 791 984 calamitas
809 913 945 981 iudaica
958 920 1134 1004 tamquam
1151 921 1251 1004 typus
1274 917 1416 982 alterius
1430 916 1665 983 consideratur

332 1029 379 1094 ita
395 1032 432 1091 ut
444 1047 554 1093 sermo
570 1048 592 1093 a
607 1030 690 1112 typo
705 1022 903 1089 immediate
924 1027 1072 1087 transeat
1086 1020 1129 1087 ad
1144 1024 1338 1110 antitypum
1360 1031 1392 1087 et
1408 1045 1501 1089 more
1517 1026 1665 1112 proplie-

333 1132 397 1199 tico
409 1132 493 1200 haec
506 1133 575 1199 dno
590 1129 710 1197 intime
725 1129 814 1196 inter
826 1148 861 1194 se
876 1126 1041 1214 colligata
1059 1132 1162 1216 atquc
1181 1150 1333 1194 connexa
1350 1128 1616 1196 considerentur.

376 1238 470 1305 Diem
501 1236 633 1306 Domini
658 1234 728 1302 iam
750 1235 941 1325 prophetae
971 1234 1168 1301 describunt
1196 1241 1234 1300 ut
1254 1234 1344 1300 diem
1373 1236 1604 1302 tribulationis
1631 1245 1665 1304 et

331 1332 525 1433 angustiae,
543 1343 634 1410 diem
649 1341 852 1408 calamitatis
873 1347 907 1406 ct
924 1341 1096 1421 miseriae,
1113 1339 1203 1406 diem
1225 1343 1442 1408 tenebrarum
1459 1349 1491 1408 et
1506 1343 1664 1429 caliginis

336 1453 450 1542 (Soph.
478 1447 856 1534 1,15.1er.30‚·1.10el
884 1452 976 1527 2,ll.
1000 1450 1102 1513 Amos
1125 1449 1313 1534 5‚18etc.);
1337 1448 1494 1515 similiter
1514 1450 1665 1516 Christus

332 1565 410 1626 ante
425 1577 525 1624 suum
548 1555 693 1624 alterum
712 1553 899 1622 adventum
922 1553 1085 1619 maximas
1098 1553 1169 1619 fore
1191 1554 1390 1620 afflictiones
1409 1555 1508 1622 docet
1524 1579 1554 1620 v.
1573 1563 1614 1622 20
1633 1571 1666 1623 et

331 1664 401 1731 nisi
410 1662 589 1729 breviasset
600 1661 767 1728 Dominus
781 1658 871 1741 dies,
885 1680 955 1725 aon
967 1660 1084 1747 suesset
1099 1660 1195 1726 salva
1215 1661 1322 1727 omnis
1342 1683 1420 1727 coro
1436 1663 1457 1728 i.
1477 1685 1507 1728 e.
1531 1685 1570 1728 cx
1587 1672 1664 1729 noto

333 1769 526 1837 hebraismo
541 1768 596 1858 (cl.
620 1773 716 1834 Rom.
741 1771 834 1847 3:20.
858 1763 931 1833 Gal.
954 1766 1046 1853 atu)
1072 1788 1173 1833 nemo
1194 1767 1282 1833 foret
1301 1768 1430 1839 salvus:
1451 1769 1512 1834 sed
1527 1782 1665 1858 propter

331 1873 677 1966 electosquoseleqit,
704 1894 774 1963 qua
797 1871 970 1938 locutione
989 1872 1047 1938 Dei
1071 1873 1107 1939 in
1127 1895 1182 1939 eos
1204 1875 1329 1940 eximia
1352 1876 1589 1942 benevolentia
1609 1878 1664 1943 cui

331 1983 395 2050 soli
411 1983 577 2050 debeatur
596 1979 716 2048 electio
730 1979 776 2047 ad
797 1979 944 2045 salntem
959 1978 1185 2064 significatur,
1208 1980 1372 2046 breviavit
1392 1981 1482 2064 dica·
1506 2005 1572 2047 non
1589 2005 1662 2071 per-

332 2090 434 2156 mittit
444 2088 660 2155 alllictionem
670 2085 902 2153 saevissimam
914 2084 987 2150 fore
998 2085 1097 2151 nimis
1110 2085 1321 2152 diuturnam.
1338 2087 1538 2173 Designatur
1550 2089 1664 2177 itaque

331 2194 468 2274 alssictio
484 2216 554 2284 qua
565 2192 767 2283 praeprimis
778 2192 876 2258 electi
889 2191 912 2257 i.
930 2213 960 2257 e.
978 2190 1169 2270 credentes,
1189 2193 1431 2259 Christilidclos
1446 2204 1660 2282 premuntur,

330 2324 477 2392 qnorum
500 2307 616 2368 tamen
639 2300 765 2366 intuitu
789 2304 876 2365 [teus
901 2296 997 2364 illam
1019 2305 1255 2386 tempestatem
1276 2301 1348 2365 vult
1371 2322 1440 2365 esse
1458 2301 1660 2368 breviorem.

334 2413 428 2476 Patet
451 2411 534 2475 baec
557 2405 601 2473 dc
626 2412 781 2496 tempore
804 2405 1008 2472 calamitatis
1036 2404 1189 2471 iudaicae
1216 2427 1283 2470 non
1307 2404 1387 2470 dici.
1416 2406 1462 2471 lbi
1487 2408 1577 2473 onim
1605 2411 1664 2496 qui

333 2515 465 2583 Christo
484 2512 630 2580 credunt
649 2513 719 2579 iam
737 2511 823 2597 fuga
841 2511 1033 2600 periculum
1057 2510 1200 2577 evasisse
1217 2513 1375 2578 censendi
1396 2519 1476 2578 sunt
1494 2535 1534 2578 ex
1554 2537 1585 2578 v.
1610 2522 1664 2582 lt-

335 2628 390 2703 18;
408 2641 519 2709 neque
534 2619 633 2686 facile
649 2618 774 2685 dixeris
793 2616 969 2706 quomodo
982 2615 1053 2682 dies
1072 2616 1122 2682 illi
1139 2617 1326 2683 obsidionis
1342 2619 1434 2684 urbis
1447 2618 1513 2686 dici
1529 2631 1665 2708 possent

335 2727 431 2818 quasi
445 2726 613 2815 amputati
627 2722 741 2813 quoad
759 2745 944 2790 numerum
960 2723 1017 2809 (cl.
1035 2715 1235 2813 eoactum)
1252 2747 1363 2812 neque
1382 2725 1450 2791 ullo
1469 2725 1569 2792 modo
1585 2750 1664 2815 pro-

333 2833 450 2903 babile
465 2839 514 2898 est
531 2831 607 2899 illos
628 2829 771 2898 ludaeos
795 2851 881 2919 quos
897 2828 1079 2896 obsidione
1099 2830 1275 2897 cinxerant
1293 2833 1433 2898 ltomaui
1457 2832 1523 2899 dici
1543 2835 1664 2902 electos

334 2961 420 3030 quos
431 2938 759 3026 elegeritltominus,
771 2936 834 3010 etsi
844 2936 985 3003 fortasse
996 2936 1100 3025 (quod
1108 2937 1216 3025 aliqui
1226 2939 1432 3018 coniectant;
1449 2940 1491 3005 cl.
1504 2939 1664 3030 i'lreople.)

334 3047 435 3137 pauci
452 3068 493 3112 ex
506 3045 685 3135 eispostea
695 3044 826 3112 Christo
848 3063 975 3109 nomen
990 3042 1174 3110 dedissent.

379 3157 482 3220 Porro
500 3151 560 3218 illa
575 3150 753 3223 calamitas
765 3148 842 3215 talis
854 3155 905 3215 est
924 3170 992 3238 qua
1008 3155 1231 3236 cognoscatur
1245 3153 1520 3243 appropinquare
1536 3155 1665 3223 adren-

336 3265 408 3327 tum
430 3258 576 3325 Domini.
595 3255 690 3324 Undc
714 3260 815 3323 erunt
839 3255 900 3345 qui
924 3254 987 3323 illa
1007 3256 1200 3342 cognitione
1222 3261 1392 3325 communi
1416 3261 1600 3328 abutantur
1621 3266 1663 3331 ad

335 3365 419 3434 alios
442 3361 653 3431 seducendos
667 3383 704 3430 v.
725 3368 767 3428 21
788 3375 822 3428 et
843 3375 924 3428 tunc
944 3362 977 3428 si
996 3364 1072 3450 quis
1088 3363 1178 3428 vobis
1192 3362 1317 3429 deberit
1336 3386 1347 3430 :
1366 3387 1441 3431 ecce
1454 3367 1507 3432 liic
1520 3359 1579 3429 ote
1601 3372 1664 3437 hoc

335 3473 409 3539 loco
424 3483 472 3538 est
495 3469 661 3551 Christus,
681 3490 756 3536 ecce
777 3468 862 3548 illia,
883 3490 925 3535 ae
946 3466 1157 3535 credideritis
1162 3490 1176 3550 ;
1196 3471 1334 3557 quando
1355 3473 1445 3538 enim
1467 3496 1584 3542 revera
1603 3499 1664 3567 ap-

337 3580 509 3668 pariturus
526 3582 591 3659 est,
616 3577 731 3643 statim
750 3575 938 3642 clarissime
962 3574 1122 3642 omnibus
1144 3575 1338 3656 innotescit,
1358 3579 1406 3645 uti
1424 3582 1537 3648 llattlr.
1565 3589 1665 3663 ‘tt-27

335 3683 590 3774 comparatione
604 3682 752 3769 lulguris
764 3682 857 3770 quod
873 3703 970 3748 suam
991 3683 1261 3749 coruscationem
1276 3687 1430 3752 onmium
1441 3688 1548 3754 oculis
1565 3690 1665 3758 infert

337 3790 544 3861 declaratur.
568 3794 658 3867 Quae
672 3788 861 3855 admonitio
879 3810 919 3854 oo
943 3790 1054 3875 magis
1068 3792 1258 3857 necessaria
1272 3800 1321 3857 cst
1339 3794 1419 3880 quia
1432 3806 1533 3861 erunt
1545 3797 1664 3865 seduc-

338 3903 426 3964 tores
444 3903 478 3964 et
494 3918 637 3964 numero
651 3895 749 3962 multi
764 3900 797 3962 ct
812 3895 1004 3985 patratione
1020 3895 1198 3981 signorum
1215 3905 1367 3987 potentes
1383 3922 1414 3965 v.
1433 3907 1474 3965 Ἠ
1489 3919 1667 3993 easroprnt

339 4003 431 4070 enim
442 4002 693 4094 pseudochristi
703 4014 736 4069 et
747 3999 1066 4092 pseudoprophetae
1084 4015 1116 4068 et
1132 4002 1262 4069 dabitat
1275 4006 1370 4093 siquo
1396 4020 1427 4071 et
1440 4023 1600 4095 portenta
1622 4011 1670 4078 ad

207 4197 210 4204 .
336 4109 540 4177 seducendos
566 4110 598 4176 si
616 4109 697 4198 fieri
703 4121 816 4199 potest
834 4110 940 4175 etiam
953 4108 1091 4189 electos,
1117 4110 1236 4176 «dixit
1258 4112 1321 4177 lroc
1343 4113 1386 4178 ad
1407 4114 1666 4198 significandam

340 4215 614 4303 magnitudinem
636 4215 793 4282 fallaciae
808 4216 1001 4282 comitantis
1014 4217 1111 4302 signa
1130 4223 1163 4283 ct
1178 4216 1336 4304 prodigia
1350 4242 1435 4306 quae
1452 4231 1529 4287 tunc
1550 4224 1632 4290 fient
1651 4256 1664 4282 »ι

340 4323 458 4413 (Gai).
476 4327 566 4401 Quae
582 4323 741 4413 prodigia
757 4321 833 4389 sieri
855 4343 918 4389 nos
940 4322 1038 4389 docet
1053 4328 1086 4390 S.
1110 4324 1231 4390 Paulus
1245 4312 1463 4412 aaz'ivr‘ppaav
1478 4336 1531 4389 ro]
1547 4333 1667 4392 σατκνᾶ

339 4430 464 4521 quibus
484 4429 534 4497 illi
555 4429 762 4496 seducantur
781 4430 841 4518 qui
863 4449 1016 4495 amorem
1041 4431 1192 4496 veritatis
1210 4433 1370 4519 amplecti
1391 4434 1568 4509 nolebant:
1592 4437 1669 4504 ideo

343 4538 453 4603 mittet
472 4536 539 4602 illis
554 4541 641 4604 Deus
654 4536 888 4625 operationem
906 4538 1031 4602 erroris
1046 4532 1192 4624 ἐνέργειαν
1209 4541 1339 4616 plavis,
1364 4548 1399 4604 ut
1419 4541 1558 4609 credant
1574 4567 1666 4611 men·

341 4643 439 4713 dacio
450 4642 484 4732 (2
496 4643 606 4711 Tbess.
622 4649 692 4725 29.
713 4641 779 4732 10);
799 4667 830 4708 v.
846 4648 887 4710 23
904 4664 1047 4732 aoserqo
1064 4643 1189 4723 uidete,
1207 4645 1249 4711 cl.
1268 4669 1298 4712 v.
1322 4655 1353 4714 5.
1372 4654 1403 4720 9;
1419 4672 1494 4715 erce
1508 4651 1670 4740 praeclari

342 4750 433 4817 vobis
448 4750 583 4835 omm‘o,·
596 4749 705 4818 edocti
716 4756 795 4817 sunt
807 4750 851 4818 de
864 4750 1034 4840 periculo,
1052 4749 1160 4817 edocti
1173 4760 1252 4817 sunt
1268 4762 1440 4841 patratum
1456 4757 1497 4821 iri
1511 4780 1532 4822 a
1549 4759 1668 4827 seduc-
