3960 5654
860 379 953 426 nnnc.
979 363 1029 431 tl,
1052 360 1114 423 ta.
1588 363 1645 423 ⁴03

308 518 353 566 tur
377 519 462 567 verbo
486 515 596 565 llarcus
619 517 774 579 exprimere
798 519 887 568 voluit
908 497 1105 567 vehementem
1130 528 1163 565 nc
1186 514 1307 563 subitam
1328 516 1403 566 Petri
1428 518 1609 567 mutationem
1631 533 1641 562 ι

308 612 336 655 et
349 606 484 656 Vatablus
499 617 504 651 :
518 607 642 669 prorupit
656 607 684 653 in
696 602 802 656 lictum.
817 605 1002 668 Frequentius
1016 619 1023 653 :
1039 618 1102 655 sese
1114 603 1273 667 proripiens
1288 603 1331 652 vel
1348 617 1410 652 cum
1423 619 1454 655 so
1465 605 1539 656 toras
1553 607 1644 670 proic-

309 695 466 756 cissetqita
488 692 648 757 Stephanus
671 690 746 753 (ride
766 694 862 746 critic.
888 706 958 742 sacr.
985 695 1022 743 Vl
1047 693 1130 744 liare.
1155 705 1183 755 p.
1204 690 1278 756 170),
1307 691 1512 752 ltoscnmiiller‚
1534 696 1642 759 Lange,

309 785 420 845 Sobegg
434 795 462 844 p.
481 781 530 832 iet
547 787 595 847 qni
609 782 729 833 similem
743 786 885 833 notionem
899 795 934 831 ex
950 782 1013 842 1,(17
1026 782 1144 840 derivat,
1162 780 1273 830 Fillion.
1291 778 1361 830 Cum
1376 775 1519 829 irrddllrrv
1534 786 1646 847 saepius

309 873 459 933 usurpetur
492 875 604 922 notione
639 871 796 934 excipiendi
829 871 947 920 alterum
977 871 1133 934 colloquio,
1164 869 1261 919 Errald
1290 871 1374 919 vertit
1405 882 1411 918 :
1436 870 1503 932 galli
1536 877 1645 922 cantum

310 961 453 1021 excipiens
474 959 564 1020 sterit,
582 961 648 1011 lietu
658 963 768 1023 excepit
782 961 850 1024 galli
866 963 989 1020 cantum,
1004 962 1045 1011 ita
1058 961 1089 1009 ut
1106 958 1173 1008 lletu
1187 971 1239 1009 suo
1251 960 1332 1022 quasi
1346 959 1518 1021 responderit
1531 961 1565 1009 ad
1580 962 1647 1023 galli

309 1049 436 1106 cantum;
451 1063 523 1112 quac
537 1050 661 1113 acceptio
676 1050 703 1098 ct
715 1050 845 1099 subtilior
855 1051 897 1097 est
912 1052 940 1097 et
952 1062 1033 1100 usum
1048 1049 1124 1098 vocis
1138 1047 1173 1096 ad
1186 1046 1262 1097 aliud
1274 1060 1365 1111 genus
1380 1048 1520 1097 transfert.
1541 1050 1649 1099 Pariter

308 1135 484 1187 arbitrarium
499 1142 542 1189 est
553 1137 693 1199 explicare
708 1151 770 1188 cum
797 1137 955 1186 Hammond
982 1151 988 1186 :
1010 1136 1101 1188 oculis
1116 1133 1154 1204 (in
1174 1131 1279 1203 lesum)
1293 1137 1428 1185 coniectis
1447 1135 1543 1196 tiebat,
1560 1150 1642 1201 quam

309 1225 566 1287 interpretationem
586 1227 641 1273 iam
656 1223 783 1276 Clericus
804 1225 901 1274 reiecit
924 1221 967 1289 (ci.
996 1225 1107 1274 Novum
1131 1223 1232 1274 Test...
1253 1224 1403 1274 illustravit
1429 1223 1567 1283 Clericus,
1591 1226 1646 1276 cdi·

308 1314 348 1361 tio
367 1314 504 1373 secunda,
520 1311 693 1364 Francolurti
709 1315 774 1364 1711
791 1328 819 1377 p.
839 1312 901 1374 ico,
918 1326 975 1376 quo
992 1314 1096 1363 relatas
1112 1314 1238 1363 invenies
1255 1326 1368 1377 quoque
1383 1313 1581 1377 explicationes
1592 1313 1647 1365 Ca·

308 1402 441 1462 sanboni,
460 1403 604 1459 Salmasii;
620 1403 705 1452 etiarn
725 1403 820 1467 plures
841 1401 920 1451 dabit
935 1402 1073 1466 synopsis
1087 1400 1255 1453 criticorum
1276 1402 1333 1453 rol.
1350 1402 1388 1451 lV
1411 1401 1554 1453 Ultraiecti
1581 1403 1645 1454 1686

310 1503 339 1554 p.
357 1488 430 1558 823).

348 1727 410 1788 Cur
431 1728 514 1787 Deus
537 1729 667 1787 Petrum
690 1728 734 1786 ita
756 1729 870 1788 cadere
890 1728 1087 1805 permiserit,
1109 1727 1215 1788 variae
1240 1727 1381 1788 rationes
1404 1730 1587 1789 atleruntur.
1615 1733 1650 1792 Et

308 1825 341 1886 S.
358 1823 438 1904 Auq.
452 1825 582 1903 quidem
596 1825 639 1885 ita
654 1825 823 1902 aliquando
834 1825 1004 1903 explicuit:
1020 1829 1079 1885 «et
1093 1825 1195 1885 audeo
1211 1825 1316 1885 dicere
1333 1827 1479 1904 superbis
1494 1845 1562 1888 esse
1573 1829 1650 1888 utile

309 1922 423 1983 cadere
439 1923 472 1981 in
487 1923 616 2001 aliquod
631 1926 778 2001 apertum
795 1923 1066 2001 manifestumque
1085 1926 1269 2001 peccatum,
1285 1922 1369 1983 unde
1384 1924 1445 1984 sibi
1463 1925 1650 2003 displiceant

309 2020 366 2098 qui
390 2021 453 2079 iarn
483 2019 542 2079 sibi
569 2019 722 2097 placendo
748 2020 944 2093 ceciderant;
972 2020 1130 2082 salubrius
1155 2021 1242 2081 enim
1264 2021 1376 2082 Petrus
1403 2021 1464 2081 sibi
1490 2022 1651 2100 displicuit

310 2117 437 2196 quando
454 2118 546 2190 ssevit,
559 2135 654 2194 quarn
669 2117 731 2177 sibi
743 2117 861 2194 placuit
874 2117 1003 2196 quando
1013 2119 1229 2196 praesumpsit
1246 2142 1260 2175 »
1278 2117 1357 2198 (Cir.
1376 2122 1411 2179 b.
1429 2121 1535 2193 lr‚l:r;
1547 2121 1587 2179 M.
1599 2124 1649 2192 ll,

309 2214 391 2293 42⁶2).
409 2215 562 2275 Similiter
577 2214 654 2276 dicit
668 2216 700 2276 S.
718 2215 897 2274 Artior-osius
919 2233 992 2276 eum
1008 2234 1079 2277 esse
1101 2217 1295 2277 mulctatum
1310 2216 1385 2294 quia
1401 2218 1515 2278 dixerit
1530 2219 1650 2296 impru-

310 2311 423 2373 denter
438 2330 643 2390 praesumens
659 2331 692 2373 se
707 2314 846 2373 animam
864 2331 981 2392 ponere
995 2331 1054 2392 pro
1067 2315 1153 2386 lesu,
1171 2314 1257 2392 qnod
1274 2332 1338 2374 non
1354 2314 1508 2375 humanae
1521 2316 1651 2377 infirmi·

311 2411 396 2480 tatis,
414 2411 470 2471 sed
490 2411 616 2471 dirinae
631 2411 673 2471 sit
688 2412 871 2488 potestatis;
889 2418 921 2471 et
935 2430 942 2470 :
958 2410 1036 2470 nibil
1058 2411 1136 2471 mihi
1155 2411 1264 2472 nocuit
1280 2412 1368 2489 qnod
1384 2413 1510 2490 negavit
1522 2413 1649 2479 Petrus:

311 2509 431 2587 proluit
451 2509 538 2586 quod
558 2507 756 2582 emendavit;
777 2509 875 2569 didici
903 2525 1012 2569 cavere
1036 2508 1175 2586 alloquia
1198 2509 1413 2587 perfidorum;
1438 2511 1517 2570 haec
1537 2513 1653 2591 scripta

312 2611 385 2667 sunt
401 2611 436 2666 ut
451 2607 590 2667 sciamus
606 2607 767 2666 neminem
787 2607 902 2666 iactare
918 2623 951 2666 se
968 2605 1086 2666 debere
1102 2606 1147 2684 (in
1162 2607 1235 2666 Luc.
1253 2606 1309 2666 lib.
1323 2608 1404 2667 ron.
1418 2611 1465 2667 lt.
1479 2608 1528 2668 89.
1540 2611 1574 2668 91
1591 2616 1649 2670 etc.

312 2706 352 2763 M.
371 2705 503 2774 1518(ὶὲ
525 2703 617 2781 seq).
635 2703 695 2762 alii
711 2703 863 2780 efferunt,
882 2709 919 2763 ut
935 2710 1099 2782 tamqnam
1120 2708 1228 2782 pastor
1248 2704 1408 2765 Ecclesiae
1431 2705 1462 2764 in
1484 2724 1541 2766 sna
1560 2708 1653 2786 culpa

311 2803 449 2863 disceret
469 2802 629 2880 quomodo
649 2801 786 2861 aliorum
804 2802 938 2862 deberet
954 2802 1100 2862 misereri
1114 2802 1157 2879 (S.
1178 2800 1238 2860 Leo
1256 2820 1350 2862 serm.
1372 2807 1391 2863 11
1406 2804 1444 2863 de
1460 2821 1543 2882 pass.
1563 2803 1651 2886 Grrq.

312 2901 398 2960 bom.
416 2903 452 2960 21
472 2900 502 2959 in
519 2917 627 2978 evang.
646 2918 676 2959 n.
694 2898 736 2977 t).
754 2903 857 2977 Atque
880 2898 956 2960 Vici.
974 2904 1085 2959 monet
1104 2907 1288 2960 sanctorum
1304 2905 1436 2977 peccata
1451 2901 1482 2960 in
1499 2920 1523 2961 s.
1541 2903 1653 2963 litteris

313 2999 424 3058 reterri
445 3003 479 3057 nt
497 3015 607 3058 eorum
626 2998 658 3056 in
680 2997 876 3075 poenitentia
894 2997 1068 3059 evadamus
1090 2998 1282 3070 imitatores;
1299 2997 1359 3058 boc
1374 2999 1461 3059 enirn
1477 3001 1653 3062 remedium

313 3096 530 3174 poenitentiae
542 3113 559 3154 a
572 3098 635 3155 Deo
652 3095 880 3173 benignissimo
895 3095 988 3155 nobis
1005 3112 1075 3155 esse
1088 3112 1276 3155 concessum
1292 3095 1388 3174 idque
1404 3096 1514 3157 referri
1527 3105 1656 3177 propter

314 3195 441 3272 eosqui
457 3198 572 3272 negent
591 3192 823 3271 poenitentiam
847 3199 879 3252 et
898 3192 984 3253 idem
1002 3193 1135 3253 adnotat
1157 3191 1290 3275 Theoplr.
1312 3199 1422 3254 contra
1440 3197 1653 3257 Novatianos:

316 3310 387 3353 ecce
403 3298 434 3352 et
448 3293 562 3351 Petrus
575 3298 721 3370 suscepto
733 3291 936 3351 immaculato
951 3308 1084 3368 corpore
1099 3297 1131 3350 et
1148 3292 1300 3369 sanguine
1311 3309 1384 3352 cum
1401 3299 1548 3370 negasset
1563 3311 1656 3372 prop-

315 3396 363 3450 ter
378 3390 611 3467 poenitentiam
629 3393 797 3466 susceptus
813 3394 878 3461 est;
900 3389 1095 3449 erubescant
1109 3389 1275 3448 Novatiani
1289 3396 1363 3460 etc,
1386 3397 1418 3450 et
1436 3396 1529 3451 antea
1546 3392 1656 3452 adrer-

316 3489 356 3548 tit
372 3506 378 3546 ε
396 3488 544 3565 permisit
558 3493 663 3546 autem
681 3488 762 3547 Deus
782 3486 868 3545 istud
891 3487 1044 3564 singulari
1066 3487 1303 3564 dispensatione
1320 3487 1403 3559 sieri,
1421 3493 1456 3548 ut
1470 3506 1509 3548 ne
1525 3489 1655 3549 extolle-

317 3589 415 3654 retur,
439 3591 471 3645 et
491 3585 529 3645 ad
552 3585 611 3645 boc
631 3590 665 3643 nt
685 3590 923 3661 compateretur
942 3584 1124 3645 labentibus
1144 3603 1162 3644 a
1185 3585 1291 3663 seipso
1310 3584 1457 3645 eruditus
1480 3593 1596 3664 quanta
1616 3589 1657 3647 sit

308 3685 458 3761 ¹humana
477 3682 689 3742 imbecillitas.
710 3682 866 3741 Docemnr
886 3683 1009 3759 itaque,
1027 3687 1062 3743 ut
1080 3680 1151 3742 Ati.
1169 3683 1261 3753 dicit,
1278 3682 1362 3760 qnod
1381 3685 1542 3762 apostolus
1557 3685 1655 3746 incul-

317 3789 366 3843 cat
388 3807 402 3834 «
431 3787 548 3842 utnon
570 3782 670 3839 simus
691 3780 887 3839 confidentes
909 3780 940 3838 in
960 3780 1068 3852 nobis;
1091 3781 1155 3841 noli
1176 3780 1276 3841 altum
1301 3798 1412 3860 sapere
1431 3782 1487 3842 sed
1509 3783 1603 3844 time!
1630 3784 1654 3842 si

318 3881 406 3941 enirn
422 3880 489 3957 ipse
510 3896 606 3955 quern
627 3879 709 3938 Deus
730 3877 907 3955 principem
929 3878 1101 3939 constituit
1120 3883 1152 3938 et
1173 3878 1335 3938 Ecclesiae
1352 3879 1592 3941 tundamentum
1612 3882 1657 3940 sic

318 3978 357 4038 ad
374 3994 486 4037 vocem
501 3976 633 4037 ancillae
649 3976 783 4053 negarit,
803 3975 879 4052 qnid
896 3979 929 4036 lu
948 3976 1091 4037 tacturus
1107 3975 1170 4036 eris
1183 3977 1209 4036 si
1225 3981 1255 4037 te
1271 3975 1387 4036 similis
1405 3977 1544 4038 inveniat
1559 3985 1658 4038 tenta-

320 4077 364 4136 tio
382 4077 420 4133 »‘?
431 4075 524 4135 Plura
541 4075 579 4134 de
595 4091 631 4134 ea
649 4091 682 4133 re
698 4074 770 4133 ride
785 4072 870 4150 apud
885 4071 1046 4136 salma-on
1065 4079 1089 4134 1.
1105 4074 1143 4134 10
1159 4080 1251 4135 tract.
1269 4076 1307 4135 23
1323 4080 1355 4134 et
1367 4077 1555 4152 praesertim
1571 4074 1656 4153 Syrio.

319 4175 375 4234 lib.
393 4175 491 4251 Scap.
509 4175 527 4232 5
543 4190 595 4249 qu.
608 4174 661 4243 10;
677 4173 743 4249 agit
755 4189 885 4249 quoque
899 4172 1013 4232 Sncrer
1029 4173 1060 4231 in
1076 4174 1094 4231 3
1111 4191 1142 4250 p.
1157 4189 1212 4250 qu.
1231 4175 1270 4230 16
1284 4172 1366 4250 disp.
1382 4175 1419 4232 33
1434 4179 1511 4233 sect.
1531 4176 1544 4232 1
1563 4193 1594 4232 n.
1609 4177 1656 4234 lli.

320 4272 388 4331 Alia
405 4289 484 4348 qnae
507 4271 614 4347 quaeri
642 4269 745 4328 solent
770 4270 809 4329 de
836 4270 1003 4347 negatione
1024 4270 1108 4330 Petri
1136 4268 1209 4328 vide
1233 4269 1265 4328 in
1290 4271 1465 4330 Comment.
1494 4271 1525 4330 in
1549 4271 1655 4331 llaitb.

322 4372 345 4429 ll
367 4390 396 4448 p.
412 4372 467 4429 481
487 4386 552 4444 seq.
575 4369 618 4426 De
638 4367 765 4437 ordine,
783 4367 853 4428 loco
876 4369 1079 4446 negationum
1100 4372 1132 4427 et
1154 4367 1317 4445 quomodo
1334 4372 1485 4446 quattuor
1504 4371 1658 4429 narratio·

321 4486 409 4528 nesa
430 4468 524 4526 variis
541 4466 604 4524 sint
626 4465 707 4524 inter
727 4482 759 4524 se
784 4467 973 4528 conciliatae
998 4466 1125 4544 scripsit
1151 4484 1254 4545 nuper
1277 4463 1417 4542 aribert,
1444 4468 1551 4528 Rerue
1570 4468 1660 4527 bibli-

322 4567 411 4643 quel
433 4583 463 4643 p.
482 4564 622 4625 asa-292.
