3960 5654
297 479 356 541 140
847 502 939 546 nuc.
952 487 992 556 ’5,
1015 481 1082 541 8-9.

302 626 474 701 ν’ἱεεὶηιωη
489 653 557 699 esse
572 629 704 696 Christo
719 632 863 717 sciebat,
884 631 1045 724 sperabat
1056 652 1092 697 se
1102 653 1198 720 posse
1210 632 1369 719 consequi
1383 630 1476 721 quod
1491 626 1628 694 volebat

299 739 428 829 (lauat
439 741 658 804 tormentum
670 759 770 806 suum
783 748 907 831 putant
917 740 1097 806 daemones
1109 740 1136 805 si
1151 743 1318 827 cogantur
1330 739 1420 804 exire
1434 738 1477 804 ab
1490 734 1627 802 bomine

303 844 463 936 (Theopl.
481 848 515 908 et
529 842 604 909 sim.
624 844 706 914 Bed.
726 846 803 913 Alb.
826 847 900 914 Coi.
919 849 1012 913 'lana
1037 842 1147 914 calm.
1171 850 1266 914 Patr.
1289 844 1450 931 seltener
1476 841 1628 931 sequitur

304 953 397 1019 enim
411 949 505 1037 quali
515 949 678 1019 mandato
693 958 832 1042 accepto
843 954 932 1021 hanc
943 950 1226 1040 supplicationem
1237 950 1367 1018 Christo
1380 950 1543 1017 obtulerit
1557 969 1588 1011 v.
1607 951 1627 1012 8

303 1055 437 1125 dicebat
455 1057 545 1121 enim
566 1057 623 1124 illi
636 1080 649 1125 .·
662 1060 733 1136 eni,
754 1059 891 1149 spirutus
907 1056 1098 1140 immunde,
1112 1059 1155 1127 ab
1173 1058 1328 1140 homine·
1347 1056 1519 1123 metuebat
1537 1053 1627 1122 enim

300 1185 343 1230 ne
355 1161 443 1228 exire
453 1162 564 1231 iussus
574 1165 809 1232 mittereturin
820 1166 981 1254 abyssum
993 1164 1136 1248 interni;
1149 1185 1256 1255 quare
1266 1167 1344 1229 Luc.
1357 1168 1434 1242 8,31
1447 1162 1629 1229 daemones

196 1310 201 1314 -
302 1289 440 1354 rogasse
454 1272 635 1338 Dominum
645 1276 807 1337 narratur
821 1293 865 1339 ne
875 1273 1060 1361 imperaret
1070 1271 1134 1338 sibi
1148 1269 1231 1337 utin
1245 1268 1404 1357 abyssum
1419 1269 1517 1335 irent.
1535 1268 1628 1335 Sicut

302 1375 417 1463 itaque
435 1383 523 1455 135.
544 1383 587 1443 26
602 1399 681 1443 cum
700 1375 838 1444 dixisset
851 1383 940 1444 lesus
957 1398 964 1444 :
982 1377 1176 1445 obmutesce
1193 1380 1227 1443 et
1244 1376 1298 1443 exi
1317 1376 1359 1443 ab
1380 1375 1533 1454 homine,
1552 1396 1628 1463 per-

302 1479 393 1548 misit
407 1482 459 1548 illi
473 1485 672 1572 priusquam
685 1483 914 1568 egrederetur
928 1484 1094 1573 proiicere
1106 1482 1364 1550 daemoniacum
1376 1482 1411 1547 in
1428 1479 1578 1546 medium
1596 1485 1629 1545 et

301 1585 508 1678 discerpere,
525 1589 575 1655 ita
585 1588 643 1655 hic
658 1610 794 1677 quoque
811 1595 890 1657 ante
905 1610 1077 1676 egressum
1093 1588 1260 1679 permittit
1279 1588 1440 1655 daemoni
1459 1583 1627 1676 quaedam

298 1714 397 1762 orare
416 1705 449 1762 et
471 1695 695 1786 respondere,
715 1696 878 1784 quoniam
897 1695 945 1762 sic
963 1698 1047 1763 utile
1070 1700 1145 1763 erat
1164 1700 1304 1788 propter
1324 1717 1380 1762 eos
1403 1695 1464 1783 qui
1485 1693 1627 1759 aderant

301 1801 434 1890 (least
452 1801 611 1869 Efficacia
627 1805 800 1893 praecepti
815 1802 898 1869 inde
917 1825 1052 1893 quoque
1064 1801 1238 1890 colligitur
1252 1803 1332 1892 quia
1349 1801 1481 1868 Christo
1496 1799 1628 1888 praeci-

175 1966 178 1972 ,
299 1907 509 1996 pienteadeo
518 1907 650 1998 trepide
660 1908 848 1975 etmultum
859 1909 1117 1999 precabaturne
1128 1914 1355 1999 torqueretur,
1374 1929 1442 1973 non
1456 1904 1629 1992 refugiens

302 2013 442 2102 quidem
456 2013 703 2097 obedientiam,
717 2014 778 2081 sed
791 2015 902 2082 maius
916 2015 1103 2105 deprecans
1121 2015 1263 2082 malum.
1284 2019 1373 2081 lesus
1386 2017 1501 2079 autem
1514 2011 1630 2078 multis

211 2108 213 2112 ’
297 2119 524 2187 daemonibus
537 2121 684 2212 imperat
699 2121 797 2211 quasi
815 2144 904 2188 unus
927 2128 1012 2189 esset
1028 2127 1169 2213 propter
1185 2121 1458 2189 imbecillitatem
1476 2119 1629 2209 ipsorum

300 2224 448 2315 (ΕειΙΙι.);
465 2226 500 2292 id
519 2229 647 2318 quippe
662 2250 701 2294 ex
715 2229 935 2317 sequentibus
949 2235 1053 2319 patet.

319 2381 321 2385 -
343 2336 428 2399 Nam
447 2357 480 2399 v.
502 2339 521 2400 9
545 2333 780 2422 interropubat
803 2357 900 2418 eum,
922 2357 1002 2402 eum
1025 2335 1099 2405 scil.
1125 2336 1185 2425 qui
1205 2359 1239 2403 v.
1260 2342 1281 2401 'l
1303 2335 1437 2402 locutus
1456 2338 1544 2409 erat;
1569 2353 1631 2397 vox

305 2440 445 2531 quidem
458 2447 531 2506 erat
542 2440 707 2523 hominis,
725 2449 760 2507 at
772 2464 814 2509 ex
830 2464 872 2508 eo
887 2449 920 2508 et
938 2463 1002 2532 ope
1018 2443 1091 2509 eius
1101 2442 1233 2509 locutus
1245 2446 1294 2508 est
1306 2441 1470 2521 daemon3
1487 2436 1631 2529 proinde

301 2545 449 2614 daemon
468 2547 712 2634 interrogatur,
735 2549 786 2614 uti
806 2548 964 2638 plerique
985 2555 1076 2616 recte
1093 2549 1279 2639 explicant,
1302 2549 1403 2614 etiam
1426 2545 1547 2626 Eutlz„
1572 2544 1631 2633 qui

297 2653 437 2742 quidem
464 2653 637 2721 bominem
660 2655 870 2741 interrogari
894 2656 957 2738 ait,
987 2661 1140 2723 attamen
1162 2653 1259 2722 addit
1288 2654 1520 2743 quaestionem
1550 2673 1628 2741 per-

300 2761 432 2827 venisse
463 2760 507 2826 ad
538 2761 793 2828 multitudinem
819 2761 1043 2848 daemonum;
1071 2783 1254 2852 perperam
1279 2767 1393 2828 autem
1417 2759 1494 2826 Keil
1519 2764 1632 2825 censet

301 2865 471 2933 Christum
484 2866 546 2934 sua
557 2869 827 2955 interrogatione
838 2868 984 2936 voluisse
996 2868 1096 2935 illum
1110 2868 1287 2935 hominem
1302 2866 1444 2934 reddere
1459 2865 1511 2933 sui
1529 2864 1632 2954 ipsius

304 2973 496 3056 conscium;
518 2973 614 3064 quod
626 2973 689 3041 titi
705 2997 829 3042 nomen
841 2980 912 3042 est?
929 2976 1005 3043 vult
1015 2976 1086 3042 scil.
1102 2974 1268 3056 Christus,
1287 2981 1324 3041 ut
1337 2976 1428 3040 lons.
1446 2977 1577 3051 monet,
1592 2992 1631 3037 ex

303 3078 433 3146 diaboli
455 3082 675 3169 responsione
693 3086 867 3170 patescere
887 3081 1124 3172 praesentibus
1142 3081 1350 3150 daemonum
1364 3078 1632 3146 inhabitantium

303 3184 579 3266 multitudinem,
596 3193 635 3252 ut
648 3186 731 3254 hinc
744 3188 813 3255 illis
826 3189 930 3255 etiam
945 3194 1115 3255 constaret
1126 3196 1159 3255 et
1170 3210 1275 3255 causa
1292 3209 1390 3254 rarae
1409 3186 1501 3252 illius
1512 3183 1632 3251 erude-

300 3291 408 3360 litatis
426 3314 467 3360 ac
488 3292 650 3360 saevitiae
670 3316 757 3383 quae
781 3293 951 3384 descripta
975 3301 1024 3361 est
1043 3302 1078 3361 et
1096 3290 1259 3361 'miraculi
1281 3291 1498 3380 magnitudo,
1520 3312 1589 3379 quo
1613 3312 1633 3355 a

212 3453 214 3456 ,
307 3403 403 3465 tanta
426 3397 635 3466 daemonum
659 3404 825 3489 potestate
846 3401 952 3467 homo
979 3422 1048 3468 uno
1072 3401 1195 3468 Christi
1214 3400 1318 3467 verbo
1343 3399 1507 3466 liberatus
1530 3401 1629 3471 esset3

308 3505 453 3592 proinde
467 3505 596 3573 discere
611 3512 770 3596 poterant
781 3508 842 3597 qui
855 3506 1001 3575 aderant
1014 3512 1087 3574 lesu
1105 3508 1293 3598 potentiam
1308 3507 1407 3592 longe
1423 3506 1632 3593 superiorem

304 3631 376 3677 esse
390 3613 504 3678 vinon
518 3614 629 3679 solum
643 3613 860 3700 singulorum
875 3613 1082 3681 daemonum
1099 3612 1272 3680 sedetiam
1288 3613 1518 3702 plurimorum
1533 3610 1634 3676 simul

175 3784 179 3795 ,
303 3717 574 3786 coadunatorum
589 3724 623 3786 et
637 3720 727 3786 inter
742 3742 777 3786 se
797 3721 1078 3810 conspirantium.
1094 3725 1288 3807 Interrogat
1299 3725 1336 3785 ut
1354 3724 1474 3785 notum
1490 3716 1549 3783 fiat
1563 3739 1632 3798 non

307 3825 408 3891 unius
421 3825 566 3892 alicuius
585 3825 645 3891 sed
660 3826 762 3893 totius
776 3826 955 3893 cuiusdam
969 3826 1199 3894 multitudinis
1211 3848 1327 3892 vocem
1344 3826 1378 3890 in
1394 3846 1475 3890 voce
1486 3823 1634 3889 bominis

304 3951 377 3999 esse
387 3930 551 3999 auditam.
566 3935 695 3998 Nomen
709 3937 823 4000 autem
831 3933 982 4022 quaerit,
993 3954 1061 4000 non
1070 3933 1168 4022 quasi
1175 3932 1303 4020 singuli
1314 3931 1498 3998 daemones
1508 3951 1632 3997 nomen

304 4039 484 4128 proprium
500 4038 667 4106 haberent
679 4039 732 4105 vel
744 4040 885 4106 nomine
897 4040 1149 4107 innotescerent
1161 4039 1374 4121 hominibus,
1388 4038 1448 4105 sed
1462 4039 1545 4127 quia
1556 4058 1632 4103 cum

206 4152 216 4165 “
306 4145 444 4211 nomine
465 4167 517 4212 res
538 4144 636 4212 nobis
649 4144 868 4212 declarentur
882 4146 1100 4236 notioresque
1113 4146 1215 4226 fiant,
1232 4168 1274 4213 ea
1287 4146 1484 4234 quaestione
1499 4143 1635 4229 exigite

303 4250 545 4332 daemonibus,
573 4257 611 4317 ut
632 4272 728 4318 suam
748 4250 1005 4318 multitudinem
1022 4252 1086 4342 ipsi
1108 4253 1279 4342 aperiant;
1303 4263 1336 4318 et
1354 4250 1439 4317 dicit
1460 4251 1494 4317 ei
1516 4272 1527 4316 .·
1547 4250 1633 4338 leqio

304 4357 390 4424 miti
413 4372 619 4441 comoneat,
650 4359 730 4448 quio
757 4357 860 4424 multi
884 4361 1166 4449 sumammuh,
1183 4382 1246 4425 vox
1271 4359 1359 4447 leqio
1389 4346 1464 4451 pub
1486 4360 1588 4424 etiam
1615 4380 1634 4422 a

305 4465 517 4551 targumistis
535 4471 568 4531 et
587 4465 791 4532 talmudistis
808 4464 1006 4546 adhibetur,
1031 4489 1100 4555 qua
1125 4465 1304 4552 designent
1323 4473 1356 4533 et
1379 4463 1634 4532 multitudinem

305 4571 478 4660 quandam
501 4579 534 4637 et
556 4594 663 4638 unum
689 4574 749 4662 qui
771 4571 931 4662 pluribus
954 4576 1132 4664 tamquam
1156 4573 1284 4660 legioni
1299 4574 1342 4639 sit
1366 4571 1556 4662 praelectus
1574 4570 1631 4658 (ct.

309 4679 467 4765 duetorf,
488 4676 553 4742 lex.
578 4679 692 4745 chald.
710 4702 745 4768 p.
773 4685 875 4761 11233
898 4681 999 4768 Levy,
1017 4679 1186 4747 neuhebr.
1202 4680 1279 4747 und
1304 4679 1417 4746 chald.
1446 4675 1631 4743 tt'oerterb.

304 4786 331 4851 ll
350 4805 386 4872 p.
411 4785 500 4869 ἠως
524 4781 615 4849 unde
635 4785 738 4851 etiam
760 4785 895 4876 concipi
914 4791 1025 4875 potest
1047 4786 1241 4876 principem
1261 4787 1358 4875 quasi
1376 4785 1581 4852 daemonum
1602 4791 1635 4849 et

304 4888 425 4956 ducem
438 4891 510 4955 eius
524 4889 753 4959 multitudinis
771 4891 976 4983 respondere
991 4898 1070 4959 etse
1083 4892 1157 4983 ipso
1171 4893 1309 4960 nomine
1319 4900 1495 4980 tamquam
1510 4890 1633 4956 ducem
