3960 5654
921 370 1022 432 rina*
1036 371 1067 444 a,
1091 370 1195 431 ruer.
1358 410 1360 419 ,
1669 374 1727 433 aaa
1828 357 1833 365 '

390 519 459 583 looo
474 521 597 583 ldarcus
617 521 802 582 recensuit?
817 510 1013 597 respondeo,
1030 520 1106 598 quia
1126 541 1156 581 v.
1173 523 1214 582 36
1233 521 1340 582 simite
1359 522 1511 599 quiddam
1533 537 1725 582 commemo-

389 623 513 681 raverat
530 640 558 675 s.
585 615 632 677 ed
652 618 789 680 eundem
809 634 841 676 v.
861 618 902 678 36
921 616 1004 678 banc
1024 617 1198 679 adnectunt
1216 619 1410 680 sententiam
1430 616 1507 677 Bed.
1533 617 1602 678 Alb.
1627 615 1724 680 Cotus.

388 714 499 797 Lamp,
517 712 607 796 Bisp.
624 712 755 790 Reiecit,
771 710 900 796 Scaeua
916 716 960 776 ita
973 709 1011 775 ut
1021 713 1165 777 Christus
1180 716 1440 796 interpellatione
1451 703 1576 776 loannis
1591 717 1677 777 finita
1687 717 1725 776 ad

386 817 614 893 argumentum
627 833 656 873 v.
669 815 708 874 35
718 812 884 891 inceptum
893 810 1019 886 redeat;
1030 830 1129 891 quare
1142 813 1242 891 aliqui
1256 833 1286 874 v.
1302 816 1399 875 37-39
1410 812 1591 892 parenthesi
1609 813 1727 874 includi

387 912 499 973 volunt
518 907 633 989 (Calm.
654 908 777 989 Lamp).
798 909 854 971 Cui
877 911 1055 990 acceptioni
1076 911 1233 990 particula
1252 912 1333 971 enim
1357 929 1421 972 non
1441 911 1538 984 lavet;
1560 910 1618 971 hac
1640 912 1726 970 enim

386 1008 542 1087 particula
564 1026 632 1070 non
654 1009 690 1068 ut
711 1007 866 1069 transitus
887 1008 928 1069 ad
946 1006 1049 1080 aliud,
1070 1026 1175 1087 neque
1198 1014 1422 1089 argumentum
1444 1014 1537 1069 antea
1560 1014 1727 1070 tractatum

387 1107 504 1167 lterum
522 1106 642 1167 assumi
657 1100 870 1183 significatum
891 1104 971 1166 illud
990 1110 1172 1185 praestatur
1189 1107 1348 1186 particula
1361 1106 1390 1165 δέ
1399 1153 1407 1180 ,
1425 1105 1486 1167 boc
1499 1105 1655 1184 particula
1669 1095 1726 1175 οὖν,

386 1219 491 1282 neque
512 1208 620 1265 tamen
644 1203 742 1283 (quod
765 1200 883 1285 Schepp
904 1197 1087 1283 arbitratur)
1112 1204 1269 1282 particula
1292 1205 1355 1284 γάρ.
1379 1205 1442 1265 Alii
1465 1203 1597 1266 demum
1620 1204 1725 1283 ipsum

387 1318 417 1360 v.
433 1301 473 1364 39
488 1302 616 1381 probari
630 1318 666 1361 ac
687 1300 792 1362 lulciri
811 1302 872 1362 bac
887 1302 1049 1362 sententia
1063 1302 1096 1361 in
1114 1321 1144 1362 v.
1164 1303 1205 1363 40
1224 1303 1389 1364 enuntiata
1403 1310 1543 1363 censent.
1560 1302 1605 1361 lta
1619 1302 1726 1380 utique

387 1403 420 1459 et
430 1400 603 1479 particulae
615 1398 667 1476 rip
680 1402 712 1458 et
727 1398 789 1477 ipsi
807 1399 978 1459 verbomm
994 1398 1197 1461 collocationi
1213 1399 1351 1460 maxime
1366 1399 1552 1461 consulitur,
1571 1401 1616 1459 Eo
1632 1399 1725 1460 modo

389 1493 457 1557 Coi.
475 1496 680 1557 :manifestat
694 1494 781 1574 quod
793 1495 918 1557 dixerat
928 1490 1199 1558 scil-elicientem
1209 1496 1379 1559 daemonia
1392 1499 1423 1557 in
1435 1497 1565 1558 nomine
1576 1498 1645 1558 lesu
1656 1514 1725 1557 esse

386 1594 523 1674 procis,
539 1598 732 1673 argumento
746 1611 766 1655 a
780 1590 924 1668 minore,
939 1590 1016 1672 quia
1032 1594 1182 1673 quisquis
1201 1586 1329 1657 dederit
1347 1595 1439 1656 vobis
1457 1600 1530 1668 etc,
1548 1602 1582 1656 ut
1595 1612 1653 1672 per
1666 1595 1726 1655 hoc

387 1691 565 1770 intelligant
574 1690 661 1770 quod
674 1691 776 1752 multo
792 1692 894 1771 magis
907 1691 1089 1753 mercedem
1101 1709 1193 1755 suam
1208 1693 1377 1773 recipient,
1394 1693 1448 1772 qui
1464 1693 1555 1753 vobis
1567 1690 1627 1753 hoc
1639 1710 1726 1770 prae·

386 1792 471 1850 stant
486 1789 574 1867 quod
588 1806 706 1850 nomen
725 1805 835 1851 meum
854 1789 1006 1851 invocant
1018 1788 1059 1851 ad
1074 1784 1243 1870 pellendos
1262 1790 1452 1862 daemones3
1468 1791 1561 1851 aliter
1574 1787 1645 1848 Keil
1661 1809 1671 1848 :
1685 1806 1724 1849 ne

385 1887 560 1947 minimum
575 1885 709 1965 quidem
730 1884 815 1965 quod
833 1885 1001 1967 discipulis
1017 1885 1199 1967 praestetur
1219 1905 1326 1950 carere
1347 1888 1509 1961 mercede;
1527 1889 1589 1948 iam
1608 1887 1723 1947 verosi

333 2000 334 2004 ’
385 1983 536 2063 discipuli
559 1984 639 2045 tanti
660 1984 746 2063 apud
768 1985 872 2045 Deum
892 1980 1116 2057 aestimentur,
1138 1980 1206 2047 lore
1226 1990 1264 2047 ut
1284 1985 1429 2065 quisquis
1452 1985 1484 2045 in
1505 1985 1634 2045 nomine
1654 1986 1723 2045 lesu

381 2085 456 2160 vagat
474 2079 656 2143 mercedem
670 2082 816 2161 recipiat.
837 2084 956 2144 Verum
972 2082 1054 2143 mibi
1077 2082 1211 2161 quidem
1231 2087 1366 2162 utraque
1384 2083 1463 2144 baec
1483 2083 1665 2144 coniunctio
1680 2082 1725 2140 ri·

385 2177 479 2240 detur
493 2196 599 2257 neque
615 2178 716 2240 tacitis
729 2186 841 2258 neque
857 2179 963 2241 obvia.
982 2182 1093 2258 Neque
1108 2180 1196 2242 enim
1214 2180 1300 2242 inter
1313 2198 1348 2243 se
1362 2178 1512 2242 cohaeret
1526 2179 1629 2240 dicere
1646 2196 1653 2238 :
1670 2180 1724 2257 qui

384 2294 449 2338 uon
464 2283 514 2338 est
525 2277 697 2338 adversum
711 2294 788 2349 nos,
807 2294 867 2357 pro
882 2278 976 2338 nobis
992 2283 1055 2350 cst,
1074 2279 1151 2356 quia
1166 2278 1313 2357 quisquis
1328 2279 1362 2338 in
1376 2277 1505 2338 nomine
1522 2279 1591 2338 lesu
1605 2277 1725 2337 beneti-

385 2375 471 2436 cium
484 2381 626 2453 praestat
639 2375 822 2437 mercedem
843 2374 990 2448 habebit,
1006 2375 1068 2436 nisi
1084 2374 1203 2437 dixeris
1222 2393 1231 2436 :
1247 2382 1280 2437 et
1290 2392 1348 2437 nos
1363 2382 1396 2436 et
1410 2375 1503 2436 illum
1521 2391 1642 2435 merces
1657 2391 1723 2434 ma·

385 2477 450 2543 nel,
466 2490 541 2552 ergo
555 2473 607 2534 ille
622 2491 641 2533 a
655 2474 772 2534 nostris
788 2478 852 2535 stat
865 2473 1023 2553 partibus.
1042 2475 1154 2534 Nonne
1172 2472 1204 2534 id
1220 2473 1371 2534 subtilius
1386 2473 1467 2534 erit?

389 2703 392 2708 ,
429 2632 491 2711 Qui
507 2633 624 2722 itaque
642 2632 740 2700 alteri
759 2632 883 2700 Christi
901 2655 1003 2700 causa
1022 2614 1234 2701 beneficium
1252 2638 1417 2724 praestat,
1440 2612 1580 2700 babebit
1596 2653 1723 2699 merce-

383 2738 474 2806 dem.
493 2742 564 2806 lam
578 2761 599 2806 a
613 2739 782 2806 contrario
796 2761 829 2806 V.
846 2746 883 2808 tt
904 2751 938 2807 et
946 2739 1100 2831 quisquis
1113 2738 1414 2820 scandalizaverit,
1430 2760 1569 2806 causam
1584 2737 1725 2827 praebet

385 2846 504 2913 ruinae
522 2844 727 2936 spiritualis,
757 2845 802 2912 ad
824 2852 1004 2936 peccatum
1026 2846 1157 2937 pellicit
1175 2846 1276 2914 etita
1296 2846 1398 2913 alteri
1423 2850 1474 2912 esl
1500 2843 1721 2920 offendiculo,

313 2961 320 2974 ‘
384 2974 492 3020 unum
510 2973 554 3019 ea
571 2951 624 3018 dis
637 2950 776 3042 pusillis
793 2951 1008 3020 credentibus
1025 2953 1062 3020 in
1073 2963 1144 3038 me,
1160 2952 1327 3021 dicuntur
1340 2952 1456 3043 pusilli
1472 2951 1532 3040 qui
1549 2949 1601 3016 vel
1615 2956 1723 3016 aetate

385 3059 439 3126 vel
454 3058 522 3126 fide
536 3065 571 3125 et
588 3057 705 3125 animo
719 3064 800 3125 sunt
815 3058 963 3142 infirmi,
985 3059 1134 3149 ideoque
1149 3059 1314 3151 periculis
1331 3063 1365 3126 et
1379 3057 1568 3126 seductioni
1582 3057 1721 3146 expositi

385 3165 480 3255 (Bcd.
504 3164 615 3254 Ata),
632 3165 735 3233 fortes
750 3171 784 3233 et
797 3167 918 3254 magni
939 3167 976 3233 in
998 3165 1066 3233 fide
1081 3172 1120 3256 el
1129 3167 1257 3234 virtute
1274 3189 1337 3258 per
1360 3166 1508 3233 aliorum
1533 3165 1720 3252 nequitiam

384 3271 438 3338 vel
453 3271 543 3338 mala
556 3271 712 3362 exempla
723 3293 792 3338 non
804 3271 849 3339 ad
868 3278 1049 3362 peccatum
1067 3272 1330 3363 pertrahuntur,
1348 3275 1474 3340 donum
1487 3283 1536 3338 est
1550 3270 1583 3337 ei
1594 3269 1718 3358 crapas,

384 3378 415 3444 si
434 3377 703 3445 circumdaretur
726 3379 818 3446 mola
831 3377 985 3446 asinaria
1001 3377 1087 3447 collo
1107 3379 1180 3446 eius
1194 3391 1228 3447 et
1241 3381 1278 3447 in
1297 3402 1391 3447 mare
1418 3380 1607 3445 mitteretur
1614 3397 1629 3459 ,·
1644 3399 1721 3443 cum

384 3485 580 3552 scandalum
592 3485 662 3551 iam
676 3484 794 3552 datum
807 3506 879 3552 esse
898 3484 1043 3570 dicatur,
1058 3487 1124 3553 erit
1138 3485 1373 3576 supplendum
1388 3509 1396 3555 :
1409 3507 1514 3576 quam
1527 3490 1565 3551 ul
1582 3483 1721 3580 ulterius

386 3591 479 3659 vivat
503 3597 538 3658 et
565 3591 772 3659 scandalizet
790 3591 876 3659 alios
896 3613 1035 3682 quoque
1055 3591 1233 3684 (sctum).
1262 3594 1345 3660 [lein
1371 3595 1490 3683 utique
1514 3612 1721 3680 consequens

386 3703 436 3765 est
450 3697 544 3788 quod
557 3697 618 3765 alii
639 3698 827 3788 explicant,
852 3698 957 3767 satius
980 3720 1050 3766 esse
1069 3704 1109 3766 ul
1131 3699 1194 3766 tali
1216 3706 1327 3768 morte
1348 3699 1540 3789 abripiatur
1561 3719 1663 3786 quam
1685 3704 1721 3762 ut

387 3805 605 3872 innocentem
623 3804 778 3889 seducat,
805 3813 845 3872 ut
867 3809 947 3872 ante
970 3804 1210 3874 scandalume
1236 3806 1322 3874 vivis
1347 3806 1541 3897 abripiatur
1560 3804 1612 3888 (ci.
1638 3801 1717 3869 Berl.

387 3909 490 4000 Ala).
512 3910 572 3978 Hic
593 3916 708 3980 autem
729 3933 840 4002 poena
858 3910 1073 3998 significatur
1093 3913 1290 4002 etquidem
1310 3936 1351 3981 eo
1373 3911 1476 3980 modo
1495 3917 1532 3978 ut
1552 3909 1721 3976 iudicetur

387 4017 493 4084 multo
513 4017 705 4104 graviorem
719 4039 791 4085 ease
809 4023 1006 4086 secuturam
1021 4018 1162 4109 (Vict.);
1187 4049 1203 4082 «
1223 4012 1451 4112 piscatoribus
1467 4023 1500 4086 el
1517 4018 1608 4083 iuxta
1628 4038 1719 4082 nrare

386 4124 592 4190 conversatis
614 4123 790 4215 discipulis
815 4142 962 4216 poenam
990 4147 1010 4193 a
1034 4125 1273 4195 submersione
1302 4127 1452 4194 violenta
1477 4122 1652 4204 describit,
1684 4129 1721 4188 ut

387 4230 581 4317 intelligant
594 4231 689 4320 peius
708 4236 815 4298 morte
831 4231 983 4300 violenta
1001 4238 1035 4300 el
1048 4231 1242 4301 inevasibili
1259 4233 1386 4301 malum
1403 4236 1565 4323 paralum
1584 4229 1720 4297 scanda-

387 4337 504 4404 lizanti
522 4357 630 4403 unum
650 4338 832 4427 parvulum
856 4365 872 4399 s
897 4337 1022 4429 (aaa).
1045 4343 1204 4408 Ceterum
1228 4340 1306 4407 vide
1325 4339 1368 4407 ad
1391 4340 1506 4407 llatth.
1528 4342 1616 4418 18,6.
1638 4337 1721 4403 uixit

387 4451 502 4512 autem
516 4442 685 4640 'seposibile
714 4444 924 4536 supplicium
950 4451 1081 4532 terrens
1102 4468 1165 4514 nos
1185 4468 1246 4538 per
1259 4448 1325 4515 hoc
1347 4445 1507 4516 sensibile
1527 4443 1718 4533 exemplum

389 4550 515 4641 (Theop
528 4573 551 4617 ι.
574 4603 581 4617 .
633 4592 635 4595 v

391 4717 396 4727 ·
429 4693 576 4772 Plerique
592 4698 736 4756 statuunt
749 4694 910 4759 Christum
926 4697 959 4759 in
975 4717 1004 4758 v.
1021 4701 1059 4760 ll
1082 4698 1187 4761 redire
1204 4699 1243 4760 ad
1259 4716 1441 4762 sermonem
1459 4701 1558 4778 q'uem
1572 4715 1600 4756 s.
1617 4698 1655 4756 36
1671 4696 1717 4756 in-

387 4797 515 4870 ceperat
538 4792 593 4854 sed
619 4810 716 4871 quem
739 4795 871 4857 loannes
895 4814 952 4859 sua
978 4797 1235 4878 interpellatione
1258 4799 1486 4878 interruperat,
1514 4799 1556 4858 ita
1583 4801 1616 4857 ut
1638 4795 1720 4855 bunc
