3960 5654
874 383 964 429 uano.
986 368 1017 439 8,
1040 366 1142 427 rere.
1613 373 1669 432 211

345 518 490 608 capiebat
501 518 549 586 eis
562 514 675 584 dicens
694 538 706 584 .·
725 514 835 584 videte
855 516 915 609 (et)
941 530 1067 597 cauete,
1084 516 1269 606 diligenter
1287 520 1497 594 considerate
1510 526 1543 589 et
1556 519 1672 588 sedulo

344 634 475 709 cavete,
496 647 518 692 α
535 623 702 712 fermento
714 622 979 714 pharisaeorum
998 636 1030 690 et
1045 625 1212 713 fermento
1227 624 1381 706 Heredes,
1394 628 1417 692 i.
1431 651 1460 694 e.
1477 634 1618 696 caveant
1628 627 1673 695 ab

344 734 497 823 exemplo
518 736 551 797 et
567 732 784 821 perversitate
798 753 916 799 eornm
931 731 991 821 qui
1006 731 1041 797 in
1061 755 1098 799 re
1113 731 1273 818 religiosa
1288 739 1322 799 et
1336 732 1428 800 civili
1443 734 1673 825 principatum

344 845 479 928 gerunt.
495 842 577 904 Cum
595 840 709 908 llatth.
727 844 805 919 16,6
822 838 865 906 de
881 840 1047 907 fermento
1066 839 1338 907 sadducaeorum
1353 861 1465 907 sermo
1482 842 1552 923 fiat,
1573 864 1675 932 quae·

344 953 424 1014 runt
436 968 497 1012 cur
512 945 568 1013 hic
576 945 714 1014 Herodis
723 967 847 1014 nomen
856 951 1015 1036 ponatur.
1030 946 1247 1036 Respondent
1254 947 1360 1037 aliqui
1374 970 1449 1015 eum
1463 948 1674 1016 utlantorem

343 1052 613 1121 sadducaeorum
629 1052 803 1120 nominari
819 1054 924 1144 (lans.
942 1052 1054 1143 Lep),
1073 1053 1144 1136 alii,
1161 1053 1243 1143 qnia
1256 1053 1435 1144 probabile
1453 1055 1496 1122 sit
1512 1055 1674 1123 Herodem

343 1158 614 1229 sadducaeorum
635 1161 865 1251 potiusquam
885 1161 1147 1250 pharisaeorum
1164 1160 1290 1250 placita
1309 1183 1380 1228 esse
1398 1168 1550 1230 secutum
1566 1163 1672 1253 (Patr.

344 1266 434 1356 Fit).
451 1268 556 1358 idque
571 1266 664 1335 haud
679 1267 851 1335 immerito
866 1267 1001 1334 dicitur.
1018 1266 1211 1335 Sadducaei
1222 1269 1314 1335 enim
1325 1269 1523 1337 traditiones
1536 1276 1569 1337 et
1581 1293 1675 1361 prae-

342 1379 440 1464 cepta
461 1374 718 1465 pharisaeorum
737 1373 962 1465 spernebant,
982 1374 1135 1442 moribus
1154 1381 1359 1444 Graecorum
1377 1376 1539 1445 favebant
1553 1399 1676 1468 eosque

343 1482 579 1565 imitabantur,
599 1482 753 1569 neglecta
767 1482 937 1570 religione
946 1482 1048 1549 rebus
1060 1481 1292 1551 saecularibus
1301 1483 1550 1574 inhiabanttcl.
1566 1485 1676 1554 Schel-

343 1611 396 1656 rer
415 1589 438 1657 l.
451 1611 481 1657 ο.
496 1592 522 1656 ll
543 1613 577 1679 p.
599 1596 661 1658 atr
681 1590 783 1680 seq.).
808 1593 879 1657 lam
899 1588 1067 1657 Herodem
1087 1589 1247 1680 Antipam
1268 1590 1359 1658 hisee
1378 1613 1454 1658 cum
1479 1591 1677 1661 sadducaeis

342 1697 548 1765 consensisse
574 1719 674 1764 nemo
699 1697 851 1783 negabit.
882 1700 986 1764 Porro
1010 1696 1159 1765 Herodes
1180 1697 1365 1788 imperium
1385 1703 1617 1768 Romanorum
1638 1699 1677 1767 in

343 1805 468 1872 iudaea
480 1804 645 1872 subruere
657 1803 813 1871 tentabat
825 1809 859 1870 et
872 1802 934 1893 qui
945 1804 991 1872 ab
1005 1804 1078 1872 eius
1090 1804 1248 1895 partibus
1259 1805 1395 1873 stabant
1408 1812 1442 1874 et
1456 1807 1677 1875 Palaestinam

345 1912 504 1978 Romanis
528 1913 660 2000 eripere
685 1917 720 1978 et
741 1910 866 1978 Herodi
887 1911 1024 1979 tradere
1054 1911 1240 2003 cupiebant
1263 1912 1444 1981 herodiani
1468 1915 1678 1983 vocabantur

345 2020 402 2108 (cl.
419 2020 507 2109 3,e);
527 2041 634 2109 quare
652 2018 788 2087 Scbcuz
811 2018 906 2086 haud
931 2018 1208 2109 improbabiliter
1222 2019 1392 2089 existimat
1407 2022 1558 2090 hocloco
1577 2022 1678 2089 simul

347 2127 477 2194 moneri
493 2126 676 2216 discipulos
688 2128 820 2215 (etcum
836 2126 884 2192 eis
903 2126 1121 2215 Christianos)
1144 2149 1188 2194 ne
1199 2128 1511 2197 machinationibus
1529 2129 1677 2220 partium

345 2256 384 2301 ac
411 2235 600 2302 lactionum
623 2256 694 2302 sese
721 2234 925 2321 adiungant.
949 2233 1127 2323 Explicant
1158 2235 1241 2303 Vici.
1277 2234 1422 2326 Ttecpk.
1444 2235 1487 2304 de
1511 2237 1677 2305 fermento

344 2341 624 2410 herodianorum.

384 2569 586 2629 Fermentum
604 2566 779 2646 explicatur
799 2566 909 2627 Matth.
926 2568 1018 2637 leae
1035 2564 1076 2627 de
1093 2565 1255 2640 doctrina,
1273 2569 1347 2628 Luc.
1365 2569 1433 2641 ¹22¹
1451 2568 1491 2630 de
1505 2569 1674 2649 hypocrisi.

343 2667 427 2739 Quae
448 2667 514 2728 duo
535 2684 600 2727 non
619 2666 703 2726 inter
722 2683 755 2726 se
774 2669 928 2744 pugnant.
947 2667 1026 2726 Nam
1045 2664 1238 2726 termentum
1253 2666 1489 2744 pharisaeorum
1501 2669 1674 2747 generatim

344 2767 374 2827 id
390 2773 439 2827 est
453 2783 517 2844 quo
529 2764 608 2826 alios
621 2765 748 2826 inlicere
761 2769 793 2824 et
809 2781 869 2824 suo
885 2763 1032 2842 exemplo
1045 2762 1181 2825 formare
1196 2781 1233 2825 ae
1246 2769 1413 2843 penetrare
1428 2766 1566 2828 student.
1584 2768 1675 2828 Proin

343 2865 447 2944 primo
469 2865 538 2926 loco
557 2881 666 2925 eorum
682 2862 826 2924 doctrina
849 2861 1040 2941 intelligitur
1055 2868 1088 2923 et
1102 2880 1184 2941 quae
1202 2880 1240 2924 ex
1257 2862 1311 2923 illa
1330 2871 1587 2943 consequuntur;
1604 2866 1676 2927 vide

342 2965 430 3038 2233
447 2965 570 3038 7‚1-1r;
592 2966 788 3041 quantopere
804 2964 913 3022 autem
929 2978 1036 3022 mores
1051 2978 1161 3022 eorum
1176 2962 1215 3022 ad
1231 2961 1413 3041 hypocrisin
1428 2963 1584 3025 efformati
1601 2965 1674 3038 sint,

343 3061 411 3141 lege
432 3061 539 3123 Matth.
558 3063 606 3136 6,l
624 3079 691 3139 seq.
708 3062 799 3131 2:3‚13
820 3077 888 3139 seq.
910 3060 1012 3132 Quare
1027 3059 1221 3122 sarmentum
1234 3060 1471 3139 pharisaeorum
1491 3080 1553 3123 non
1573 3062 1675 3124 solum

343 3160 534 3239 intelligitur
556 3160 595 3221 de
625 3176 735 3221 eorum
764 3158 991 3220 traditionibus
1012 3164 1045 3220 et
1071 3158 1280 3238 explicatione
1309 3158 1388 3239 legis
1415 3178 1433 3220 a
1460 3177 1533 3221 vora
1557 3163 1675 3241 pietate

341 3259 453 3332 aliena,
471 3276 579 3320 verum
596 3259 635 3319 de
655 3261 720 3319 tota
741 3274 854 3319 eorum
871 3257 1076 3336 perversitate
1094 3275 1156 3336 qua
1172 3256 1279 3318 inlecti
1300 3263 1372 3319 sunt
1386 3263 1418 3319 et
1434 3259 1513 3320 alios
1532 3259 1675 3321 doctrina

343 3362 374 3419 et
398 3358 545 3436 exemplo
566 3357 694 3418 iniicere
714 3359 859 3436 possunt.
886 3356 1006 3418 Pariter
1024 3375 1089 3418 non
1115 3361 1163 3418 est
1180 3374 1238 3418 cur
1258 3356 1453 3418 termentum
1480 3359 1612 3419 Herodis
1636 3359 1674 3420 ad

343 3474 445 3517 unum
460 3456 586 3534 aliquod
602 3455 821 3535 restringatur.
839 3455 934 3516 Varia
948 3460 1092 3517 recenset
1105 3453 1192 3516 Beda
1210 3474 1219 3515 :
1235 3455 1427 3518 fermentum
1443 3456 1511 3518 eius
1523 3462 1572 3517 est
1585 3457 1675 3519 adul-

342 3556 475 3629 terium,
491 3554 719 3627 homicidium,
736 3554 900 3615 temeritas
922 3554 1064 3627 iurandi,
1082 3554 1247 3615 simulatio
1267 3555 1429 3634 religionis
1450 3559 1482 3616 et
1501 3555 1584 3634 quod
1604 3573 1675 3617 om-

343 3654 433 3715 nium
458 3660 553 3734 caput
575 3659 623 3715 est
646 3656 678 3715 ct
695 3653 784 3732 origo
808 3652 981 3726 scelerum,
1003 3652 1175 3714 odiumne
1198 3654 1379 3731 persecutio
1403 3654 1437 3714 in
1461 3653 1621 3716 Christum
1644 3659 1676 3717 et

343 3770 584 3830 praecursorem
600 3753 681 3814 eins.

388 3967 564 4059 Discipulis
589 3967 707 4035 audita
732 3966 892 4033 fermenti
921 3986 1005 4032 voce
1026 3964 1063 4032 in
1085 3970 1235 4032 mentem
1263 3966 1356 4033 venit
1376 3966 1419 4034 de
1444 3970 1590 4058 panibus
1618 3994 1675 4040 ne·

343 4075 503 4163 glectisv.
518 4072 808 4164 16etcoqitabant
821 4072 871 4140 ad
882 4072 1088 4140 alterutrum
1107 4059 1317 4161 διελογίζοντο
1330 4072 1404 4162 πρὸς
1421 4073 1572 4152 &tt-rbem
1584 4080 1674 4148 inter

343 4207 377 4250 se
395 4183 693 4273 colloquebantur;
710 4203 789 4249 nam
805 4181 859 4270 (ut
876 4183 968 4249 Icus.
990 4181 1180 4248 versionem
1197 4181 1338 4248 latinam
1355 4184 1566 4274 perstringit)
1590 4188 1672 4277 quid

342 4299 392 4358 est
409 4292 557 4382 cogitare
572 4289 616 4357 ad
630 4288 856 4358 alterutrum?
873 4287 1077 4380 quiapones
1091 4311 1161 4356 non
1179 4287 1359 4371 babemus,
1380 4289 1415 4354 id
1436 4292 1528 4382 quod
1542 4297 1672 4386 concipi

343 4406 452 4489 potest
472 4423 479 4464 :
495 4399 543 4466 ita
559 4397 722 4488 loquitur,
738 4398 819 4487 qnia
832 4417 939 4486 panes
953 4418 1022 4463 non
1038 4395 1217 4479 hahemus,
1232 4396 1285 4464 vel
1299 4397 1434 4480 melius,
1448 4405 1486 4466 nt
1500 4398 1547 4463 ὅτι
1565 4404 1674 4470 solum

343 4529 462 4573 eorum
480 4505 584 4573 verba
593 4504 788 4573 introducat
800 4499 863 4590 (ὅτι
879 4504 1109 4594 recitativum)
1132 4527 1140 4572 τ
1169 4527 1274 4594 panes
1296 4527 1365 4572 non
1383 4505 1565 4591 habemus,
1588 4533 1676 4600 quac

343 4615 463 4681 dicunt
479 4615 566 4681 inter
579 4635 614 4681 se
628 4611 765 4680 solliciti
780 4612 823 4679 de
844 4613 903 4679 tali
924 4611 1099 4680 oblivione
1114 4616 1149 4679 et
1160 4613 1264 4679 auxii.
1288 4617 1324 4679 ln
1345 4635 1413 4703 qua
1432 4616 1674 4706 trepidatione,

344 4729 381 4790 ut
395 4724 444 4790 ait
463 4723 573 4803 laus„
589 4721 641 4788 his
655 4725 752 4788 erant
771 4719 1064 4809 reprehendendi,
1082 4725 1117 4787 et
1134 4720 1229 4808 quod
1247 4721 1432 4788 carnaliter
1447 4723 1679 4812 intelligerent

344 4831 436 4921 quod
447 4828 624 4897 dicebatur
635 4829 678 4897 de
693 4829 863 4897 fermento
875 4833 909 4895 et
923 4827 1016 4918 quod
1033 4827 1270 4896 inciderentin
1280 4828 1542 4899 sollicitudinem
1559 4834 1677 4920 victus,
