3960 5654
1068 361 1159 408 nanc.
1185 350 1214 420 7,
1238 346 1303 407 bt.
1792 349 1851 410 185
1891 425 1896 439 ι
1963 300 1975 427 v]

516 494 749 586 ierosolymis,
763 497 794 562 oi
808 498 960 586 φαρισαῖοι
976 496 1086 584 posito
1100 496 1246 565 articulo
1267 496 1370 565 factio
1384 496 1441 564 vel
1464 502 1555 565 secta
1573 497 1785 585 designatur,
1803 499 1850 565 ita

513 606 550 665 ut
576 603 636 670 etsi
657 606 764 695 aliqui
794 609 928 669 tantum
946 600 1070 671 adsunt
1088 611 1121 671 et
1149 604 1353 692 loquuntur,
1372 609 1486 670 tamen
1511 604 1614 670 totius
1635 608 1747 672 sectae
1774 624 1847 670 rem

512 729 613 796 agere
621 715 833 778 censeantur.
849 709 955 776 Simul
966 733 1044 778 cum
1053 712 1108 778 his
1118 708 1286 778 accedunt
1298 710 1342 777 ad
1356 714 1464 777 lesum
1477 708 1585 798 aliqui
1595 709 1850 796 legisdoctores
1965 752 1968 756 ,

512 817 566 883 vel
582 816 733 895 rabbini;
755 811 889 890 ελθόντες
908 817 1014 906 aliqui
1029 816 1073 884 ad
1085 816 1310 883 solosscribas
1318 816 1447 883 reterre
1458 816 1598 904 volunt(
1605 816 1691 895 Keil,
1712 816 1845 906 Weiss),

513 924 595 1012 quia
613 921 784 1010 pharisaei
800 929 838 991 ut
850 930 940 991 secta
953 944 1024 989 non
1045 923 1183 989 veniant
1197 923 1242 989 ab
1260 921 1362 989 urbe.
1380 920 1446 989 Sed
1460 943 1539 989 cum
1553 921 1747 1012 proiecloin
1764 922 1851 990 urhe
1966 942 1970 949 ⁴

514 1028 586 1094 eius
596 1033 705 1093 sectae
714 1028 881 1118 primores
890 1034 1010 1110 essent,
1026 1029 1112 1096 haec
1125 1028 1213 1095 ratio
1224 1030 1305 1096 satis
1314 1029 1453 1133 inlipma
1463 1026 1597 1095 videtur
1609 1028 1668 1112 (cl.
1681 1027 1847 1120 Schanz);

514 1139 688 1223 praeterea
710 1135 823 1202 naith.
851 1141 926 1214 15,1
956 1134 1113 1224 explicite
1141 1134 1271 1202 dicitur
1295 1131 1358 1197 cirri
1392 1131 1596 1224 Ιεροσολύμων
1615 1138 1778 1224 purpurarios·
1798 1134 1850 1202 Ab

514 1238 600 1306 urbe
616 1239 734 1330 itaque
749 1239 960 1308 descendunt
978 1240 1013 1306 in
1038 1241 1242 1319 Galilaeam;
1261 1263 1328 1307 non
1345 1240 1482 1308 videtur
1505 1240 1733 1330 improbabile
1755 1261 1850 1309 cosa
1969 1268 1972 1275 ·

514 1344 674 1434 synedrio
688 1369 759 1414 esse
773 1345 955 1436 deputatos
970 1352 1009 1414 ut
1023 1351 1151 1428 lesum,
1171 1348 1269 1414 cuius
1282 1349 1376 1414 sama
1390 1347 1500 1435 magis
1514 1347 1635 1415 indies
1654 1347 1849 1417 celebraba-

515 1457 570 1518 tur
593 1454 702 1543 etqui
726 1452 770 1520 ad
789 1453 917 1543 pascha
940 1474 1009 1520 non
1028 1454 1064 1520 in
1091 1455 1213 1521 urbem
1229 1453 1456 1536 ascenderat,
1482 1453 1718 1537 observarent;
1742 1475 1849 1545 quare

514 1563 696 1647 ωνίιγονται
717 1565 974 1646 congregantur
985 1558 1031 1628 ad
1049 1581 1146 1643 eum;
1165 1559 1203 1626 id
1222 1560 1315 1649 quod
1335 1560 1529 1648 longiorem
1545 1560 1848 1638 commorationem

513 1669 547 1732 et
561 1687 676 1732 rerum
692 1671 867 1752 gestarum
882 1665 1151 1755 explorationem
1167 1664 1323 1735 indicare
1336 1665 1486 1736 videtur.

557 1776 679 1837 Verum
692 1772 778 1839 nihil
797 1771 891 1862 quod
905 1771 1156 1863 reprehendant
1169 1773 1367 1857 inveniunt,
1387 1774 1452 1840 nisi
1467 1773 1560 1864 quod
1578 1794 1694 1841 recens
1708 1773 1847 1865 aliquod

513 1885 734 1968 praeceptum
754 1877 933 1946 doctorum
951 1879 1038 1966 legis
1061 1880 1171 1968 aliqui
1195 1878 1354 1969 discipuli
1376 1879 1584 1970 quandoque
1605 1901 1673 1946 non
1691 1880 1772 1948 satis
1785 1879 1849 1947 ob·

511 1990 646 2052 servant
666 2007 698 2050 v.
725 1991 746 2051 2
766 1996 895 2052 etcum
913 1985 1074 2054 vidissent
1089 1984 1257 2077 quosdam
1275 2007 1318 2053 cs
1331 1985 1509 2076 discipulis
1526 1985 1598 2053 eius
1616 1984 1850 2054 communibus
1877 2057 1880 2064 ,

512 2090 685 2173 manibus,
703 2091 819 2172 idest,
843 2114 914 2184 non
937 2092 1032 2173 lota,
1053 2091 1263 2160 manducare
1280 2113 1406 2182 panes,
1429 2092 1750 2183 (vituperaverunt),
1772 2115 1848 2161 scn-

512 2199 618 2265 tentia
631 2199 665 2264 in
680 2220 805 2286 graeco
824 2221 895 2266 non
912 2198 1110 2279 absolvitur,
1132 2199 1192 2266 sed
1211 2199 1369 2286 longiore
1388 2199 1584 2290 parenthesi
1599 2200 1799 2290 interposita
1812 2199 1849 2267 in

512 2328 544 2371 v.
567 2311 636 2372 3et
652 2311 684 2388 t,
705 2305 845 2373 tandem
865 2306 900 2372 in
922 2329 954 2372 v.
975 2314 995 2375 5
1021 2305 1252 2390 continuatur,
1273 2327 1395 2374 verum
1409 2306 1458 2373 ita
1474 2310 1512 2374 ut
1525 2305 1715 2374 subiectum
1730 2327 1849 2394 gram·

513 2410 670 2478 malicale
684 2418 858 2503 repetatur
870 2419 903 2480 et
915 2412 1081 2481 mutantia
1093 2434 1172 2480 cum
1191 2407 1243 2475 καὶ
1262 2410 1478 2495 annectatur,
1501 2413 1591 2479 unde
1603 2414 1639 2480 in
1653 2435 1687 2481 v.
1703 2419 1725 2480 2
1742 2412 1850 2482 hahes
1945 2416 1950 2422 '

512 2517 751 2585 anacoluthon.
768 2517 864 2596 Quod
876 2520 1107 2587 anacoluthon
1120 2525 1251 2587 veteres
1261 2519 1368 2610 aliqui
1385 2520 1537 2587 vitarunt
1550 2520 1740 2587 inserentes
1755 2518 1848 2609 iptp·

511 2618 607 2709 ψαντο
625 2624 714 2713 (vide
729 2626 806 2693 lect.
831 2626 938 2716 var),
957 2626 1185 2694 recentiorum
1208 2625 1349 2718 quidam
1367 2626 1544 2696 trahentes
1563 2621 1614 2688 καὶ
1632 2615 1848 2701 ido'vreccrcte

511 2732 555 2798 ad
575 2728 723 2814 ἐλθόντες;
735 2754 854 2799 verum
864 2731 899 2800 id
910 2732 1046 2800 vixiieri
1056 2754 1154 2824 posse
1166 2732 1313 2818 videtur,
1326 2754 1407 2801 nam
1417 2740 1489 2800 tum
1504 2733 1671 2822 explicare
1680 2732 1846 2802 debebis:

510 2847 765 2927 congregantur
773 2838 818 2906 ad
828 2861 906 2906 eum
919 2845 1099 2930 postquam
1112 2846 1281 2907 venerunt
1293 2839 1511 2919 etviderunt;
1524 2839 1583 2907 sed
1593 2839 1731 2931 quando
1742 2845 1775 2907 et
1787 2840 1848 2908 uhi

510 2945 689 3012 viderunt?
705 2946 765 3012 Vix
777 2952 961 3037 antequam
976 2946 1021 3013 ab
1036 2947 1123 3014 urhe
1138 2946 1455 3037 proficiscerentur;
1473 2968 1555 3013 num
1565 2968 1605 3014 eo
1616 2954 1769 3037 tempore
1777 2969 1847 3038 quo

510 3051 669 3141 discipuli
697 3052 789 3118 missi
825 3076 846 3119 a
874 3053 1015 3119 bomino
1046 3053 1316 3142 praedicabant?
1343 3052 1380 3119 id
1415 3052 1523 3142 aliqui
1556 3055 1750 3143 opinantur.
1781 3051 1848 3121 Sed

510 3159 704 3226 coniunctio
724 3180 763 3226 ex
782 3158 831 3226 rei
846 3166 970 3227 natura
982 3161 1129 3227 maxime
1145 3159 1249 3227 obvia
1262 3164 1329 3240 est,
1346 3165 1384 3227 ut
1400 3149 1514 3233 ἰδόντες
1532 3159 1747 3247 interrogent
1759 3182 1793 3229 v.
1811 3168 1845 3241 5,

510 3272 689 3355 postquam
708 3264 753 3332 ab
772 3265 858 3332 urbe
883 3266 1025 3355 proiecti
1043 3266 1088 3333 ad
1117 3271 1225 3333 lesum
1245 3271 1494 3334 convenerunt.
1518 3265 1639 3333 Vident
1660 3265 1845 3356 quosdam,

511 3371 679 3462 «quidsi
705 3393 823 3440 omnes
844 3371 880 3438 id
902 3372 1064 3440 iacientes
1083 3365 1275 3440 vidissent?
1301 3394 1370 3440 non
1395 3371 1590 3440 debuerunt
1614 3372 1704 3462 quod
1730 3394 1847 3441 omnes

510 3477 669 3568 discipuli
690 3478 864 3546 iaciebant
885 3479 968 3546 vitio
985 3487 1120 3547 vertere
1140 3480 1322 3567 magistro,
1351 3484 1479 3570 quanto
1504 3479 1636 3562 minus,
1662 3479 1756 3569 quod
1775 3502 1847 3548 non

511 3606 629 3651 omnes
644 3585 704 3651 sed
721 3585 828 3674 aliqui
843 3585 1035 3653 faciebant?
1049 3588 1111 3653 etsi
1123 3608 1190 3653 non
1205 3586 1359 3654 arbitror
1372 3586 1451 3655 ideo
1462 3587 1710 3674 evangelistam
1726 3586 1846 3655 dixisse

510 3689 674 3781 quosdam
691 3697 727 3757 ut
741 3691 909 3759 indicaret
921 3713 990 3759 non
1010 3714 1129 3760 omnes
1146 3692 1206 3760 sed
1218 3693 1354 3783 aliquos
1373 3698 1507 3761 tantum
1531 3694 1715 3783 discipulos
1729 3692 1846 3761 solitos

510 3797 612 3864 fuisse
627 3798 728 3864 illotis
743 3799 903 3866 manibus
920 3800 1025 3880 vesci,
1043 3799 1103 3866 sed
1122 3800 1235 3889 potius
1250 3806 1288 3867 ut
1306 3800 1466 3868 innueret
1483 3821 1550 3866 non
1572 3821 1690 3866 omnes
1703 3798 1763 3866 scd
1782 3799 1847 3867 ali-

510 3925 594 3992 quos
608 3911 740 3972 mutum
758 3928 779 3972 a
799 3906 988 3995 pharisaeis
1007 3906 1095 3973 visos
1110 3906 1212 3974 fuisse
1239 3907 1288 3974 ita
1308 3912 1498 3989 vescentes,
1515 3906 1621 3997 idque
1643 3907 1724 3974 satis
1744 3907 1846 3974 luisse

510 4010 707 4079 hominibus
730 4010 773 4080 ad
789 4010 1070 4080 calumniandum
1086 4014 1214 4102 paratis
1239 4018 1277 4080 ut
1296 4013 1378 4080 inde
1400 4013 1614 4081 occasionem
1633 4014 1844 4104 arriperent,

509 4139 576 4183 non
601 4118 712 4184 solum
732 4119 916 4209 discipulos
936 4140 1053 4186 omnes
1076 4119 1135 4186 sed
1159 4121 1270 4210 ipsum
1296 4120 1400 4187 etiam
1428 4120 1598 4187 Christum
1623 4120 1842 4188 accusandi»

509 4222 656 4313 (dissid).
677 4225 807 4293 bicitur
821 4247 1015 4306 commuue,
1034 4224 1133 4288 κοινόν
1152 4226 1188 4293 id
1207 4226 1299 4317 quod
1325 4232 1376 4295 est
1394 4228 1594 4318 profanum
1618 4217 1665 4294 ita
1685 4227 1846 4318 Iosephus
1976 4221 1979 4227 ’

508 4355 644 4422 quoque
670 4333 719 4398 ait
740 4333 878 4400 ludaeos
895 4332 955 4423 qui
970 4356 990 4401 a
1007 4334 1128 4424 patriis
1150 4335 1304 4404 moribus
1331 4335 1545 4402 desciverant
1561 4333 1660 4398 sorvis
1680 4328 1744 4417 βίον
1763 4356 1842 4425 pro·

508 4440 622 4507 fanam
638 4440 726 4506 vitae
749 4440 1026 4507 consuetudinem
1047 4463 1117 4508 esse
1135 4441 1345 4531 amplexatos
1364 4442 1492 4530 (antiq.
1524 4442 1682 4532 13,1.1);
1709 4443 1751 4510 ct.
1768 4446 1840 4510 Act.

513 4552 622 4626 10,l5.
644 4550 739 4613 liom.
759 4551 870 4628 1t,1a.
886 4551 972 4614 llaec
990 4547 1073 4614 lotio
1087 4570 1252 4615 manuum
1268 4548 1552 4616 considerabatur
1565 4554 1745 4640 tamquam
1757 4548 1845 4616 actio

510 4653 669 4740 religiosa
688 4675 756 4743 qua
777 4654 805 4720 si
828 4676 869 4721 ex
890 4655 1095 4722 commercio
1110 4677 1188 4722 cum
1202 4653 1287 4722 aliis
1309 4656 1364 4722 vel
1383 4677 1422 4723 ex
1441 4656 1545 4724 rebus
1560 4655 1748 4724 immundis
1762 4655 1847 4747 quid

510 4760 644 4850 profani
658 4761 814 4828 manibus
832 4760 1035 4830 adhaereret
1048 4762 1083 4829 id
1097 4768 1342 4830 removeretur.
