3960 5654
326 62 603 151 ·³b=·'.·pnz:..;;e,e=2-··-
720 92 784 127 μμ,
798 76 811 115 ,.“
830 109 849 120 ,.
863 107 879 116 r.
1009 108 1013 112 .
1037 111 1039 114 ,

367 122 419 146 aar:
483 121 558 148 :rt-2..
597 126 612 137 ..
630 119 651 139 Ι»
743 118 790 141 ‘'v-¹
810 118 821 147 '.'
848 134 849 139 =
872 124 875 142 ε
897 128 905 146 ’.

337 198 369 237 Ι,ῐ
386 221 392 227 ,ι
432 200 459 216 ΙΝ

1019 372 1111 451 rinc.
1135 388 1165 459 ι,
1188 387 1294 450 aa-ar.
1784 389 1823 450 sn
1919 401 1922 407 ·
1968 410 1971 414 ⁴

494 528 621 624 gatar:
642 541 745 609 nolite
758 539 895 628 portare
915 540 1070 631 pondera
1088 537 1121 602 in
1138 537 1193 605 die
1207 538 1359 617 sabbati,
1383 539 1507 604 mirum
1524 556 1593 602 non
1613 540 1679 615 est,
1700 540 1728 605 si
1746 539 1824 607 doc-

494 649 582 714 tores
597 648 683 736 legis
706 667 769 734 pro
789 666 849 713 sua
869 643 1116 734 interpretandi
1140 649 1272 712 ratione
1298 642 1460 709 vetabant
1483 648 1642 731 aegrotos
1662 642 1704 707 ad
1723 666 1821 712 sana-

491 752 622 821 tionem
636 757 828 840 asportere;
849 755 955 820 immo
977 751 1272 840 archisynagogus
1292 748 1401 814 turbis
1417 748 1529 816 dicere
1556 757 1628 817 lesu
1646 758 1822 839 praesente

492 881 561 927 non
576 864 713 926 veretur
728 881 736 922 z
751 860 886 927 serdies
899 863 977 924 sunt
992 857 1027 922 in
1041 860 1167 948 quibus
1179 860 1316 944 oportet
1327 856 1479 945 operari3
1498 856 1532 921 in
1549 858 1602 923 his
1615 878 1698 944 ergo
1711 857 1821 921 venite

490 971 523 1031 et
537 964 723 1045 curamini,
740 974 773 1032 et
790 989 859 1033 non
877 962 980 1029 indie
996 965 1128 1031 sabbati
1142 963 1237 1049 (Luc.
1261 965 1389 1050 l3‚1t).
1404 966 1511 1038 Quare
1524 985 1703 1052 perperam
1720 967 1821 1048 negat

490 1071 567 1137 Keil
588 1070 646 1137 illa
668 1073 830 1162 temporis
848 1068 1087 1156 designatione
1110 1068 1283 1135 declarari
1306 1069 1473 1158 populum
1496 1068 1600 1134 finem
1614 1069 1746 1136 sabbati
1767 1091 1823 1136 ex·

488 1181 670 1267 spectasse,
685 1184 724 1246 ut
735 1181 890 1263 aegrotos
903 1177 1076 1245 afferrent.

534 1286 573 1349 Et
591 1291 737 1375 quantus
762 1283 881 1372 populi
906 1305 1089 1352 concursus
1112 1289 1193 1349 ante
1217 1283 1360 1349 domum
1385 1284 1472 1348 Petri
1500 1282 1608 1348 laetus
1634 1282 1694 1361 sit,
1716 1282 1822 1349 oculis

488 1388 590 1478 plane
613 1389 791 1458 subiicitur
808 1412 840 1457 v.
866 1398 907 1458 33
932 1403 966 1456 et
998 1401 1071 1456 erat
1091 1390 1201 1456 omnis
1220 1389 1341 1455 civitas
1365 1400 1570 1477 conpreqatu
1597 1387 1645 1453 ad
1662 1388 1820 1469 ianuam,

489 1518 557 1586 quo
577 1496 679 1563 modo
699 1494 795 1584 loqui
816 1498 901 1563 solet
919 1497 979 1584 qui
1002 1497 1071 1562 suis
1094 1496 1201 1563 oculis
1224 1495 1393 1562 eiusmodi
1415 1517 1619 1561 concursum
1645 1494 1821 1560 hominum

488 1602 808 1688 cumadmiratione
824 1604 1000 1691 spectavit.
1023 1606 1130 1679 Quare
1153 1603 1237 1668 haec
1256 1624 1327 1668 esse
1349 1602 1488 1668 totidem
1501 1602 1610 1668 -verba
1626 1600 1749 1691 quibus
1763 1606 1823 1668 Pe·

486 1714 559 1775 trus
573 1729 645 1775 rem
658 1710 850 1775 narraverit
866 1709 987 1775 merito
1004 1709 1267 1775 existimandum
1292 1710 1368 1775 erit.
1398 1707 1450 1775 Uti
1464 1730 1516 1774 res
1532 1709 1606 1788 lert,
1623 1707 1724 1773 simul
1743 1729 1821 1773 cum

486 1816 635 1902 aegrotis
648 1836 834 1903 eurumque
855 1815 1018 1881 ministris
1035 1815 1130 1881 multi
1141 1815 1201 1882 alii
1220 1817 1370 1881 novitate
1391 1816 1438 1880 rei
1453 1815 1565 1881 allecti
1583 1814 1817 1881 accurrebant.

486 1927 576 1989 lesus
591 1922 833 1988 vero‘marima
850 1921 1056 1987 liberalitate
1075 1920 1281 1988 documenta
1298 1922 1369 1988 edit
1388 1923 1559 2010 potentiae
1574 1943 1654 1987 suae
1673 1927 1706 1987 et
1725 1922 1820 1987 mise-

485 2027 654 2095 ricordiae
674 2050 706 2093 v.
729 2034 770 2095 3t
790 2041 823 2094 et
845 2029 978 2094 curavit
995 2028 1118 2095 multos
1140 2029 1204 2118 qui
1222 2028 1435 2095 vexabuntur
1455 2027 1560 2094 variis
1583 2025 1820 2114 lacescendum

485 2136 565 2202 Luc.
583 2141 616 2215 t,
633 2138 675 2200 au
695 2135 838 2221 singulis
859 2156 980 2223 manus
1003 2138 1181 2224 imponens
1200 2137 1333 2202 curavit
1352 2157 1408 2202 eos
1425 2141 1458 2200 et
1474 2135 1588 2202 Matth.
1610 2139 1689 2215 8,16
1702 2155 1819 2200 omues

485 2239 574 2307 male
587 2240 751 2307 habentes
769 2243 919 2323 euravit;
939 2241 1084 2331 proinde
1100 2242 1192 2331 quod
1212 2246 1340 2308 Marcus
1360 2242 1443 2308 dicit
1459 2243 1592 2307 curauit
1609 2241 1732 2306 multos
1751 2262 1818 2307 non

484 2346 656 2434 significat
674 2369 743 2413 non
757 2369 874 2414 omnes
887 2370 958 2414 esse
977 2354 1111 2415 curatos
1126 2349 1180 2416 vel
1195 2355 1336 2438 propter
1357 2348 1526 2415 delectum
1551 2346 1631 2414 fidei
1649 2354 1682 2413 ct
1708 2355 1818 2413 rectae

484 2452 592 2519 animi
608 2452 836 2543 dispositionis
865 2454 1012 2544 (Meyer)
1035 2455 1088 2522 vel
1107 2463 1247 2546 propter
1266 2455 1437 2522 defectum
1460 2455 1624 2543 temporis
1647 2460 1743 2520 nocte
1765 2455 1819 2517 in-

484 2565 628 2646 gruente
644 2560 798 2649 (Weiss),
817 2560 877 2627 sed
891 2561 1065 2628 indicatur
1079 2584 1149 2628 esse
1166 2568 1323 2649 aegrotos
1337 2560 1502 2627 adductos
1517 2581 1644 2646 magno
1657 2581 1815 2640 numero;

482 2667 585 2755 proin
600 2688 716 2734 omnes
734 2667 811 2734 illos
826 2668 885 2758 qui
905 2670 1013 2735 curati
1032 2671 1099 2735 sint
1117 2691 1243 2755 magno
1263 2668 1365 2734 luisse
1386 2689 1545 2747 numero,
1568 2690 1636 2758 quo
1655 2666 1818 2733 illustrius
1905 2662 1907 2667 ’

481 2771 584 2840 fuisse
594 2767 797 2841 miraculum
808 2775 1042 2862 intelligamus
1053 2775 1110 2862 (cl.
1129 2777 1209 2842 Vict.
1225 2777 1323 2841 Dion.
1342 2778 1433 2842 lans.
1452 2773 1559 2841 Malu.
1573 2776 1656 2863 [Δρ.
1669 2774 1815 2863 Scireqq,
1843 2779 1845 2783 ’

483 2878 643 2966 senooz).
661 2880 824 2947 Similiter
839 2882 966 2948 dicitur
985 2881 1077 2969 apud
1092 2883 1206 2948 sarth.
1224 2883 1352 2955 multos
1369 2881 1550 2949 daemonia
1570 2881 1732 2947 habentes
1747 2901 1816 2946 csse

482 2986 514 3051 ei
533 2985 665 3052 oblatos
679 2991 712 3053 et
724 2987 768 3053 ab
783 3009 822 3053 eo
834 3009 955 3053 omnes
970 2988 1059 3053 male
1085 2988 1248 3054 habentes
1270 3012 1342 3055 esse
1358 2997 1503 3055 curatos.
1525 2992 1676 3054 Potestas
1691 2987 1762 3053 eius
1777 3008 1816 3053 eo

483 3093 629 3159 maxime
655 3093 811 3160 elucebat
836 3094 930 3183 quod
958 3116 1026 3160 uno
1053 3093 1242 3184 eodemque
1266 3096 1349 3176 ritu,
1385 3096 1601 3184 impositione
1635 3115 1813 3175 manuum,

482 3198 625 3266 curabat
646 3205 780 3267 vexatos
803 3200 909 3266 uariis
932 3201 1078 3282 morbis;
1109 3201 1199 3267 unde
1223 3202 1255 3267 ei
1283 3202 1491 3268 illimitatam
1514 3206 1649 3290 praesto
1668 3222 1737 3266 esse
1759 3216 1817 3289 po-

482 3309 635 3373 testatem
652 3307 749 3374 lecile
759 3306 917 3374 concludi
932 3315 1079 3395 poterat;
1096 3309 1236 3396 insuper
1253 3310 1288 3373 in
1304 3310 1409 3375 malos
1422 3331 1558 3398 quoque
1568 3309 1706 3396 spiritus
1720 3328 1816 3373 suam

482 3412 681 3480 ostendebat
704 3414 939 3480 auctoritatem
961 3427 992 3480 et
1019 3415 1198 3481 daemonia
1222 3415 1331 3481 multu
1351 3415 1525 3494 eliciebat,
1552 3438 1640 3503 quac
1662 3415 1817 3502 quamvis

481 3525 592 3585 essent
612 3518 719 3585 multa
738 3542 848 3609 neque
863 3520 1029 3592 auderent
1044 3543 1155 3610 neque
1173 3529 1308 3610 possent
1327 3525 1357 3588 ei
1375 3522 1539 3588 resistere.
1557 3526 1612 3587 Est
1629 3543 1709 3586 sane
1723 3542 1816 3610 spec-

481 3623 631 3691 taculum
647 3625 703 3714 pia
724 3625 941 3692 meditatione
958 3626 1124 3713 dignum,
1145 3629 1317 3717 quomodo
1337 3630 1487 3695 Christus
1509 3627 1641 3694 medius
1665 3629 1752 3693 inter·
1769 3632 1817 3693 tot

483 3732 712 3798 humanarum
733 3734 945 3799 miseriarum
967 3733 1172 3802 documenta
1191 3759 1250 3801 sua
1274 3736 1567 3802 abundantissima
1587 3735 1725 3800 caritate
1748 3735 1816 3798 sin·

481 3838 582 3924 gulos
604 3837 921 3906 benevolentissime
949 3842 1076 3908 soletur
1101 3849 1205 3932 atque
1221 3841 1326 3931 pulsis
1348 3843 1475 3908 morbis
1496 3849 1529 3908 et
1549 3841 1662 3907 eiectis
1681 3840 1818 3907 daemo-

481 3943 582 4011 nibus
605 3946 739 4012 sanitati
760 3952 794 4013 et
821 3945 976 4013 felicitati
1000 3950 1165 4014 restituat.
1195 3955 1240 4015 Ex
1264 3951 1417 4015 oratione
1449 3955 1604 4014 contexta
1632 3947 1724 4037 apud
1748 3955 1815 4013 tres

480 4053 677 4142 synopticos
701 4074 769 4118 non
791 4058 901 4141 potest
922 4053 990 4119 alia
1010 4054 1131 4119 domus
1153 4056 1301 4141 intelligi
1326 4057 1388 4121 nisi
1412 4055 1532 4121 domus
1554 4056 1660 4134 Petri,
1684 4054 1726 4119 de
1749 4076 1817 4144 qua

479 4156 550 4224 sola
569 4160 696 4224 mentio
715 4158 802 4225 lacta
817 4165 884 4240 est;
906 4159 1032 4226 frustra
1049 4160 1083 4226 id
1104 4169 1233 4248 negant
1253 4166 1380 4252 Meyer,
1403 4161 1478 4227 Keil
1499 4161 1726 4227 existimantes
1741 4181 1817 4249 pro·

481 4263 593 4353 priam
623 4264 762 4331 domum
787 4287 890 4354 quam
919 4271 1008 4332 lesus
1032 4268 1066 4332 in
1096 4269 1336 4357 Capharnaum
1362 4269 1522 4334 babuerit
1544 4266 1717 4354 designari
1737 4288 1813 4333 cum

482 4393 513 4437 v.
536 4377 578 4438 32
597 4370 723 4437 dictum
744 4374 786 4437 sit
808 4371 1000 4463 afferebant
1023 4374 1070 4440 ud
1088 4398 1177 4441 erana.
1204 4382 1245 4442 nt
1265 4376 1414 4465 prolecto
1436 4377 1483 4441 ita
1500 4371 1692 4464 dici'potuit
1706 4397 1744 4439 ac
1760 4372 1816 4439 de·

481 4476 573 4560 buit,
591 4478 652 4543 etsi
674 4487 746 4544 erat
764 4479 798 4544 iu
821 4479 923 4545 domo
939 4483 1043 4560 Petri,
1061 4505 1176 4571 neque,
1197 4484 1288 4548 euim
1309 4484 1444 4562 domui,
1462 4482 1520 4548 sed
1543 4481 1607 4569 ipsi
1627 4479 1814 4546 afferebant

480 4606 617 4670 aegros3
641 4607 743 4674 porro
765 4586 934 4652 Christum
960 4591 1134 4676 propriam
1164 4591 1324 4655 babuisse
1345 4590 1482 4656 domum
1511 4590 1547 4654 in
1573 4589 1812 4676 Caplrarnaum

481 4691 605 4757 nullibi
618 4690 709 4758 clare
728 4694 899 4761 asseritur.

493 4831 495 4834 ⁴
525 4798 605 4865 Solo
619 4799 801 4865 voluntatis
815 4806 900 4867 nutu
917 4806 1023 4867 lesum
1042 4802 1266 4869 daemonibus
1285 4806 1468 4893 imperare,
1487 4802 1729 4870 ostenditurad
1738 4802 1810 4868 eius
