3960 5654
342 619 427 688 dicit
445 623 513 690 illis
534 644 545 688 :
563 618 728 709 quidiste
749 625 904 713 copulatis
919 624 955 690 in
977 617 1130 686 cordibus
1149 626 1287 690 oestrus?
1307 619 1511 712 «pharisaei
1530 621 1668 708 quidem

343 731 525 796 Dominum
544 726 739 811 arguebant
760 735 799 796 ut
822 731 1076 820 blasphemum;
1097 730 1256 794 Dominus
1279 735 1393 794 autem
1417 737 1450 795 et
1465 726 1560 794 aliud
1578 726 1672 794 dedit

340 836 582 902 documentum
595 836 700 901 Deum
713 858 747 902 se
761 857 831 903 esse
843 856 973 912 verum,
991 854 1111 922 nempe
1127 857 1161 900 se
1177 833 1280 901 corda
1294 834 1430 901 illorum
1446 855 1667 921 cognoscere3

342 946 426 1007 lleus
445 939 536 1004 enim
551 939 642 1007 solus
658 942 755 1008 novit
763 964 852 1030 quae
871 943 908 1008 in
927 938 1029 1007 corde
1049 940 1193 1007 cuiusvis
1206 947 1293 1006 sunt.
1315 940 1363 1004 llli
1386 949 1499 1007 tamen
1518 940 1671 1006 revelatis

341 1048 444 1113 etiam
460 1045 617 1114 cordium
631 1069 769 1114 suorum
786 1045 1049 1133 cogitationibus
1066 1052 1268 1135 permanent
1290 1047 1448 1113 insensati
1466 1070 1534 1113 non
1549 1068 1671 1112 conce-

341 1152 460 1216 dentes
474 1174 571 1240 posse
591 1156 762 1220 remittere
783 1159 922 1242 peccata
945 1153 1043 1219 illum
1063 1154 1120 1239 qui
1136 1154 1238 1220 corda
1258 1153 1408 1241 ipsorum
1432 1163 1545 1231 norat;
1568 1151 1671 1220 sidem

342 1257 450 1343 igitur
469 1259 550 1326 facit
563 1283 603 1327 ac
618 1258 747 1327 stabilit
761 1280 884 1348 corpus
901 1257 1052 1325 sanando
1071 1281 1165 1347 posse
1180 1282 1214 1326 se
1229 1258 1330 1325 etiam
1347 1259 1499 1325 animam
1519 1282 1638 1327 sanare
1655 1288 1670 1321 »

343 1363 540 1455 (Tbeopb.).

362 1557 364 1559 Ι
387 1475 451 1538 Per
470 1472 611 1562 idquod
626 1472 846 1539 manifestum
859 1477 907 1537 est
924 1472 1102 1539 confirmat
1117 1473 1150 1538 id
1165 1471 1256 1560 qnod
1272 1475 1364 1538 cerni
1379 1475 1497 1560 nequit
1511 1495 1541 1536 v.
1557 1473 1676 1562 aquid

342 1589 389 1644 cst
406 1578 550 1665 [acilius
566 1579 678 1645 dicere
692 1577 888 1666 paralytico
914 1598 925 1643 .·
950 1577 1168 1646 dimittuntur
1194 1577 1255 1644 rior·
1278 1592 1439 1666 peccalo,
1467 1603 1514 1645 on
1530 1579 1672 1645 dicere:

342 1707 459 1774 scopo,
475 1683 555 1751 tolle
570 1683 751 1776 probatum
767 1698 865 1751 turem
883 1697 917 1751 et
929 1684 1093 1752 ambulo?
1112 1685 1224 1751 dicere
1238 1686 1311 1752 scil.
1329 1707 1407 1751 cum
1425 1688 1456 1751 vi
1471 1693 1504 1750 et
1518 1685 1671 1752 efficacia

344 1792 474 1881 operis,
497 1798 534 1857 ut
547 1793 622 1880 ipsa
637 1791 742 1858 dictio
756 1792 800 1857 sit
811 1793 955 1857 effectio.
982 1793 1153 1858 Dimittere
1173 1799 1308 1881 peccata
1321 1791 1439 1880 utique
1454 1793 1497 1857 ad
1517 1793 1673 1858 altiorem

344 1897 500 1963 ordinem
521 1898 687 1985 pertinet;
710 1903 744 1964 at
766 1920 845 1964 cum
864 1898 1002 1964 effectus
1022 1899 1226 1964 remissionis
1245 1899 1393 1964 exterius
1415 1919 1481 1963 non
1501 1903 1673 1979 cernatur,

344 2003 482 2069 allectus
497 2009 612 2069 autem
626 2004 813 2071 sanationis
831 2004 945 2070 statim
961 2004 1064 2070 oculis
1082 2004 1247 2086 videatur,
1265 2005 1470 2070 miraculum
1489 2006 1676 2071 sanationis

343 2114 461 2199 aptum
475 2115 525 2176 est
538 2131 607 2198 quo
623 2110 774 2176 Christus
787 2110 911 2200 probet
929 2112 1031 2177 etiam
1051 2112 1165 2200 priora
1179 2111 1282 2177 verba
1298 2133 1363 2176 non
1377 2112 1525 2176 caruisse
1540 2112 1673 2177 effectu.

343 2214 478 2282 llodum
503 2215 668 2305 loquendi
691 2217 816 2283 Christi
843 2216 988 2306 Theopb.
1013 2218 1060 2283 ita
1081 2218 1224 2306 explicat
1250 2240 1258 2283 ε
1281 2218 1420 2283 sortasse
1440 2218 1570 2284 scribae
1595 2217 1678 2285 talia

346 2322 543 2409 cogitabant
559 2344 567 2391 :
590 2345 666 2389 ecce
682 2323 857 2413 impostor,
876 2323 990 2390 omisit
1003 2346 1122 2390 curare
1135 2347 1256 2414 corpus
1274 2324 1366 2412 qnod
1382 2332 1431 2390 est
1447 2326 1480 2389 in
1500 2326 1677 2391 manifesto

344 2434 378 2496 et
389 2436 488 2496 sanat
501 2430 654 2496 animam
669 2430 893 2512 invisibilem3
913 2430 940 2496 si
956 2436 1065 2520 posset
1086 2452 1207 2496 sanare
1228 2453 1349 2520 corpus
1365 2486 1371 2505 ,
1390 2454 1457 2496 non
1478 2432 1679 2518 confugeret

344 2535 449 2603 adid
477 2535 570 2626 quod
597 2536 707 2603 videri
732 2538 863 2626 nequit.
887 2541 994 2614 Quam
1018 2536 1214 2626 explicandi
1241 2538 1406 2602 rationem
1431 2540 1522 2603 lons.
1550 2539 1675 2619 reiicit;

344 2645 507 2732 ipsavero
518 2645 566 2710 ita
577 2643 750 2732 concipit:
767 2673 782 2704 «
799 2666 859 2709 vos
870 2665 923 2709 me
934 2644 1148 2710 arbitramini
1163 2643 1400 2733 blasphemum
1415 2645 1507 2732 quod
1524 2645 1679 2711 iudicetis

346 2771 399 2816 me
413 2749 589 2817 vindicare
604 2755 806 2841 potestatem
821 2755 887 2816 [leo
901 2751 1091 2840 propriam3
1109 2751 1167 2817 sed
1180 2759 1327 2816 vestrum
1343 2753 1481 2839 requiro
1498 2750 1676 2830 iudicium,

345 2861 459 2922 utrum
475 2858 599 2923 horum
614 2857 762 2924 duorum
783 2857 923 2923 maioris
942 2864 991 2924 est
1006 2859 1194 2946 potestatis,
1217 2859 1303 2923 serio
1318 2864 1351 2923 et
1366 2880 1443 2923 cum
1461 2858 1614 2924 cltloacia
1628 2857 1679 2924 di·

345 2984 422 3029 core
438 2965 660 3030 remittuntur
675 2963 887 3054 tibipeccuto
904 2986 948 3030 un
964 2963 1077 3030 dicere
1090 2987 1187 3054 surge
1208 2976 1239 3030 ct
1257 2963 1420 3030 uocabulo?
1440 2970 1511 3030 Non
1524 2964 1681 3030 dubitem

345 3069 429 3159 quin
445 3074 630 3159 utrumque
649 3071 691 3136 sit
711 3069 865 3159 aequalis
887 3072 991 3136 immo
1015 3070 1165 3137 eiusdem
1186 3072 1373 3160 potestatis,
1398 3071 1503 3159 idque
1522 3071 1676 3150 divinae,

346 3198 425 3242 cum
443 3176 547 3242 solius
569 3177 625 3241 ltei
646 3176 689 3242 sit
712 3175 817 3242 verbo
836 3185 1011 3266 praestare
1031 3177 1198 3267 quidquid
1217 3177 1374 3258 volnerit3
1397 3178 1512 3266 itaquo
1533 3177 1678 3244 eandem

345 3283 410 3349 sibi
426 3287 629 3371 potestatem
646 3287 787 3369 arrogat
801 3283 862 3371 qui
879 3283 946 3349 hoc
961 3285 1048 3349 serio
1062 3282 1173 3350 dicere
1194 3285 1381 3372 praesumit
1401 3307 1505 3373 quam
1523 3284 1589 3349 sibi
1607 3285 1678 3350 vin·

346 3389 437 3455 dicat
454 3391 515 3478 qui
528 3389 611 3455 dicit
630 3390 851 3456 remittuntur
871 3390 933 3455 tibi
946 3403 1108 3479 peccota,
1132 3396 1167 3456 ut
1188 3412 1294 3479 aeque
1314 3390 1536 3479 blasphemus
1558 3392 1601 3455 sit
1619 3392 1678 3479 qui

347 3496 433 3561 illud
448 3495 532 3562 dicit
547 3500 648 3586 atqua
663 3497 723 3586 qui
738 3496 803 3563 hoc
817 3496 912 3563 dicit.
930 3501 996 3563 lloo
1010 3503 1142 3563 tantum
1156 3495 1309 3579 interest,
1323 3496 1415 3585 quod
1436 3520 1475 3562 ex
1494 3504 1678 3587 conspecto

347 3603 421 3692 ipso
436 3602 560 3669 ellectu
576 3607 691 3669 secuto
707 3603 883 3669 manifeste
900 3602 1113 3691 deprehendi
1133 3609 1242 3692 potest
1256 3625 1322 3669 non
1339 3603 1421 3670 lalso
1434 3611 1681 3690 etarroganter

347 3714 550 3798 potestatem
565 3708 791 3789 vindicatam,
812 3711 839 3775 si
853 3711 929 3799 quis
949 3710 1039 3776 dicat
1057 3732 1156 3800 sar-pc
1171 3709 1351 3775 etorutulo
1368 3739 1396 3774 ».

392 3820 501 3893 Quare
520 3816 695 3882 veritatem
710 3815 809 3881 verbi
826 3809 867 3881 de
883 3817 1077 3883 remissione
1095 3816 1216 3905 probat
1231 3818 1382 3882 ellicaoia
1399 3817 1494 3881 vorbi
1509 3818 1560 3882 sui
1579 3819 1613 3882 in
1631 3839 1682 3883 sa-

350 3924 485 3990 natione
500 3923 652 4012 corporis
673 3920 852 3989 allicienda
868 3945 899 3994 v.
927 3930 966 3988 10
983 3936 1021 3987 ot
1038 3936 1152 3989 orclem
1171 3924 1284 3988 sciolis
1307 3925 1389 4012 quio
1410 3925 1515 3989 Filius
1535 3924 1683 3989 leontinis

349 4028 450 4096 dubet
462 4042 663 4120 potestatem
680 4028 716 4095 in
731 4040 820 4095 terro
833 4028 1029 4095 dimittendi
1036 4043 1179 4119 peccota
1194 4030 1254 4111 (uit
1264 4031 1470 4118 paralytico)
1490 4052 1496 4095 :
1515 4054 1545 4094 v.
1564 4039 1601 4097 11
1621 4029 1685 4096 tibi

351 4138 443 4216 dico,
464 4159 582 4226 surgo,
606 4136 685 4203 tolle
705 4135 886 4225 probatum
908 4150 1003 4202 turem
1027 4149 1058 4202 et
1078 4136 1161 4203 oodc
1182 4137 1219 4202 irc
1241 4137 1379 4202 domam
1404 4150 1518 4218 comm
1544 4137 1680 4215 scribis,

351 4243 547 4310 doctoribus
559 4244 645 4330 legis
657 4244 800 4309 ulterius
812 4243 962 4309 insinuat
972 4245 1046 4332 quis
1058 4245 1115 4321 sit,
1134 4244 1214 4309 dum
1231 4250 1373 4310 sevocat
1386 4244 1504 4308 Filium
1524 4245 1681 4324 bominis,

352 4351 583 4440 appellatione
599 4374 638 4417 ex
656 4349 795 4416 Daniele
810 4351 978 4438 propheta
998 4357 1075 4415 nota
1095 4354 1186 4434 (ban.
1210 4358 1299 4429 7‚13.
1326 4352 1377 4437 lt)
1394 4373 1462 4438 qna
1481 4374 1515 4416 se
1532 4351 1685 4416 declarat

353 4480 430 4523 eum
451 4459 507 4525 cui
523 4458 619 4524 dabit
635 4463 720 4524 Deus
738 4461 938 4546 potestatem
958 4463 990 4522 et
1013 4458 1179 4522 honorem
1204 4464 1235 4522 et
1262 4479 1404 4542 regnum
1429 4468 1462 4522 et
1487 4458 1542 4523 cni
1567 4479 1685 4523 omnes

354 4565 487 4655 populi,
508 4566 617 4631 tribus
633 4572 666 4631 et
684 4565 824 4649 linguae
840 4565 997 4629 servient.
1020 4567 1172 4629 Ceterum
1195 4563 1269 4629 vido
1284 4564 1328 4629 ad
1347 4566 1458 4629 llnttlr.
1481 4573 1537 4641 tto
1550 4567 1570 4630 ¹.
1592 4565 1686 4630 lubet

389 4761 409 4802 1.
426 4754 458 4802 Et
473 4752 531 4801 vide
541 4765 609 4815 quae
625 4751 656 4800 (lc
669 4765 698 4800 aa
711 4751 881 4815 appellatione
895 4751 991 4813 egregie
1006 4750 1145 4812 disputavit
1156 4754 1262 4800 chncr
1273 4752 1296 4799 in
1312 4751 1457 4801 Zeita-lulli
1471 4751 1509 4799 tm·
1522 4753 1590 4800 billi.
1603 4752 1685 4801 'streo-

357 4831 589 4897 logic,1nnslrruck
606 4835 664 4881 1892
679 4846 704 4895 p.
723 4835 769 4881 569
787 4844 852 4895 seq..
870 4832 916 4895 qui
935 4829 998 4879 bone
1018 4830 1126 4894 explicat
1141 4845 1186 4880 cnr
1204 4837 1348 4881 constanter
1364 4832 1461 4891 legatur
1474 4832 1539 4892 npml
1556 4830 1685 4894 ‹stringeli-

356 4919 409 4965 slas
429 4915 506 4971 aura:
522 4917 566 4964 τοῦ
582 4913 708 4978 ἀνθρώπου
724 4913 740 4962 i.
756 4927 778 4962 e.
795 4911 862 4962 unde
876 4910 1040 4976 explicandus
1054 4911 1087 4960 sit
1101 4912 1222 4961 articulus
1237 4918 1292 4972 τοῡ;
1311 4917 1440 4975 comparat
1463 4912 1517 4960 scil.
1542 4913 1683 4961 vor-sionem
