3960 5654
796 373 884 417 nauc.
909 356 958 424 15,
983 358 1012 414 t.
1514 353 1573 412 too

238 511 383 556 suaserunt
400 508 475 557 aod
491 504 525 556 u²
545 510 577 569 k;
596 514 773 560 suaseruuta
788 512 819 569 ὼ
833 510 884 558 sah
902 521 971 556 arm.
991 511 1021 559 lu
1041 524 1066 559 v.
1090 508 1120 556 t‘t
1137 504 1221 555 aaran
1232 522 1327 568 ποιησαι
1339 510 1392 558 ΑΙ)
1409 509 1432 559 N
1446 503 1497 558 ΧΓ
1511 502 1532 554 u
1544 506 1572 555 al

237 597 298 658 pler
318 598 337 644 it
354 598 418 657 vulg
429 609 475 655 syr
492 593 552 661 (etr)
567 610 626 646 arm
642 609 678 658 go
695 602 757 648 aeth
772 600 817 656 Tt;
837 610 891 646 non
908 599 1013 648 habent
1025 593 1109 645 θελετε
1126 608 1145 649 n
1160 597 1179 644 B
1192 594 1243 645 Ch
1262 596 1319 656 aliq
1335 598 1442 646 urinuse
1456 598 1505 646 sah
1521 609 1573 658 cop

238 684 276 732 W
294 685 329 737 n;
354 701 380 730 os
397 679 482 747 λεγετε
504 697 524 739 n
539 685 560 736 C
574 686 597 735 N
616 685 637 732 Χ
652 680 669 731 Γ
683 683 733 734 lll
747 701 800 737 unc
816 686 830 733 8
851 685 877 734 al
893 688 953 749 pler
968 700 1019 749 cop
1039 698 1085 746 syr
1101 683 1163 745 tutrl
1178 685 1243 733 aeth
1258 696 1307 746 go;
1330 684 1349 732 B
1365 684 1455 733 sotum
1470 681 1571 751 λεγετες

238 786 293 823 non
309 773 453 821 habentn-
464 768 519 839 λεγ.
539 773 664 836 ADaliq
681 779 788 825 minnsc
803 776 824 821 it
840 775 907 837 vulg
918 777 968 825 sah
985 787 1044 822 arm
1054 786 1059 831 ;
1077 774 1131 821 lieh
1146 779 1176 823 ut
1196 773 1295 822 tactam
1315 772 1354 821 illi
1370 784 1453 834 quem
1471 773 1570 822 dicitis.

282 948 375 1012 l'eria
385 954 586 1014 sextamane
602 948 723 1015 iterum
735 956 962 1034 congregatos
977 971 1046 1014 esse
1060 948 1268 1033 synedristas
1283 969 1399 1012 omnes
1415 954 1482 1011 tres
1496 967 1574 1031 syn-

236 1053 337 1141 optioi
361 1056 576 1121 consentiunt
595 1053 722 1140 (llatth.
748 1062 839 1128 ent.
862 1060 938 1120 buc.
963 1058 1092 1138 2266).
1117 1055 1277 1118 Habitum
1303 1074 1371 1119 esse
1394 1052 1573 1117 eonsilium

236 1158 271 1223 in
287 1159 390 1223 domo
406 1161 571 1249 Caiphae,
590 1161 637 1224 uti
650 1170 744 1227 nocte
756 1215 763 1236 ‚
777 1160 1052 1227 concludendum
1068 1167 1117 1225 est
1132 1163 1216 1248 quia
1229 1163 1317 1225 toan.
1337 1163 1436 1238 ¹838
1453 1179 1568 1224 narra·

237 1270 293 1330 tur
318 1269 424 1332 lesum
443 1291 462 1333 a
479 1267 610 1354 Caipha
626 1258 702 1352 (ini
717 1273 770 1328 τοῦ
787 1261 845 1352 Κ.)
863 1267 1052 1333 adductum
1067 1288 1139 1333 esse
1157 1268 1194 1330 in
1212 1266 1435 1354 praetorium.
1456 1269 1525 1330 [tuo
1538 1266 1573 1329 in

237 1371 296 1436 illo
310 1374 454 1438 concilio
467 1381 540 1439 acta
555 1382 645 1440 sunt.
667 1379 772 1440 Unum
792 1361 896 1439 reter't
912 1378 1027 1453 Lucas,
1047 1379 1156 1439 lesum
1173 1394 1242 1438 esse
1257 1371 1368 1438 denuo
1383 1371 1573 1458 interroga-

238 1484 309 1544 tum
325 1488 448 1544 etcum
462 1501 497 1544 se
510 1480 679 1545 Christum
693 1488 725 1546 et
738 1480 857 1545 Filium
868 1480 925 1546 Dei
940 1487 1025 1546 esset
1036 1480 1206 1567 protessus
1218 1477 1332 1544 denuo
1345 1479 1464 1543 mortis
1477 1498 1574 1543 reum

237 1587 506 1672 pronuntiatum.
526 1589 592 1651 Cur
606 1594 681 1652 acta
695 1591 823 1671 agunt?
840 1588 937 1668 sorte,
954 1594 991 1651 ut
1007 1585 1174 1651 iudicium
1189 1591 1284 1650 noete
1304 1584 1459 1649 habitum
1482 1582 1574 1673 quod

237 1691 371 1756 irritum
386 1692 516 1757 censeri
531 1699 664 1779 poterat
678 1691 918 1758 confirmantes
933 1692 1079 1780 speciem
1094 1693 1243 1758 iustitiae
1259 1713 1394 1757 servare
1418 1688 1574 1756 videren-

237 1804 303 1862 tur.
328 1797 477 1862 Alterum
500 1798 673 1864 indicatur
688 1799 801 1863 Matth.
825 1806 902 1878 -27,1
932 1805 995 1864 :ut
1014 1819 1094 1863 eum
1111 1799 1212 1864 morti
1233 1797 1423 1875 traderent;
1446 1791 1516 1862 scil.
1536 1802 1572 1861 ut

236 1902 466 1969 deliberarent
487 1911 520 1969 et
534 1912 721 1971 statuerent
744 1906 838 1994 quali
859 1907 1078 1971 accusatione
1099 1905 1193 1993 apud
1215 1904 1358 1970 Pilatum
1374 1913 1458 1969 esset
1476 1910 1573 1969 uten-

235 2010 331 2086 dum,
358 2020 393 2074 ut
410 2015 516 2076 lesum
536 2010 761 2096 crucifigeret.
782 2015 1028 2100 Perspexerunt
1046 2013 1139 2077 enim
1161 2010 1307 2076 Pilatum
1325 2010 1572 2076 accusationem

236 2116 468 2203 blasphemiae
484 2118 623 2183 minime
641 2141 709 2182 esse
731 2126 944 2184 curaturum.
964 2123 1027 2184 Eos
1041 2125 1157 2184 autem
1173 2117 1320 2183 voluisse
1338 2121 1444 2182 lesum
1460 2115 1572 2181 eruci-

235 2223 296 2309 figi
314 2232 404 2310 patet
416 2246 455 2288 ex
470 2224 619 2289 clamore
632 2233 664 2288 et
683 2225 910 2311 postulatione
923 2225 1034 2313 plebis
1049 2246 1156 2312 quam
1170 2226 1437 2289 concitaverant.
1453 2223 1573 2311 Cupie·

236 2329 319 2395 bant
334 2331 423 2395 enim
439 2353 668 2420 summopere,
688 2339 724 2396 ut
740 2334 858 2396 mortis
873 2353 1000 2417 genere
1012 2352 1117 2420 quam
1133 2331 1280 2397 maxime
1298 2329 1525 2415 ignominioso
1541 2337 1574 2394 et

235 2438 348 2503 servili
365 2445 398 2501 et
412 2438 647 2503 crudelissimo
660 2438 865 2504 auferretur.
882 2443 964 2504 Nam
981 2443 1015 2502 et
1027 2458 1126 2502 suum
1143 2439 1177 2502 in
1192 2442 1299 2502 lesum
1313 2436 1427 2502 odium
1441 2436 1574 2523 explere

237 2542 396 2609 volebant
412 2553 444 2608 et
457 2566 593 2609 omnem
611 2550 681 2609 lesu
696 2546 789 2632 apud
804 2546 970 2632 populum
986 2544 1225 2610 auctoritatem
1242 2543 1476 2631 honoremque
1495 2542 1571 2607 lun-

235 2649 326 2715 ditus
341 2658 491 2715 evertere
501 2658 534 2715 et
548 2651 674 2715 delere.
688 2656 754 2715 Hac
766 2673 826 2715 sua
840 2651 973 2716 insania
983 2650 1233 2739 sapientissimo
1245 2650 1302 2715 Dei
1319 2648 1460 2714 consilio
1476 2648 1574 2714 inscii

234 2757 440 2821 serviebant.
459 2756 579 2821 ltebuit
592 2758 684 2822 enim
704 2761 792 2822 lesus
808 2780 870 2845 pro
888 2756 987 2823 nobis
1000 2756 1074 2822 fieri
1091 2756 1331 2832 maledictum,
1353 2764 1389 2820 ut
1407 2778 1467 2820 nos
1483 2754 1573 2820 redi-

238 2871 343 2928 meret
354 2863 395 2927 de
408 2862 606 2938 maledicto:
618 2871 652 2929 et
663 2863 863 2929 maledictus
874 2864 986 2929 omnis
998 2865 1057 2950 qui
1069 2861 1196 2952 pendet
1209 2864 1242 2927 in
1256 2862 1351 2947 ligno
1362 2863 1445 2947 (Gal.
1462 2863 1569 2948 3‚13);

237 2991 268 3035 v.
285 2977 299 3034 t
313 2983 343 3035 et
355 2970 530 3055 confestim
539 2992 640 3035 mune
649 2970 828 3035 consilium
836 2971 1004 3056 facientes
1014 2969 1198 3042 ποιήσαντες
1207 2968 1453 3034 deliberatione
1465 2969 1571 3044 laeta;

235 3077 337 3163 quale
350 3076 529 3141 eonsilium
546 3076 727 3141 accusandi
744 3082 853 3142 lesum
870 3077 1040 3164 ceperint,
1063 3077 1175 3141 elucet
1190 3098 1228 3140 ex
1244 3099 1276 3139 v.
1295 3081 1369 3140 Pes
1386 3075 1573 3159 interroga-

236 3184 326 3248 tione
353 3183 468 3261 Pilati;
492 3184 674 3248 eumenim
700 3188 786 3248 lesus
806 3204 841 3247 se
866 3184 1014 3248 llessiam
1038 3183 1248 3258 declararet,
1271 3181 1322 3246 illi
1341 3203 1416 3247 eam
1439 3181 1572 3247 llessiae

238 3291 411 3353 notionem
436 3310 540 3377 quam
566 3290 629 3376 ipsi
654 3289 793 3376 quidem
820 3289 1059 3355 ardentissime
1083 3289 1246 3354 fovebant
1272 3288 1328 3354 sed
1350 3310 1452 3376 quam
1485 3293 1573 3353 lesus

235 3416 370 3483 semper
388 3395 625 3483 repudiaverat
642 3398 675 3460 in
693 3395 844 3461 medium
861 3395 1041 3484 proterunt
1056 3403 1089 3460 et
1103 3417 1183 3460 eum
1199 3395 1292 3483 apud
1309 3393 1498 3482 praesidem
1515 3417 1572 3459 ae-

235 3508 354 3568 cusant
376 3502 471 3590 quasi
489 3502 618 3588 regiam
639 3501 813 3567 affectaret
832 3501 1037 3588 dignitatem
1054 3510 1087 3567 et
1108 3502 1330 3567 rebellionem
1351 3502 1385 3567 in
1405 3505 1572 3566 Romanos

237 3618 404 3687 moveret;
421 3609 547 3673 surrenti
558 3607 746 3674 sacerdotes
762 3631 839 3673 enin
857 3607 1061 3686 senioribus,
1076 3608 1195 3674 serabis
1210 3621 1242 3674 et
1258 3611 1412 3673 universo
1430 3607 1572 3674 concilio

239 3709 306 3796 (καὶ
321 3715 390 3776 otoo
406 3713 443 3776 τὸ
459 3704 623 3800 συνέδριον)
642 3715 736 3780 ellert
755 3720 882 3780 ltareus
900 3715 1074 3801 integrum
1087 3715 1305 3800 synedrium,
1326 3736 1497 3780 summum
1518 3719 1571 3780 lu-

235 3821 399 3887 daeorum
421 3823 673 3907 inagistratum
700 3821 732 3885 in
757 3821 903 3886 crimine
921 3829 1041 3887 contra
1067 3825 1174 3886 lesum
1198 3822 1286 3887 nihil
1314 3844 1380 3887 non
1403 3821 1569 3900 omisisse,

236 3928 414 3992 vincientes
429 3930 539 3993 Iesum
552 3927 722 3993 deiecerunt
734 3940 768 3992 et
782 3927 1000 3993 tradiderunt
1016 3929 1148 4010 Pilato·
1163 3930 1209 3993 ita
1220 3928 1257 3993 fn
1270 3927 1361 4015 quod
1376 3932 1464 3993 lesus
1478 3949 1574 4015 prae-

236 4034 365 4099 dixerat
388 4040 485 4113 tuat
510 4056 517 4100 :
541 4041 575 4099 et
592 4034 726 4100 tradent
742 4056 818 4099 eum
838 4033 1012 4120 gentibus.
1031 4040 1109 4100 Erat
1129 4035 1268 4099 Pontius
1288 4034 1413 4100 Pilatus
1432 4033 1574 4122 quintus

237 4141 376 4206 iudaeae
394 4149 609 4229 procurator,
627 4162 748 4228 exque
764 4140 848 4205 haec
867 4141 962 4226 regio
976 4149 1099 4207 annoti
1120 4164 1154 4228 p.
1173 4141 1233 4206 Cb.
1253 4142 1350 4229 pulso
1368 4140 1403 4204 in
1419 4141 1573 4205 exsilium

237 4248 399 4314 Archelao
417 4247 554 4312 llerodis
567 4248 656 4331 regis
672 4248 741 4312 tilio
752 4248 869 4333 Syriae
885 4247 1082 4335 provinciae
1095 4270 1115 4311 a
1127 4251 1267 4313 Caesare
1281 4253 1431 4332 Augusto
1441 4246 1572 4313 adiecta

235 4363 319 4419 erat.
348 4360 558 4420 successerat
583 4353 706 4418 Pilatus
728 4354 762 4417 in
789 4354 1062 4441 procurationem
1087 4354 1221 4419 Valerio
1243 4357 1343 4419 Grato
1361 4375 1451 4419 auno
1471 4359 1513 4418 ‘25
1536 4377 1570 4442 p.

236 4463 296 4528 Ch.
310 4483 454 4548 eamque
469 4461 577 4526 tenuit
592 4482 697 4548 usque
707 4460 751 4525 ad
761 4481 892 4526 annum
907 4467 963 4527 36.
979 4459 1097 4526 ludaei
1112 4461 1379 4526 dominationem
1395 4482 1572 4526 romanam

237 4567 315 4634 odio
329 4567 516 4642 habebant3
532 4566 701 4654 imprimis
711 4574 825 4632 autem
838 4568 995 4632 Pontium
1008 4567 1153 4633 Pilatum
1165 4567 1423 4633 detestabuntur
1436 4573 1575 4657 propter

237 4676 308 4739 eius·
327 4681 557 4762 corrtemptum
572 4694 686 4738 rerum
701 4672 931 4753 iudaicarum,
952 4695 1092 4739 saevum
1107 4674 1303 4763 imperinm,
1322 4674 1571 4754 crudelitatem,

236 4782 430 4851 avaritiam.
458 4781 626 4869 supplicia
654 4801 741 4867 quae
764 4779 961 4870 saepissime
987 4780 1166 4865 indigebat
1194 4781 1289 4847 nullo
1320 4782 1447 4849 iudicio
1476 4803 1575 4871 prae-
