3960 5654
203 485 261 546 398
715 501 807 545 naec.
834 483 880 544 ta.
905 481 1010 541 atat.

202 632 374 724 praeclare
390 649 526 718 quoque
541 629 772 700 demonstrata
787 631 831 698 ab
852 629 969 696 eodem
992 632 1143 721 apostolo
1158 632 1216 718 qui
1231 633 1405 697 caritatem
1427 650 1527 716 prac-

202 737 375 808 ferendam
390 758 462 802 esse
475 737 572 803 docet
586 736 683 806 donis
694 738 853 806 omnibus
867 736 942 801 aliis
959 747 992 804 et
1005 737 1233 812 charismatis;
1252 739 1390 826 insuper
1405 734 1528 800 caritas

202 864 377 930 nunquam
391 844 532 924 excidit,
546 866 623 909 cum
637 853 749 912 tamen
763 844 960 935 prophetiae
975 852 1007 911 et
1020 847 1158 932 linguae
1168 849 1200 907 et
1213 844 1529 910 scientiacessatura

199 951 265 1016 sint
280 951 309 1034 (t
328 955 401 1016 Cor.
419 951 563 1036 tat-8).
581 955 682 1020 ltaius
698 955 761 1019 hoc
779 957 995 1040 praeceptum
1012 949 1233 1018 estomnibus
1246 950 1347 1016 etiarn
1362 948 1531 1035 ideoquia

200 1057 314 1120 omnia
334 1056 466 1146 reliqua
480 1056 523 1121 ad
540 1057 575 1122 id
588 1060 733 1125 tendunt
748 1064 784 1123 ut
799 1062 901 1122 Deum
919 1056 1103 1144 diligamus
1118 1080 1156 1123 ex
1168 1063 1236 1121 toto
1248 1056 1349 1121 corde
1367 1063 1400 1122 et
1415 1054 1529 1143 proxi-

114 1151 116 1157 ’
203 1183 295 1227 mum
319 1165 405 1230 sicut
420 1185 479 1229 nos
496 1164 585 1251 ipsos
610 1166 767 1253 (Mala).
795 1163 828 1226 id
852 1163 944 1250 quod
967 1166 1116 1231 Christus
1142 1162 1313 1249 significat
1335 1162 1474 1228 dicens:
1496 1162 1529 1224 in

202 1268 255 1334 his
272 1269 404 1337 duobus
421 1269 591 1335 mandatis
607 1274 763 1338 universa
780 1270 831 1334 lex
847 1270 971 1358 pendet
989 1278 1023 1337 et
1038 1273 1226 1361 prophetae
1247 1269 1376 1357 (Matth.
1400 1270 1529 1351 mo).

245 1382 353 1465 htque
370 1377 434 1442 hac
450 1376 571 1442 Christi
598 1379 816 1467 responsione
836 1376 989 1459 sublimi,
1015 1401 1084 1467 qua
1098 1377 1262 1443 docemur
1276 1382 1406 1464 quanta
1426 1374 1531 1440 animi

203 1484 435 1562 contentione,
454 1483 644 1559 alacritate,
667 1485 780 1550 studio
801 1488 885 1548 [tetis
909 1485 951 1548 sit
965 1483 1163 1568 diligendus
1185 1490 1217 1549 et
1240 1504 1309 1572 qua
1334 1482 1420 1546 inter
1444 1482 1532 1568 ipsos

204 1587 358 1656 homines
371 1612 435 1679 pax
449 1610 582 1654 summa
597 1598 630 1657 et
646 1592 786 1657 leticitas
799 1590 956 1655 constitui
971 1595 1098 1679 potest,
1115 1591 1227 1656 scriba
1244 1610 1370 1675 magna
1383 1585 1532 1652 admira-

203 1695 296 1761 tione
313 1700 383 1761 lesu
408 1695 558 1762 allicitur
576 1704 609 1761 et
623 1699 737 1786 palam
761 1694 938 1785 profitetur
954 1718 1059 1785 quam
1081 1697 1255 1784 praeclare
1270 1694 1425 1760 docuerit
1441 1715 1470 1756 v.
1491 1697 1533 1756 32

204 1813 238 1866 et
257 1802 308 1867 uit
330 1801 385 1867 illi
405 1800 516 1868 scribo
537 1824 547 1867 ;
569 1801 666 1882 bene,
684 1805 856 1890 iiacpz'ster,
873 1804 909 1866 in
928 1804 1069 1869 veritate
1084 1802 1203 1868 dixisti
1209 1823 1221 1882 ;
1235 1803 1341 1887 iunge
1362 1802 1463 1870 καλῶς
1485 1795 1531 1858 ἐπ’

206 1901 344 1980 ἀληθείας
363 1909 503 1994 egregie
519 1908 703 1974 secundum
728 1909 919 1985 veritatem,
939 1909 1127 1984 verissime,
1147 1909 1228 1997 quio
1248 1929 1335 1973 rinus
1350 1919 1398 1972 est
1416 1906 1532 1992 (Deus)

204 2025 237 2078 et
250 2036 319 2079 non
337 2027 384 2079 est
399 2014 488 2079 alius
500 2028 743 2103 praeteream,
761 2037 791 2078 v,
811 2022 852 2079 33
873 2028 905 2079 et
920 2027 955 2078 ut
979 2014 1144 2102 (liliputer
1166 2037 1207 2080 ea
1229 2026 1295 2080 toto
1317 2012 1414 2078 corde
1440 2025 1471 2078 et
1493 2035 1534 2077 ec

205 2130 272 2185 toto
288 2119 459 2186 intellectu
474 2119 634 2197 συνέσεως,
652 2122 694 2186 cs.
713 2143 816 2209 supra
829 2112 960 2191 διανοίας
976 2128 1008 2187 et
1018 2143 1088 2186 esse
1100 2119 1252 2186 eiusdem
1264 2119 1410 2185 notionis
1429 2118 1512 2184 Eut!
1525 2171 1531 2182 .

204 2230 357 2305 notat,et
370 2248 412 2292 esc
425 2238 494 2291 totu
509 2229 625 2292 animo
641 2227 732 2313 (vide
749 2229 823 2293 lect.
841 2249 932 2307 var.;
953 2226 1088 2291 videtur
1101 2226 1256 2291 additum
1272 2248 1312 2292 ex
1327 2248 1359 2291 ν.
1376 2225 1432 2312 30)
1447 2237 1480 2290 et
1494 2245 1536 2289 ea

206 2344 275 2397 toto
287 2333 525 2418 sortitudz'net,
542 2334 576 2394 τὸ
590 2332 712 2420 ἀγαπᾶν
727 2331 818 2395 αὐτόν
833 2342 894 2399 ete,
913 2334 982 2398 seit.
1003 2332 1146 2419 diligere
1167 2339 1271 2399 Deum
1296 2355 1336 2398 eo
1353 2335 1452 2396 modo
1467 2351 1535 2421 quo

204 2437 333 2505 dictum
349 2447 397 2506 est
411 2454 444 2506 et
458 2439 598 2530 dilipere
615 2441 812 2529 paccianum
827 2454 1003 2529 tamquam
1015 2440 1162 2528 seipsum
1182 2439 1294 2505 ezoius
1313 2451 1362 2504 est
1380 2436 1536 2503 omnibus

206 2542 533 2612 holocautomatibus
555 2560 587 2612 et
608 2548 805 2634 sacrificii&
821 2549 887 2612 iam
904 2547 982 2611 satis
1001 2569 1035 2612 se
1055 2546 1205 2611 ostendit
1221 2546 1393 2612 recessisse
1416 2566 1535 2610 aeon—

206 2652 383 2718 suetudine
396 2654 653 2741 pharisaeorum
666 2656 723 2743 qui
735 2676 871 2719 omnem
889 2654 1087 2738 religionem
1102 2655 1137 2718 in
1153 2652 1376 2719 observantiis
1390 2652 1537 2717 externis

206 2757 421 2825 collocabant
433 2767 467 2826 et
482 2761 723 2850 relinquebant
739 2783 826 2848 quae
842 2762 1002 2845 graviora
1013 2767 1092 2825 sunt
1110 2761 1214 2845 tegis:
1232 2758 1416 2839 iudicium,
1433 2759 1535 2823 mise-

209 2864 391 2931 ricordiam
412 2874 445 2931 et
467 2867 585 2946 fidem;
613 2869 657 2934 cl.
685 2869 798 2933 Matth.
825 2873 937 2946 2323.
966 2867 1180 2945 Holocausta,
1206 2888 1284 2931 eum
1307 2872 1374 2931 tota
1399 2865 1537 2930 victima

207 2978 428 3054 cremaretur,
456 2995 563 3058 genus
588 2975 833 3039 sacrificiorum
855 2974 1052 3038 censebatur
1080 2973 1408 3062 praeclarissimum,
1430 2972 1536 3036 sacri-

208 3077 301 3157 ficia,
322 3075 421 3139 θυσίαι
436 3080 541 3167 aliqui
558 3081 729 3168 explicant
745 3079 786 3145 de
804 3081 910 3147 tertis.
928 3079 968 3144 de
984 3078 1155 3144 oblatione
1175 3079 1369 3156 incruenta,
1388 3098 1476 3166 quae
1493 3078 1535 3142 ad

209 3185 475 3273 unumquodque
491 3186 694 3252 sacrificium
710 3193 888 3251 cruentum
903 3185 1095 3251 addebatur
1111 3186 1163 3251 vel
1177 3186 1365 3271 generatim
1386 3184 1428 3249 de
1444 3183 1536 3248 dono

210 3296 243 3356 et
264 3291 436 3357 oblatione
458 3315 674 3380 ‹piracumque
698 3293 756 3379 (ol.
784 3293 929 3379 Setiam,
956 3291 1117 3378 Saliares).
1145 3295 1227 3357 Cum
1243 3287 1331 3351 lucta
1344 3290 1436 3380 apud
1458 3294 1537 3355 Lxx

210 3395 301 3462 haud
322 3420 398 3463 raro
414 3421 453 3463 eo
467 3421 567 3464 sensu
581 3399 788 3464 adhibeatur
804 3399 896 3485 (tien.
922 3405 988 3476 t,3.
1005 3407 1037 3479 5,
1060 3421 1122 3487 pro
1144 3399 1241 3464 hebr.
1261 3414 1359 3489 aptis,
1379 3399 1457 3462 item
1479 3403 1534 3463 Ex.

212 3508 328 3583 eope
350 3512 429 3584 aas
443 3512 475 3570 et
494 3527 594 3593 saepe
617 3510 690 3570 ceu
710 3512 741 3570 a.
760 3512 791 3570 o.
814 3512 864 3570 u.
886 3508 1087 3571 melmun.
1106 3490 1538 3586 c,1o;a‚1o'eic.;secun-

208 3608 290 3674 dum
305 3611 565 3677 concordantias
579 3612 729 3676 Trommi
750 3613 795 3676 ita
811 3613 948 3699 ponitur
963 3608 1049 3671 θυσία
1065 3614 1097 3676 in
1116 3611 1192 3700 plus
1214 3618 1276 3677 tto
1292 3611 1387 3698 loeis)
1409 3618 1442 3676 et
1458 3632 1535 3676 cum

209 3737 309 3781 omne
328 3717 570 3784 sacrificiorum
597 3739 705 3802 genus
726 3725 803 3806 apte
830 3719 982 3783 hocloco
1002 3725 1149 3795 notetur,
1173 3719 1256 3783 haee
1275 3719 1366 3782 vocis
1386 3719 1537 3806 acceptio

212 3822 390 3911 probanda
409 3825 483 3889 erit.

254 3930 429 4018 hpprobat
445 3936 533 3996 lesus
552 3933 644 4019 quod
660 3935 770 3998 scriba
788 3936 850 3998 rite
868 3933 1071 3998 intellexerit
1090 3933 1123 3996 in
1143 3955 1211 4021 qua
1230 3955 1265 3998 re
1286 3955 1365 3998 vera
1378 3931 1538 3998 consistat

212 4036 316 4124 pietas
332 4057 362 4102 v.
379 4042 419 4102 at
447 4038 664 4103 [causantem
686 4039 800 4105 ridens
820 4039 912 4127 quod
926 4041 1094 4127 ,sapienter
1112 4039 1335 4127 respondisset
1357 4038 1445 4103 de'zit
1460 4039 1515 4104 illi
1527 4059 1537 4102 .·

211 4165 278 4208 non
298 4166 331 4209 es
345 4143 441 4233 louqc
459 4167 480 4209 a
492 4166 594 4233 repon
611 4147 687 4225 Dei,
713 4177 727 4204 o
743 4170 781 4211 ex
795 4169 862 4234 quo
880 4149 945 4210 iam
969 4147 1144 4211 veritatem
1170 4146 1319 4211 mandati
1337 4146 1392 4211 [lei
1410 4166 1537 4229 cogno-

212 4251 286 4316 visti
308 4259 339 4315 et
361 4251 558 4317 traditiones
580 4253 756 4317 hominum
782 4275 849 4318 non
866 4253 1057 4341 praetulisti
1076 4283 1090 4310 n
1110 4252 1229 4340 (illd).
1253 4258 1378 4317 Bonam
1402 4274 1483 4340 prae
1504 4273 1538 4316 se

213 4356 277 4420 lert
292 4358 394 4422 animi
413 4359 667 4436 habitudinem,
689 4364 794 4425 lesum
812 4382 877 4424 nain
893 4363 958 4425 iam
976 4362 1234 4449 pharisaeorum
1252 4382 1346 4424 inore
1362 4360 1538 4447 prosequi-

214 4467 268 4526 tur
283 4463 426 4542 invidia,
446 4466 504 4530 sed
526 4467 714 4531 doctrinam
741 4468 813 4531 cius
833 4467 964 4546 laudm,
988 4466 1077 4531 unde
1097 4488 1174 4555 spes
1194 4474 1243 4531 est
1267 4466 1338 4531 lore
1362 4471 1398 4529 ut
1417 4464 1482 4529 tide
1503 4465 1538 4528 in

245 4674 266 4715 t.
280 4667 396 4716 Ceterum
413 4674 491 4719 testes
507 4671 575 4719 latini
591 4672 653 4719 satis
664 4671 828 4733 discerpant:
846 4687 858 4718 a
874 4686 902 4719 ox
919 4678 970 4720 toto
987 4672 1062 4720 corde
1075 4676 1101 4721 et
1118 4671 1237 4720 exomni
1253 4670 1349 4719 virtute
1361 4675 1387 4719 et
1408 4683 1439 4718 ex
1454 4669 1538 4718 oriani·

212 4744 260 4796 bus
277 4747 385 4806 viribus,
402 4750 416 4796 b
431 4752 436 4797 i
450 4752 490 4798 llil
502 4767 532 4799 ui
547 4756 600 4799 toto
617 4752 693 4801 corde
708 4758 733 4800 ct
750 4767 780 4800 rx
798 4752 856 4799 totis
870 4753 967 4800 rii-'itus
984 4759 1010 4800 ct
1025 4767 1054 4799 ei
1071 4755 1124 4800 tota
1140 4752 1242 4806 unium
1260 4765 1273 4799 e
1291 4750 1311 4800 u
1320 4752 1330 4783 2
1344 4763 1374 4799 ex
1390 4753 1445 4798 toto
1463 4748 1539 4798 corde

213 4830 280 4876 etex
294 4832 345 4875 tota
356 4830 440 4876 autina
456 4836 481 4877 et
493 4847 522 4879 m
537 4837 589 4879 tota
603 4832 713 4888 vii·tute;
726 4847 742 4896 q
756 4847 785 4881 ex
799 4837 852 4880 loto
865 4833 940 4881 eorde
952 4839 976 4881 et
992 4847 1021 4881 ex
1037 4833 1106 4880 oruni
1121 4832 1214 4880 virtute
1226 4836 1252 4880 et
1264 4846 1294 4880 ex
1308 4830 1428 4879 omnibus
1441 4829 1540 4879 viribus

215 4911 240 4956 et
256 4923 285 4956 ex
300 4912 352 4955 tola
363 4909 446 4957 anima
459 4924 517 4965 sum
537 4913 543 4959 Ι
557 4914 594 4960 uti
608 4913 675 4976 vulg.
