3960 5654
684 501 721 555 os
741 501 908 550 aemesam
930 497 1087 544 secuunmr
1110 496 1246 545 anaema
1591 477 1627 540 '11

299 637 441 705 tacuisse
461 659 505 704 ne
531 632 809 704 videreturvelle
833 631 967 699 adulari
992 637 1128 699 Petrum
1156 633 1359 717 magistrum
1380 650 1479 695 suum
1506 631 1629 717 (Victor
1735 661 1738 664 ⁴

298 744 448 811 antioch.
469 743 505 807 in
521 745 640 809 catena
654 765 759 832 quam
778 736 888 806 edidit
900 741 1056 818 Cramer3
1078 736 1156 803 vide
1171 736 1264 803 intra
1278 738 1323 802 ad
1337 736 1445 826 839),
1464 742 1496 801 et
1512 744 1626 823 postea

298 870 436 940 quoque
446 845 538 935 apud
551 849 729 940 plerosque
742 845 834 913 idem
847 844 1034 934 explicatur
1045 846 1178 924 ratione
1190 842 1377 912 modestiae
1387 855 1421 915 et
1431 843 1629 912 humilitatis

298 958 399 1023 Petri.
424 957 529 1019 lmmo
546 957 683 1042 Scbegg
704 951 832 1041 aliique
848 954 948 1040 pauci
972 950 1186 1031 contendunt
1207 953 1353 1017 llarcum
1376 975 1416 1019 ea
1435 950 1628 1020 nescivisse

297 1060 456 1151 quidem,
478 1062 561 1149 quin
576 1069 608 1129 et
620 1064 781 1147 ignarum
798 1057 901 1126 luisse
916 1059 1086 1148 primatus
1101 1061 1199 1123 Petro
1216 1056 1343 1124 collati.
1363 1057 1400 1124 ld
1416 1081 1495 1125 vero
1509 1056 1628 1124 merito

296 1172 425 1252 negant
442 1168 577 1247 Scirona
600 1169 832 1256 (Commentur
845 1189 888 1232 zu
902 1170 1001 1232 llere.
1024 1186 1058 1252 p.
1080 1169 1136 1228 20.
1153 1162 1222 1249 22),
1241 1165 1389 1253 Cornelp
1403 1164 1440 1254 (l.
1459 1187 1487 1230 c.
1506 1187 1538 1253 p.
1554 1160 1622 1250 93)ζ

296 1274 362 1338 Gur
375 1277 489 1341 autem
503 1276 671 1364 primatus
685 1273 896 1339 mentionem
908 1274 1036 1336 Marcus
1051 1291 1120 1336 non
1135 1268 1270 1349 lecerit,
1291 1272 1423 1338 Schanz
1437 1270 1556 1337 exinde
1572 1293 1627 1335 cx-

295 1376 400 1467 plicat
416 1380 509 1470 qnod
530 1384 670 1470 propter
683 1379 911 1468 suspicionem
931 1376 1155 1462 magistratus
1172 1378 1306 1443 romani
1320 1378 1509 1444 consultum
1523 1376 1625 1458 fuerit

292 1483 427 1554 silentio
448 1507 603 1577 premere
622 1489 754 1552 coetum
775 1483 1054 1552 christifidelium
1078 1484 1154 1569 regi
1178 1484 1379 1551 auctoritate
1405 1483 1554 1574 quadam
1571 1504 1625 1549 su-

293 1613 412 1682 prema
426 1592 471 1660 ab
491 1591 695 1678 alienigena.
719 1592 840 1659 Dubito
854 1597 971 1658 tamen
991 1611 1074 1656 num
1090 1589 1157 1656 hac
1171 1589 1306 1657 ratione
1321 1613 1376 1657 res
1389 1592 1470 1657 satis
1484 1589 1625 1678 explice-

292 1704 358 1791 tup.
380 1703 462 1766 Nam
479 1721 519 1765 eo
533 1700 655 1764 timore
673 1702 802 1765 llarous
822 1719 889 1764 non
908 1697 1022 1787 potuit
1039 1695 1220 1785 prohiberi
1236 1718 1278 1762 ne
1294 1697 1362 1763 alia
1381 1698 1523 1764 referret
1538 1717 1624 1785 quae

291 1802 335 1871 ad
354 1805 443 1872 Petri
461 1802 598 1872 laudem
617 1804 788 1872 cederent.
808 1809 949 1894 Insuper
963 1803 1088 1870 Paulus
1101 1801 1138 1868 in
1154 1803 1224 1869 suis
1240 1802 1391 1892 epistolis
1411 1801 1625 1871 nullomodo

291 1917 426 1979 veretur
444 1911 558 2001 palam
578 1911 732 2000 profiteri
751 1933 787 1978 se
804 1909 1005 1978 auctoritate
1025 1909 1158 1999 pollere
1176 1908 1213 1974 in
1232 1908 1362 1994 fideles,
1385 1892 1419 1977 se
1438 1909 1483 1976 ab
1501 1909 1542 1975 iis
1560 1909 1625 1975 exi-

290 2037 372 2104 gere
392 2018 641 2097 obedientiam,
659 2040 680 2083 a
693 2040 727 2084 se
743 2017 860 2108 puniri
881 2023 1118 2097 contumaces,
1141 2020 1175 2081 et
1187 2015 1217 2081 si
1236 2016 1355 2083 scribit
1369 2015 1533 2097 ecclesiis,
1555 2037 1624 2081 non

289 2122 425 2191 videtur
442 2124 579 2199 timere.
603 2146 646 2191 ne
665 2130 780 2191 coetus
798 2122 851 2190 ilfi
872 2129 1051 2213 tamquam
1071 2121 1220 2209 collegia
1240 2122 1361 2192 illicita
1382 2146 1403 2190 a
1423 2122 1623 2209 magistratu

290 2252 433 2298 romano
455 2230 572 2321 poenis
590 2231 828 2319 subiiciantur.
850 2233 965 2319 Neque
984 2234 1115 2296 llarcus
1134 2229 1262 2295 veritus
1279 2235 1331 2297 est
1349 2230 1498 2297 seribere
1516 2234 1624 2296 Iesum

197 2406 203 2420 ,
288 2337 429 2404 salutari
442 2343 617 2427 tamquam
631 2337 736 2404 talem
751 2337 812 2426 qui
827 2358 976 2424 regnum
987 2334 1094 2402 David
1109 2336 1266 2402 restituat
1282 2356 1290 2404 :
1305 2335 1520 2403 benedictum
1533 2335 1621 2425 quod

288 2445 391 2510 venit
401 2465 547 2530 regnum
561 2443 668 2533 patris
683 2445 787 2510 nostri
804 2442 912 2511 David
927 2443 1056 2532 (11,10)
1071 2460 1078 2521 ;
1095 2464 1200 2533 porro
1216 2443 1246 2510 si
1262 2464 1410 2529 regnum
1427 2442 1484 2509 Dei
1499 2464 1622 2533 appro-

288 2549 468 2639 pinquasse
491 2550 715 2617 annuntiatur
738 2554 772 2617 et
791 2572 892 2639 saepe
911 2570 1023 2616 sermo
1043 2548 1082 2614 fit
1106 2550 1140 2614 in
1164 2548 1343 2636 evangelio
1368 2548 1410 2616 de
1434 2570 1540 2635 regno
1566 2551 1622 2615 Dei

288 2654 395 2745 (μη.
419 2664 477 2739 15;
496 2663 586 2732 aar.
606 2664 660 2724 aa.
679 2651 740 2739 aoss
757 2663 854 2740 aaa
872 2662 988 2735 1o‚1o.
1008 2663 1061 2722 15.
1078 2661 1197 2734 asam
1219 2662 1336 2738 raam
1356 2656 1485 2744 sapa),
1500 2655 1621 2722 dubito

287 2783 371 2829 num
385 2765 445 2852 qui
467 2763 549 2831 talia
569 2764 687 2831 scribit
708 2763 873 2831 sollicitus
890 2764 934 2829 sit
955 2784 998 2829 ne
1016 2762 1139 2829 excitet
1155 2762 1386 2852 suspicionem
1403 2763 1621 2849 magistratus

154 2896 157 2900 ’
287 2871 419 2936 romani
434 2869 579 2959 ideoque
595 2869 746 2937 omiserit
755 2870 843 2938 illud
859 2890 867 2936 :
884 2870 1002 2937 beatus
1017 2891 1064 2949 es,
1080 2892 1184 2959 super
1195 2875 1227 2936 te
1238 2868 1428 2936 aedificabo
1439 2869 1621 2936 Ecclesiam

284 2996 396 3044 meam
411 2985 475 3043 etc.
494 2980 559 3043 Cur
571 2978 678 3063 igitur
691 2976 821 3045 omisit!
839 2976 1042 3068 responderi
1060 2975 1157 3042 haud
1172 2976 1286 3064 inepte
1303 2981 1413 3064 potest
1432 2975 1500 3042 afia
1515 2976 1620 3042 inter-

285 3084 460 3168 rogatione
478 3105 486 3150 :
506 3105 568 3149 cur
582 3088 710 3150 llarcus
726 3083 785 3174 qui
805 3085 902 3150 toties
916 3084 1085 3173 populum
1101 3082 1201 3149 nobis
1216 3080 1378 3150 describit
1394 3082 1619 3150 admiratione

204 3250 208 3257 ,
283 3195 421 3277 captum
432 3189 474 3256 de
484 3194 556 3257 Iesu
570 3191 741 3273 doctrina,
754 3190 797 3256 de
808 3191 874 3257 hac
885 3190 959 3279 ipsa
969 3189 1125 3255 doctrina
1138 3190 1210 3255 fere
1223 3189 1311 3255 nihil
1324 3189 1449 3256 refert?
1462 3189 1503 3255 cl.
1522 3196 1615 3268 1223

158 3383 159 3386 Ν
283 3299 638 3380 a‚1a;a‚1;o,a.aa;
661 3304 750 3378 10,1.

327 3405 372 3469 De
385 3409 538 3492 tempore
553 3403 692 3492 quando
710 3407 839 3469 Marcus
858 3403 1077 3489 evangelium
1101 3403 1273 3491 scripserit
1288 3408 1338 3468 sat
1355 3423 1481 3489 magna
1501 3410 1550 3468 est
1563 3403 1618 3468 in-

282 3513 468 3598 terpretum
493 3509 667 3578 dissensio.
694 3514 780 3576 Sunt
800 3510 860 3599 qui
884 3508 921 3574 id
946 3508 1016 3575 iam
1043 3530 1134 3575 anno
1159 3515 1201 3576 tfi
1227 3508 1391 3598 scriptum
1419 3532 1489 3576 esse
1512 3509 1618 3575 velint

282 3613 437 3702 (Patrizi,
459 3617 612 3703 Schegg,
636 3615 776 3698 Aberle,
801 3615 1050 3695 Hundhausen,
1078 3615 1186 3697 ltiess,
1211 3614 1302 3704 apud
1326 3613 1463 3684 Setanz
1484 3639 1518 3704 p.
1543 3615 1614 3704 t8)‚

280 3718 362 3786 dum
382 3721 441 3788 alii
460 3722 626 3811 usquead
644 3729 801 3812 tempora
820 3722 1000 3789 Domitiani
1017 3723 1154 3811 (al-963
1177 3721 1382 3810 Hilgenfeld)
1399 3728 1433 3788 et
1451 3721 1494 3789 ad
1507 3744 1618 3811 perse·

280 3828 452 3897 cntionem
472 3829 607 3896 Traiani
632 3828 811 3918 (lla-1203
840 3829 944 3915 Keim)
974 3827 1197 3896 descendunt.
1224 3828 1314 3895 Anni
1335 3829 1395 3918 qui
1416 3829 1617 3896 interiacent

279 3930 338 3999 alii
356 3932 399 3999 ab
421 3935 496 4000 aliis
517 3936 749 4021 assignanturz
773 3936 823 4001 ita
851 3936 942 4001 intra
961 3957 1017 4001 an.
1037 3939 1142 4003 tra-at
1162 3935 1309 4017 Kaulen,
1326 3935 1416 4001 intra
1431 3958 1486 4001 an.
1512 3941 1615 4003 ta-ta

280 4038 499 4128 lleithmayer
522 4048 554 4108 et
574 4042 679 4129 Gilly3
701 4044 792 4108 intra
815 4049 917 4109 55-57
946 4041 1075 4128 Hitzig,
1097 4047 1176 4108 ante
1198 4064 1254 4108 an.
1278 4047 1320 4108 60
1341 4042 1525 4123 Schenkel;
1548 4064 1614 4108 non

282 4152 433 4214 antean.
455 4154 498 4215 52
524 4170 633 4238 neque
655 4156 730 4237 post
751 4170 809 4215 an.
835 4154 877 4214 62
904 4148 1064 4234 Cornely3
1089 4170 1147 4215 an.
1170 4154 1275 4215 67-68
1291 4149 1445 4237 Bisping;
1463 4156 1540 4216 ante
1558 4171 1614 4216 an.

215 4237 220 4248 ⁸
280 4258 321 4318 70
353 4253 502 4337 Schanz,
531 4254 668 4337 Fillion,
706 4256 793 4335 Keil,
828 4255 949 4335 Weiss3
977 4260 1054 4344 post
1078 4254 1342 4322 destructionem
1369 4255 1550 4322 Ierusalem
1575 4255 1616 4321 de

279 4363 402 4440 Wette,
420 4360 539 4442 Bleelr,
556 4362 696 4443 tt'eisse3
714 4383 770 4433 an.
792 4367 835 4428 *13
861 4360 1025 4428 Volkmar
1047 4362 1265 4447 evangelium
1291 4383 1361 4428 esse
1377 4360 1535 4428 fidelibus
1548 4368 1616 4428 tra-

278 4463 389 4532 ditum
408 4465 632 4534 arbitrantur.

321 4574 382 4650 Qui
406 4573 621 4659 evangelium
649 4581 725 4664 post
744 4581 890 4642 mortem
910 4575 999 4642 Petri
1017 4575 1149 4642 editum
1174 4598 1244 4642 esse
1270 4576 1463 4657 affirmant,
1485 4575 1615 4641 duobus

277 4679 489 4768 potissimum
511 4683 723 4767 argumentis
746 4682 903 4748 nituntur
922 4705 1011 4771 quae
1027 4705 1068 4749 ex
1089 4682 1201 4750 verbis
1218 4683 1340 4773 Papiae
1359 4689 1393 4749 et
1416 4705 1456 4748 ex
1480 4687 1615 4748 irenaeo

277 4785 497 4873 colliguntur.
521 4788 588 4853 Dici
608 4791 700 4855 enim
719 4790 757 4856 in
774 4789 845 4857 illis
866 4794 1012 4856 llarcum
1033 4790 1205 4882 scripsisse
1228 4789 1350 4856 Christi
1372 4788 1462 4855 dicta
1477 4798 1509 4854 et
1528 4789 1615 4854 lacta

276 4914 569 4984 quorumcumque
594 4895 772 4984 scamina,
800 4918 878 4966 aum
902 4897 1106 4968 nullatenus
1123 4920 1277 4992 peccasse
1302 4896 1362 4985 qui
1389 4897 1552 4962 nonnulla
1571 4895 1616 4960 ita
