3960 5654
197 649 298 726 polyti
319 651 448 723 neganl;
473 647 511 705 ci.
534 646 627 705 anrn
647 647 667 705 l.
690 667 717 709 c.
739 668 770 729 p.
792 647 878 726 sal),
897 647 928 705 in
949 647 1052 706 Gestis
1072 647 1180 720 Pilati,
1201 643 1284 721 apud
1305 642 1530 723 Epiphanium,

115 767 119 774 ·
199 743 378 803 Nestorium
393 743 491 820 (apud
510 744 541 804 S.
558 744 726 824 cyrillum,
743 749 914 820 aequest.
933 746 1000 816 263
1018 745 1058 802 M.
1081 746 1200 822 '16‚85)‚
1217 742 1395 803 Caesarium
1411 741 1464 819 (M.
1481 742 1531 809 38,

124 841 126 847 ’
197 841 303 916 1178),
321 840 505 919 Gregorium
529 859 704 920 nyssenum
724 844 778 924 (M.
799 843 938 920 lo,652);
955 843 1053 902 etiam
1072 840 1103 899 S.
1129 843 1374 918 Chrysostomus
1394 838 1447 918 (de
1468 855 1533 915 quo

193 937 344 995 dubitant
362 939 518 1000 Wostcott
535 941 625 1007 llort,
645 943 809 1021 Appendix
826 958 856 1017 ρ.
873 943 921 999 Ml.
940 939 991 1018 ld)
1011 939 1140 1016 praebet
1156 938 1379 999 testimonium
1395 938 1429 996 in
1443 936 1530 996 hom.

194 1035 267 1100 38,l
288 1035 318 1092 in
336 1039 348 1093 l
373 1039 441 1096 Cor.
456 1037 564 1096 dicens
580 1038 681 1098 lesum
706 1041 819 1099 Mariae
836 1038 975 1114 primum
991 1038 1175 1114 apparuisse
1189 1035 1243 1110 (M.
1260 1034 1418 1113 al,3ad)⁴.
1439 1033 1532 1093 Hisce

194 1132 351 1192 accedunt
376 1135 503 1194 codices
527 1152 639 1196 omnes
661 1138 766 1216 graeci
793 1153 810 1194 a
838 1136 963 1196 saeculo
990 1135 1102 1212 quinto
1125 1140 1155 1194 et
1177 1133 1339 1209 deinceps.
1364 1135 1531 1208 -ltaque

196 1230 387 1290 testimoniis
403 1233 531 1291 Patrum
548 1250 584 1292 ex
606 1235 731 1295 saeculo
752 1232 892 1293 secundo
914 1234 1056 1310 itemque
1076 1232 1258 1292 versionum
1273 1231 1412 1308 syriacae
1428 1235 1460 1289 et
1474 1245 1529 1288 ve—

194 1328 269 1386 teris
284 1328 400 1389 latinae
410 1347 447 1389 ex
461 1329 569 1390 medio
584 1333 710 1392 saeculo
722 1330 875 1399 secundo,
888 1331 1032 1408 gothicae
1047 1346 1085 1388 ex
1098 1335 1208 1405 quarto
1219 1327 1395 1387 luculenter
1405 1329 1531 1387 constat

193 1431 316 1500 partem
339 1426 420 1486 hanc
441 1443 506 1485 non
523 1429 553 1486 in
569 1447 633 1488 una
648 1428 794 1505 regione,
812 1428 866 1487 sed
889 1428 920 1487 in
940 1427 1049 1487 multis
1071 1426 1240 1503 variisque,
1262 1424 1349 1484 brevi
1375 1424 1451 1484 satis
1473 1439 1531 1503 per

193 1522 365 1582 Ecclesiam
383 1522 571 1584 catholicam
592 1541 661 1586 esse
679 1525 831 1602 agnitam.
853 1525 987 1585 Proinde
1006 1522 1093 1601 quod
1114 1522 1246 1583 internis
1266 1521 1444 1581 rationibus
1463 1537 1530 1581 om-

193 1618 268 1679 nino
284 1621 409 1681 suaderi
425 1621 574 1694 vidimus,
590 1622 715 1700 egregie
732 1623 940 1682 confirmatur
955 1619 1146 1682 testimoniis
1161 1621 1310 1681 externis.

234 1717 342 1795 Neque
356 1735 436 1796 quae
450 1726 558 1779 contra
570 1720 659 1780 illam
676 1725 800 1796 partem
815 1720 988 1780 afferuntur
1004 1718 1186 1779 testimonia
1201 1724 1330 1778 externa
1340 1715 1421 1777 adeo
1437 1717 1529 1776 firma

191 1819 282 1885 sunt,
304 1817 347 1876 uti
368 1817 407 1875 ah
428 1815 589 1893 aliquibus
612 1822 841 1895 proponuntur.
861 1816 987 1875 Primus
1006 1834 1024 1875 a
1043 1834 1108 1893 quo
1129 1814 1276 1875 audimus
1297 1815 1384 1874 illam
1404 1819 1528 1892 partem

191 1929 254 1971 non
273 1913 304 1971 iu
320 1915 444 1973 cunctis
460 1913 568 1973 haberi
589 1914 826 1992 exemplaribus
841 1915 962 1993 graecis
978 1920 1026 1974 est
1044 1914 1201 1974 Eusebius
1216 1912 1433 1973 caesariensis.
1449 1914 1528 1972 Eum

190 2009 438 2087 interrogaverat
460 2011 597 2071 Marinus
622 2013 787 2090 quomodo
818 2012 900 2090 apud
927 2011 1122 2071 Matthaeum
1147 2011 1293 2071 videatur
1313 2009 1461 2070 Servator
1480 2008 1528 2089 ὀψὲ

189 2105 334 2165 caedatur
350 2109 572 2180 resurrexisse,
587 2109 672 2188 apud
688 2111 826 2170 Marcum
840 2115 948 2169 autem
964 2126 1056 2169 mane
1072 2127 1133 2169 una
1149 2109 1366 2168 sabbatorum.
1383 2108 1430 2168 lld
1443 2108 1527 2185 quod

190 2205 361 2283 respondet
382 2207 550 2279 Eusebius,
570 2207 730 2285 duplicem
748 2208 1054 2268 esse‘s‘olutionem:
1076 2231 1090 2261 «
1107 2208 1160 2284 qui
1179 2211 1275 2284 caput
1290 2207 1414 2285 ipsum,
1432 2206 1529 2267 idest

188 2304 364 2363 sectionem
381 2304 414 2362 in
430 2323 494 2382 qua
510 2306 541 2365 id
558 2311 714 2373 narratur.
732 2305 818 2366 delet
833 2306 919 2365 dicet
936 2323 1006 2388 earn
1024 2323 1088 2364 non
1107 2305 1140 2364 in
1155 2305 1280 2365 cunctis
1296 2305 1406 2364 haberi
1423 2321 1528 2364 exem-

186 2400 328 2478 plaribus
343 2404 499 2487 evangelii
516 2404 693 2463 secundum
708 2405 861 2475 Marcum;
879 2403 1017 2463 accurati
1032 2403 1117 2463 enim
1133 2401 1260 2463 codices
1276 2401 1340 2480 ((τᾰ
1354 2408 1416 2479 γοῦν
1429 2401 1527 2480 expiat,

187 2501 240 2555 τῶν
259 2499 440 2578 ἀντιγράφων)
459 2499 626 2561 historiam
642 2500 820 2561 secundum
843 2503 981 2561 Marcum
1000 2501 1030 2559 in
1051 2517 1234 2560 sermone...
1257 2499 1452 2561 concludunt
1466 2501 1527 2579 lpo-

187 2595 280 2654 ίοῦντο
295 2597 357 2676 γάρ.
380 2599 446 2657 Ηοο
462 2600 547 2657 enim
565 2599 633 2659 loco
650 2599 682 2658 in
698 2599 820 2660 cunctis
836 2616 935 2677 prope
957 2598 1192 2677 exemplaribus
1212 2598 1413 2677 evangelium
1434 2599 1527 2658 Marci

186 2695 400 2755 concluditur.
425 2696 599 2774 Sequentia
618 2715 693 2757 vero
717 2715 797 2775 quae
818 2715 888 2757 raro
909 2699 940 2756 in
962 2697 1086 2774 aliquot
1106 2694 1235 2775 (σπανίως
1254 2695 1280 2753 ἔν
1297 2694 1391 2775 τισιν),
1409 2714 1470 2757 non
1494 2697 1526 2756 in

186 2793 336 2853 omnibus
354 2800 537 2862 occurrunt,
556 2812 786 2872 supervacanea
801 2795 960 2868 videntur,
976 2795 1162 2874 praesertim
1177 2794 1202 2854 si
1217 2799 1394 2873 repugnent
1408 2800 1528 2855 cetero·

184 2907 255 2949 rum
280 2891 544 2968 evangelistarum
565 2893 761 2952 testimonio.
785 2895 866 2953 llaec
888 2893 1019 2952 tortasse
1039 2892 1124 2952 dicet
1146 2892 1263 2970 aliquis
1286 2892 1396 2972 ((ταῦτα
1413 2891 1462 2967 μὲν
1480 2881 1526 2949 οὖν

185 2987 255 3044 εἶπον
275 2987 306 3044 ἄν
327 2989 377 3066 τις)
402 2989 583 3049 detrectans
609 2995 709 3067 atque
734 2991 865 3049 omnino
887 2991 1046 3066 perimens
1071 2990 1265 3068 superfluam
1291 2991 1523 3067 quaestionem.

185 3086 273 3146 Alius
293 3104 367 3146 vero
392 3087 563 3164 quisquam
588 3088 824 3146 nihilomnino
852 3088 957 3147 delere
981 3087 1103 3147 audens
1129 3105 1340 3165 eorumquae
1360 3093 1525 3165 utcunque

185 3183 366 3260 Scripturae
383 3184 582 3262 evangelicae
598 3184 823 3245 commendata
840 3187 966 3245 luerunt
980 3185 1142 3263 duplicem
1157 3202 1226 3244 esse
1241 3185 1327 3246 dicet
1342 3186 1524 3258 lectionem,

187 3286 223 3341 ut
240 3299 334 3359 saepe
357 3283 449 3353 alias,
467 3288 499 3341 et
522 3287 694 3359 utramque
713 3301 783 3343 esse
804 3282 1020 3361 recipiendam
1043 3308 1057 3335 υ
1080 3282 1130 3359 (ad
1147 3283 1302 3342 Marinum
1325 3286 1392 3355 l,l;
1409 3283 1452 3343 M.
1472 3285 1522 3358 2⁹3,

184 3379 268 3456 937).
293 3381 373 3439 Dein
398 3380 539 3458 suggerit
561 3381 769 3450 solutionem,
794 3388 828 3441 ut
853 3388 925 3459 post
949 3379 1064 3444 ἀναστὰς
1086 3380 1113 3437 δέ
1134 3387 1268 3458 ponatur
1286 3380 1467 3454 distinctio,
1493 3388 1525 3442 ct

184 3475 254 3556 πρωὶ
271 3480 303 3551 τῇ
325 3486 374 3552 μιᾷ
392 3483 437 3534 τοῦ
455 3475 593 3534 radbriton
609 3477 664 3557 (ita
683 3478 771 3557 legit)
789 3477 940 3539 reseratur
957 3478 996 3538 ad
1017 3479 1192 3555 sequentia.
1211 3479 1321 3556 Negari
1338 3496 1403 3538 non
1419 3484 1525 3556 potest

185 3575 358 3634 Eusebium
379 3593 454 3635 cum
474 3575 558 3635 dicat
577 3576 609 3635 in
630 3576 784 3637 accuratis
804 3576 1038 3654 exemplaribus
1058 3593 1122 3635 non
1141 3575 1251 3636 haberi
1275 3583 1398 3654 partem
1418 3577 1522 3651 illam,

185 3671 285 3733 immo
301 3690 372 3734 cum
387 3678 507 3734 asserat
522 3674 553 3732 in
566 3675 689 3734 cunctis
703 3691 802 3752 prope
816 3674 938 3746 deesse,
955 3691 1027 3734 eam
1040 3679 1162 3751 partem
1178 3675 1286 3752 potius
1301 3691 1432 3734 censere
1449 3693 1524 3754 spu-

184 3771 276 3830 riam.
294 3771 355 3832 Sed
372 3773 397 3830 si
414 3772 551 3831 affirmat
570 3771 602 3830 in
619 3773 743 3832 cunctis
765 3790 863 3850 prope
879 3771 1114 3849 exemplaribus
1130 3772 1332 3850 evangelium
1349 3773 1431 3832 finiri
1447 3792 1476 3832 v.
1491 3775 1521 3845 8,

184 3869 264 3930 bene
287 3871 333 3929 oh‘
346 3870 455 3929 oculos
476 3868 659 3929 habendum
682 3876 729 3928 est
748 3887 823 3929 eum
844 3870 944 3930 solum
963 3869 1050 3947 loqui
1068 3887 1160 3947 posse
1175 3869 1214 3929 de
1232 3870 1269 3929 iis
1286 3887 1365 3946 quae
1382 3871 1451 3949 ipse
1465 3889 1522 3932 no·

184 3968 275 4028 verit.
294 3968 431 4027 Marinus
447 3968 508 4027 tale
525 3968 687 4044 exemplar
702 3985 864 4044 nunquam
881 3967 1006 4027 novisse
1021 3967 1154 4027 videtur.
1173 3966 1256 4038 Quid
1272 3968 1298 4027 si
1313 3968 1469 4029 Eusebius
1483 3968 1522 4029 ad

184 4065 391 4126 minuendam
408 4065 628 4125 difficultatem
643 4065 751 4140 aliqua
767 4066 869 4126 utitur
883 4065 1145 4143 exaggeratione?
1160 4065 1246 4142 quod
1263 4083 1300 4126 co
1316 4067 1413 4145 magis
1428 4068 1523 4127 artili-

184 4165 233 4225 cio
249 4165 386 4224 oratorio
402 4164 539 4223 adscribi
556 4168 677 4241 potest,
695 4163 768 4240 quia
786 4163 876 4223 initio
892 4165 994 4223 solum
1013 4162 1092 4222 dixit
1106 4180 1175 4222 eam
1191 4170 1312 4241 partem
1329 4182 1393 4225 non
1408 4165 1441 4225 in
1456 4183 1525 4226 om·

185 4262 277 4322 nibus
293 4262 405 4321 haberi
422 4260 669 4339 exemplaribus.
689 4260 825 4321 Proinde
841 4262 867 4319 si
883 4261 964 4321 duae
980 4260 1039 4320 hae
1055 4262 1230 4321 sententiae
1248 4263 1330 4322 inter
1345 4280 1378 4322 se
1393 4279 1523 4342 compo·

183 4366 314 4427 nuntur,
335 4377 489 4419 numerus
510 4359 744 4436 exemplarium
766 4375 846 4435 quae
865 4376 935 4418 cum
953 4377 980 4416 r.
1001 4359 1125 4418 Elinire
1141 4360 1295 4420 Eusebius
1311 4378 1422 4420 revera
1434 4363 1524 4422 novit

185 4476 247 4516 non
269 4457 486 4517 videturesse
509 4456 589 4516 adeo
612 4474 758 4534 magnus.
782 4455 863 4525 Ouid
885 4456 911 4513 si
933 4456 1084 4516 etiamad
1107 4456 1264 4517 iudicium
1286 4458 1363 4519 illud
1384 4460 1438 4535 qui
1459 4460 1523 4519 sint

183 4555 321 4612 accurati
337 4555 462 4615 codices
476 4555 576 4615 valuit
591 4554 677 4632 quod
696 4554 816 4613 Marino
833 4555 939 4612 scribit
957 4572 963 4612 ε
981 4572 1017 4615 ea
1033 4568 1265 4633 supervacanea
1281 4555 1380 4617 videri
1398 4556 1522 4638 (περιττὰ

218 4767 237 4810 1.
250 4762 331 4810 Locus
347 4754 412 4805 alter
435 4759 470 4818 (in
485 4763 588 4807 ascens.
612 4761 640 4807 D.
656 4764 682 4808 et
695 4758 720 4806 in
742 4757 846 4821 princip.
870 4760 926 4805 Act.
948 4757 980 4806 ll.
1000 4772 1022 4806 n.
1044 4764 1071 4816 ὃς
1092 4761 1128 4809 M.
1143 4760 1239 4820 mel)
1260 4759 1354 4810 dubius
1372 4765 1411 4811 est
1423 4761 1489 4811 sitne
1506 4775 1520 4810 a

184 4845 208 4894 S.
224 4843 414 4904 chrysostomo,
431 4839 550 4900 quamvis
562 4838 637 4888 valde
655 4838 785 4901 probabile
796 4838 828 4887 sit
845 4852 868 4886 n.
882 4842 942 4886 8-10
956 4839 1082 4900 pertinere
1102 4840 1134 4889 ad
1149 4841 1283 4902 genuinam
1302 4853 1322 4889 s.
1344 4840 1459 4892 doctoris
1473 4842 1520 4892 ho-

183 4924 287 4974 millam.
