3960 5654
193 453 253 515 392
396 483 398 486 ·
714 468 803 512 nanc.
828 454 875 523 lt,
898 449 1005 512 eso-52.

193 606 305 692 magis
319 605 543 670 consentanea
562 603 612 665 est
623 601 751 681 verbis,
770 603 817 668 ita
832 601 961 688 potiore
977 624 1074 669 sensu
1093 608 1127 669 et
1142 599 1393 685 significatione
1413 624 1516 688 prae-

192 718 270 778 stat.

235 822 309 882 lesu
327 818 440 879 autem
466 813 679 901 apprehenso
702 839 733 880 v.
760 822 801 882 50
826 825 904 878 tunc
926 815 1088 904 discipali
1114 816 1184 880 eins
1203 812 1430 903 relinquentes
1443 833 1520 877 cum

190 942 305 989 omnes
325 919 509 1009 superatne·
532 921 575 986 cl.
602 944 633 988 v.
661 929 758 1002 2¹13«
785 919 946 1006 impletur
971 941 1082 987 sermo
1107 921 1238 987 Domini
1258 942 1361 1006 quem
1388 919 1521 985 dixerat

189 1026 283 1116 quod
298 1048 416 1092 omnes
432 1026 589 1114 discipuli
607 1028 920 1095 scandalizarentur
937 1029 970 1093 in
994 1027 1051 1093 illo
1076 1030 1111 1092 in
1129 1028 1201 1116 ipsa
1223 1034 1332 1093 nocte.
1355 1032 1439 1092 Nam
1458 1025 1522 1090 etsi

187 1117 291 1199 turba
308 1134 529 1223 permittente
548 1134 592 1200 ad
605 1137 803 1225 petitionem
826 1134 953 1198 Domini
976 1135 1154 1218 lugerunt,
1177 1139 1214 1199 ut
1231 1138 1373 1199 loannes
1388 1132 1519 1208 scribit,

187 1261 351 1328 pavorem
364 1245 478 1306 tamen
493 1263 533 1307 ac
543 1241 760 1307 timiditatem
773 1261 852 1304 suae
862 1243 984 1306 mentis
998 1240 1233 1314 ostendebant,
1251 1240 1343 1327 quod
1359 1240 1402 1306 ad
1419 1240 1522 1325 fugae

187 1345 396 1434 praesidium
414 1350 638 1437 promptiores
657 1368 761 1435 quam
776 1345 820 1410 ad
837 1345 995 1412 fiduciam
1016 1346 1164 1433 patiendi
1184 1368 1262 1413 cum
1278 1347 1410 1413 Christo
1423 1347 1521 1412 exsti-

185 1460 300 1519 terant
322 1481 338 1514 »
357 1453 487 1544 (Beda).
508 1460 557 1520 En
572 1452 745 1542 quomodo
769 1460 944 1539 praesente
963 1452 1114 1540 periculo
1130 1453 1229 1518 sortia
1250 1454 1305 1518 illa
1324 1453 1468 1518 consilia
1490 1458 1524 1518 et

186 1561 428 1649 promissiones
448 1562 688 1647 magnanimae
704 1559 816 1624 subito
830 1558 1050 1625 conciderunt
1074 1567 1107 1623 et
1126 1560 1222 1646 quasi
1244 1560 1279 1624 in
1302 1580 1416 1625 aerem
1440 1579 1522 1626 eva-

187 1673 339 1734 nuerunt
350 1668 397 1758 (v.
416 1668 489 1755 llll!
504 1672 610 1744 Quam
620 1665 744 1730 debilis
758 1673 807 1731 est
822 1666 923 1730 homo
933 1666 1000 1730 suis
1016 1665 1145 1730 viribus
1156 1665 1300 1732 confisus
1315 1673 1348 1731 ct
1366 1666 1519 1731 relictus!

187 1773 379 1841 Periculum
396 1775 524 1863 pariter
538 1778 571 1838 et
583 1773 739 1838 timorem
753 1774 859 1838 altero
871 1772 1026 1859 exemplo
1041 1770 1203 1837 describit
1219 1795 1248 1837 v.
1269 1780 1308 1838 51
1327 1772 1523 1838 adolescens

186 1893 303 1947 autem
331 1880 474 1970 quidum
505 1877 708 1968 sequebatur
737 1901 813 1944 eum
842 1879 984 1943 amictus
1002 1878 1141 1943 sindone
1163 1901 1263 1967 snper
1282 1878 1391 1961 nudo,
1412 1878 1520 1944 solum

187 1993 294 2053 tectus
308 1987 413 2052 linteo
427 1998 461 2052 et
476 1997 656 2052 tenuerant
671 2005 770 2066 ercam
790 2007 820 2048 v.
837 1991 879 2050 5²2
896 1997 933 2049 ct
948 1985 1006 2050 ille
1021 1986 1144 2050 reiecta
1166 1987 1323 2066 sindone,
1348 1985 1452 2052 linteo
1469 2008 1522 2051 rc·

186 2093 269 2160 licto
294 2094 331 2159 in
352 2114 472 2159 eorum
497 2092 669 2172 manibus,
694 2090 807 2157 nudus
829 2091 982 2179 prosapie
1002 2091 1058 2178 (ab
1087 2093 1162 2170 eis);
1183 2114 1262 2157 cum
1284 2093 1392 2157 solum
1420 2092 1524 2158 linteo

187 2201 316 2267 cinctus
340 2205 550 2288 sequeretur,
580 2197 894 2287 probabilissimum
930 2198 1063 2264 videtur
1099 2220 1175 2264 eum
1210 2200 1354 2264 tumultu
1383 2207 1416 2264 et
1437 2206 1523 2265 stre-

188 2307 263 2397 pitu
281 2305 541 2373 adventantium
566 2313 600 2371 et
625 2310 733 2371 lesum
755 2305 997 2370 abducentium
1020 2327 1038 2370 e
1060 2327 1179 2370 somno
1199 2314 1231 2370 et
1247 2306 1331 2371 lecto
1346 2328 1416 2371 cssc
1432 2308 1523 2372 exci-

188 2418 298 2480 tatum
321 2419 354 2479 et
367 2434 557 2499 egressum,
574 2419 610 2478 ut
625 2413 708 2500 quid
729 2414 776 2477 rei
795 2422 880 2477 esset
893 2411 1039 2485 rideret;
1059 2434 1164 2499 quare
1180 2412 1321 2478 domum
1342 2412 1524 2479 incoluisse

188 2519 325 2586 videtur
347 2521 383 2586 in
408 2521 505 2587 horto
528 2520 582 2585 vel
598 2541 704 2607 prope
725 2519 874 2584 hortum.
892 2522 958 2583 Cur
979 2523 1104 2583 llarcus
1127 2519 1161 2584 id
1191 2520 1333 2597 rclcrat,
1358 2521 1445 2585 ratio
1461 2521 1525 2584 crit

190 2627 398 2714 assignanda
414 2648 493 2693 cum
513 2625 634 2706 Mala,
652 2632 690 2692 ut
708 2625 898 2691 declaretur
911 2634 1038 2713 quanta
1056 2626 1156 2690 lucrit
1172 2626 1317 2691 militum
1337 2627 1478 2692 saevitia
1493 2634 1527 2691 et

191 2734 313 2822 quanti
332 2733 434 2800 etiam
451 2734 596 2823 periculi
621 2737 730 2798 lesum
750 2734 846 2821 sequi
866 2739 900 2797 et
922 2754 1025 2821 quam
1051 2755 1154 2818 grave
1178 2733 1379 2799 ludaeorum
1407 2733 1526 2799 odium

190 2861 261 2907 non
282 2839 393 2905 solum
414 2840 448 2905 in
473 2844 599 2920 lesum,
616 2840 675 2905 sed
695 2840 796 2905 etiam
821 2841 854 2904 in
883 2840 1016 2927 eosqui
1046 2839 1156 2927 ipsum
1177 2849 1401 2927 sequerentur
1421 2841 1526 2926 (simi-

191 2947 269 3013 liter
305 2947 395 3011 lans.
434 2948 501 3012 l'ir.
531 2945 679 3034 Scheqq,
712 2947 771 3011 Fil.
811 2946 948 3032 Poelzl).
982 2947 1091 3011 Fuisse
1124 2947 1371 3011 adolescentem
1403 2947 1526 3012 Christi

193 3051 400 3133 studiosum,
422 3075 460 3117 ex
480 3074 519 3118 eo
541 3052 656 3138 colligi
682 3073 777 3140 posse
793 3053 1020 3118 communiter
1039 3052 1154 3117 dicunt
1175 3052 1267 3140 quod
1290 3057 1417 3117 llarcus
1435 3053 1527 3118 dicat

194 3181 273 3225 eum
293 3159 463 3225 Christum
477 3164 629 3224 secutum
646 3180 716 3223 esse
741 3163 774 3223 et
800 3158 890 3245 quod
916 3159 1036 3223 milites
1052 3181 1127 3223 eum
1153 3161 1251 3247 quasi
1270 3160 1393 3224 Christi
1419 3166 1525 3224 secta-

193 3272 303 3332 torem
325 3272 358 3332 et
386 3264 598 3331 defensorem
630 3264 843 3352 prehendere
870 3266 1038 3330 voluerint
1058 3264 1201 3351 illam-l·
1223 3274 1312 3341 Quae
1328 3273 1441 3330 tamen
1458 3287 1527 3330 non

195 3379 281 3447 adeo
300 3380 401 3446 firma
428 3386 462 3446 ct
483 3386 572 3446 certa
602 3388 696 3456 sunt3
725 3402 803 3446 nam
825 3379 1032 3448 comaclo-illa
1053 3382 1134 3458 αὐτῷ
1160 3381 1296 3470 proprie
1316 3381 1399 3446 dicit
1427 3403 1434 3446 :
1460 3403 1528 3446 una

197 3509 276 3553 curn
288 3486 376 3567 aliis,
395 3508 556 3553 unacum
577 3487 678 3553 turba
694 3509 770 3553 cum
789 3496 921 3553 secutus
938 3496 986 3553 est
1003 3487 1054 3552 vcl
1072 3488 1252 3552 comitatus
1267 3495 1332 3564 est;
1352 3509 1431 3553 cum
1446 3510 1527 3553 vero

198 3596 236 3659 ut
259 3599 459 3659 sectatorem
490 3594 611 3660 Christi
639 3616 708 3660 esse
731 3595 933 3681 prehensum
964 3617 1031 3659 non
1057 3595 1191 3658 dicitur.
1221 3599 1379 3659 l'otcrant
1404 3593 1528 3659 milites

198 3698 235 3765 id
253 3703 375 3788 putare
395 3705 428 3765 et
446 3701 689 3766 verisimillime
710 3708 889 3788 putarunt;
917 3708 1074 3788 poterant
1091 3702 1190 3766 ctiam
1209 3723 1287 3765 eum
1306 3701 1391 3765 velle
1410 3723 1528 3767 vexare

199 3806 365 3894 quianon
385 3813 457 3873 erat
480 3828 568 3872 unus
582 3829 622 3873 ex
638 3808 695 3872 cis.
719 3807 882 3872 Subtilins
905 3817 953 3873 cst
973 3809 1063 3895 quod
1086 3808 1212 3872 habent
1233 3807 1313 3871 Berl.
1329 3807 1525 3885 Salaeca-on,

199 3934 278 3979 cum
300 3913 370 3978 dici
392 3914 519 3999 fugisse
538 3934 602 3979 non
622 3936 642 3978 a
663 3913 823 3979 comitatu
850 3916 976 3979 llomiui
1003 3916 1052 3980 rel
1079 3916 1121 3978 ah
1148 3937 1188 3979 eo
1207 3913 1395 4001 sequendo,
1413 3914 1529 3980 seduli

199 4018 259 4098 cis,
282 4020 326 4085 ab
346 4020 500 4086 hostibus
516 4042 661 4109 quorum
681 4026 714 4084 et
728 4025 953 4107 praesentiam
975 4021 1157 4085 ‹letestatus
1171 4023 1213 4084 sit
1228 4028 1260 4085 et
1277 4022 1376 4086 lacta.

240 4230 256 4261 α
278 4207 354 4278 Quis
375 4208 434 4268 iste
456 4208 551 4268 luerit
569 4208 751 4267 adolescens
771 4225 834 4266 non
854 4208 956 4267 solum
977 4209 1108 4267 delinire
1126 4209 1339 4276 temerarium,
1356 4209 1412 4267 sed
1432 4210 1529 4268 etiam

199 4321 352 4380 quaerere
368 4306 504 4365 nimium
518 4307 678 4365 curiosum
691 4305 842 4376 dicerem,
860 4307 919 4363 nisi
935 4307 1033 4364 bonos
1048 4305 1186 4365 riderem
1200 4314 1342 4365 auctores
1357 4313 1529 4383 utrumque

199 4400 310 4461 secisse
328 4426 342 4457 »
361 4401 497 4480 (Malu).
515 4405 640 4462 Cortum
657 4408 704 4461 est
718 4420 790 4462 eum
807 4421 901 4461 unum
914 4422 949 4462 ex
964 4405 1114 4479 apostolis
1132 4422 1192 4462 nou
1208 4404 1317 4463 luisse.
1337 4407 1401 4463 lloc
1417 4406 1528 4463 certis-

198 4498 278 4558 sime
291 4501 434 4576 sequitur
448 4519 485 4560 ex
503 4502 597 4560 modo
613 4500 759 4560 narrandi
774 4501 804 4558 in
820 4519 847 4557 r.
865 4500 912 4557 50,
933 4504 965 4558 :51
985 4520 990 4556 :
1010 4501 1157 4578 ilisclpuli
1175 4522 1274 4558 aerinas
1291 4503 1350 4559 iam
1369 4501 1529 4578 sugerunt,

197 4599 265 4656 turn
280 4596 466 4657 adolescens
488 4596 614 4678 qaudam
631 4617 689 4659 una
708 4616 780 4657 cum
803 4598 891 4656 turha
913 4599 1101 4673 soquclmlur
1120 4600 1234 4657 lusum.
1253 4599 1353 4668 Quare
1372 4618 1427 4658 nce
1443 4601 1528 4677 cogi-

196 4695 330 4753 tandum
347 4696 408 4754 erit
423 4696 462 4755 dc
479 4698 607 4769 loannc,
626 4714 722 4774 quern
738 4696 970 4755 adolescentem
989 4697 1077 4754 illum
1096 4699 1189 4755 laiss·¹
1206 4704 1336 4755 consent
1351 4697 1380 4756 S.
1400 4697 1530 4775 Chryso-

195 4789 285 4868 logus
305 4789 411 4868 (serm.
430 4795 482 4865 78;
501 4792 543 4852 ll.
561 4795 696 4870 baldo),
715 4795 881 4871 Gregorius
899 4795 1016 4851 'lloral
1040 4798 1140 4855 itio:
1160 4797 1198 4852 ll.
1219 4796 1373 4869 issula).
1394 4796 1530 4854 Pseudo-

195 4887 437 4965 Chrysostomus
451 4891 481 4949 in
495 4891 545 4950 rs.
562 4894 598 4951 13
613 4890 668 4968 (n.
687 4894 822 4967 55553).
839 4891 918 4949 llcrla
935 4892 963 4947 in
981 4891 1009 4949 h.
1027 4893 1045 4949 l.
1068 4895 1224 4957 llnismus,
1240 4893 1393 4951 baronius
1410 4891 1461 4950 lad
1477 4910 1526 4950 an.

111 5222 260 5304 Q
