3960 5654
368 707 509 793 blicani)
531 710 564 769 et
582 698 814 787 sequebantur
832 725 911 770 eum
931 703 1034 768 etiam
1053 701 1186 770 scribae
1211 703 1470 793 pharisaeorum
1490 709 1523 768 et
1542 700 1696 770 videntes

366 816 447 903 quia
470 806 691 877 manducaret
709 830 786 875 cum
810 806 1003 898 publicanis
1023 812 1055 872 et
1079 809 1318 896 peccatoribus
1335 807 1501 877 dicebant
1518 812 1581 874 etc.
1605 812 1695 886 Quae

364 929 478 988 tamen
498 912 678 1002 explicatio
698 917 799 982 etiam
818 922 868 981 est
884 912 1068 1000 impedita;
1090 937 1169 983 nam
1187 915 1312 982 multos
1330 914 1476 984 adfuisse
1496 914 1696 1005 publicanos

364 1023 463 1091 modo
476 1021 607 1087 dictum
620 1030 685 1103 est;
703 1021 746 1086 ad
761 1020 845 1108 quid
862 1018 968 1104 igitur
982 1024 1167 1110 repetitur?
1179 1021 1259 1087 dein
1275 1041 1353 1086 cum
1373 1025 1462 1088 lesus
1478 1023 1611 1116 dicatur
1625 1020 1694 1087 iam

362 1131 504 1196 domum
525 1129 697 1215 ingressus
711 1133 744 1190 et
760 1128 793 1190 in
812 1123 915 1190 domo
931 1128 1148 1209 accumbere,
1169 1129 1295 1192 iterum
1315 1133 1450 1215 oportet
1468 1120 1696 1217 sequebantur

358 1233 488 1301 scribae
508 1236 677 1325 explicare
691 1239 843 1319 tempore
867 1231 1201 1324 plusquamperfecto
1224 1256 1231 1297 :
1255 1233 1360 1300 secuti
1380 1255 1460 1299 eum
1479 1242 1575 1301 erant
1594 1241 1627 1302 et
1643 1235 1693 1299 vi-

358 1341 472 1410 dentes
491 1342 653 1408 dicebant
667 1344 729 1404 etc.
748 1342 856 1415 Quare
873 1338 1022 1406 secunda
1038 1338 1219 1427 explicatio
1237 1338 1462 1430 praeferenda
1475 1341 1611 1407 videtur
1626 1363 1695 1432 qua

355 1453 388 1514 et
402 1449 532 1540 aliquid
548 1446 628 1513 novi
642 1450 805 1510 narratur
818 1451 852 1511 et
866 1446 901 1511 in
915 1443 1144 1536 sequebantur
1158 1467 1234 1512 eum
1247 1446 1284 1513 id
1298 1445 1501 1536 exprimitur
1511 1447 1601 1534 quod
1616 1469 1695 1536 pro·

357 1557 471 1645 prium
491 1562 542 1622 est
558 1549 802 1640 discipulorum
822 1573 902 1618 eum
922 1552 1019 1641 sequi
1039 1552 1213 1619 continuo.

399 1663 539 1730 Scribae
558 1662 593 1725 in
608 1657 750 1723 domum
772 1657 950 1747 publicani
969 1664 1003 1723 et
1023 1659 1211 1746 peccatoris
1225 1681 1296 1725 uon
1311 1664 1391 1726 sunt
1407 1661 1562 1746 ingressi.
1580 1663 1694 1749 Neque

353 1769 390 1835 id
411 1790 498 1859 opus
518 1771 590 1833 erat
615 1770 651 1830 ut
669 1770 807 1853 possent
827 1763 944 1830 videre
964 1769 1074 1831 lesum
1094 1786 1232 1831 mensae
1250 1764 1508 1833 accumbentem
1526 1788 1606 1832 cum
1631 1788 1693 1856 pu-

355 1875 517 1955 blicanis3
536 1896 567 1938 v.
587 1878 627 1938 16
641 1884 674 1937 et
686 1869 814 1937 scribae
828 1883 862 1936 et
872 1869 1064 1960 pharisoei,
1079 1872 1266 1939 secundum
1282 1871 1459 1939 lectionem
1471 1872 1575 1940 aliam
1592 1896 1599 1941 :
1616 1873 1695 1940 scri-

357 1982 421 2049 bae
442 1980 702 2071 pharisaeorum
722 1978 745 2044 i.
768 1999 798 2043 e.
818 1978 877 2066 qui
900 1999 920 2043 a
941 1979 1097 2066 partibus
1111 1984 1209 2044 erant
1224 1978 1482 2068 pharisaeorum
1501 1984 1534 2045 et
1550 1979 1695 2069 proinde

356 2109 460 2178 quam
476 2086 620 2152 maxime
635 2084 859 2150 aemulatores
872 2084 957 2170 legis
970 2083 1015 2149 ab
1032 2085 1218 2151 amnicum
1234 2085 1470 2174 peccatoribus
1481 2087 1695 2153 contamina·

357 2196 448 2260 tione
469 2190 712 2260 abstinendum
728 2211 798 2257 esse
820 2189 1005 2271 docebant,
1025 2190 1175 2257 videntes
1198 2191 1282 2282 quia
1301 2190 1524 2259 manducaret
1540 2215 1618 2258 cama
1633 2215 1695 2282 pu-

357 2298 501 2367 blicanis
515 2310 548 2365 et
559 2296 796 2389 peccatoribus
811 2295 967 2363 dicebant
982 2296 1161 2386 discipulis
1173 2299 1242 2365 eius
1257 2318 1269 2364 .·
1285 2320 1392 2387 quare
1407 2320 1485 2365 cum
1499 2291 1695 2389 publicanis

356 2405 631 2497 etpeccatoritus
641 2402 826 2471 xnanducat
838 2415 871 2470 et
881 2401 961 2469 bita
973 2405 1135 2493 mapisler
1144 2408 1275 2471 vester?
1285 2404 1470 2496 discipulos
1479 2405 1694 2493 aggrediun-

353 2521 421 2597 tur,
440 2520 477 2581 ut
491 2536 547 2581 eos
561 2518 699 2592 vexent,
719 2534 740 2578 a
754 2515 827 2577 lesu
840 2515 995 2577 avertant
1010 2517 1185 2600 sperantes
1198 2533 1234 2578 se
1248 2512 1290 2578 iis
1307 2512 1406 2579 facile
1422 2535 1520 2603 posse
1538 2514 1588 2579 rei
1603 2512 1693 2580 iudi-

353 2622 520 2709 gnitatem
540 2618 765 2710 persuadere3
790 2619 903 2707 ipsum
922 2616 1018 2684 adire
1038 2618 1242 2705 magistrum
1262 2624 1424 2687 verentur
1440 2620 1569 2710 quippe
1589 2642 1693 2710 quem

352 2728 448 2795 'haud
462 2729 603 2816 impune
621 2726 738 2792 lacessi
754 2724 809 2790 vel
825 2722 1033 2813 reprehendi
1047 2726 1117 2791 iam
1132 2730 1231 2792 erant
1245 2727 1388 2815 experti.
1405 2726 1514 2794 Simul
1529 2748 1569 2793 ea
1584 2727 1691 2794 ullen-

354 2837 447 2902 sione
461 2833 680 2901 manifestant
688 2853 723 2898 se
736 2852 873 2921 prorsus
883 2831 970 2897 nihil
982 2831 1143 2898 didicisse
1154 2854 1194 2899 ex
1202 2854 1242 2899 eo
1254 2831 1347 2922 quod
1362 2831 1514 2901 Christus
1523 2834 1587 2900 sibi
1598 2855 1690 2900 com·

352 2948 467 3033 petere
481 2946 683 3029 potestatem
696 2936 891 3005 dimittendi
903 2945 1043 3027 peccata
1056 2939 1222 3006 miraculo
1238 2937 1407 3028 probavit.
1426 2940 1495 3006 Tali
1509 2940 1690 3008 enimcum

353 3049 397 3115 sit
406 3053 569 3138 potestate
579 3047 779 3127 instructus,
794 3048 990 3133 peccatores
1001 3045 1074 3111 vult
1083 3051 1116 3112 et
1126 3045 1230 3112 debet
1241 3066 1450 3136 praeparare
1463 3054 1497 3113 et
1511 3046 1692 3136 disponere

355 3154 398 3222 ad
418 3152 651 3221 remissionem
670 3150 922 3241 accipiendam;
945 3152 1090 3241 proinde
1109 3151 1249 3219 debebit
1268 3173 1347 3219 cum
1369 3154 1411 3220 iis
1429 3175 1549 3241 agere,
1572 3176 1628 3221 eos
1646 3154 1691 3221 ad

354 3284 388 3328 se
408 3261 561 3343 allicere,
589 3260 629 3326 iis
648 3280 709 3325 sua
730 3258 888 3324 comitate
913 3262 946 3323 et
969 3258 1169 3325 affabilitate
1191 3259 1325 3326 animos
1344 3259 1483 3327 addere.
1507 3265 1648 3350 lnsuper
1663 3263 1691 3328 si

355 3390 501 3455 regnum
521 3368 580 3433 Dei
599 3365 841 3433 intellexissent
860 3364 926 3430 tale
946 3364 1049 3453 quale
1068 3387 1089 3430 a
1108 3365 1286 3454 prophetis
1305 3372 1338 3433 et
1360 3388 1382 3432 a
1400 3371 1526 3434 loanne
1545 3367 1692 3457 baptista

354 3473 636 3553 annuntiabatur,
654 3474 758 3538 etiam
772 3471 963 3561 perspicere
980 3475 1139 3561 poterant
1155 3478 1189 3538 et
1205 3470 1378 3540 debebant
1394 3474 1629 3563 peccatoribus
1642 3475 1689 3542 ol-

354 3582 435 3648 ferri
455 3581 599 3648 salutem
620 3578 677 3668 (cs.
694 3582 734 3644 ls.
754 3582 830 3659 t,t;
852 3581 949 3660 ta,3;
975 3584 1066 3660 19,9.
1090 3583 1152 3645 ler.
1176 3584 1268 3660 332.
1291 3585 1345 3647 Ez.
1368 3586 1469 3663 3625
1486 3589 1549 3647 etc.
1572 3581 1687 3649 llatth.

354 3694 423 3771 3,t.
441 3688 488 3777 8).
1157 3750 1161 3757 .

396 3793 588 3883 Respondet
602 3793 755 3859 Christus
771 3790 874 3857 modo
889 3790 1116 3881 proverbiali,
1133 3792 1193 3859 sed
1209 3814 1248 3859 eo
1263 3814 1332 3883 quo
1348 3815 1383 3860 se
1397 3795 1499 3861 simul
1513 3802 1689 3886 tamquam

352 3909 561 3970 servatorem
578 3906 612 3966 et
626 3903 857 3987 reparatorem
878 3897 1030 3964 declaret
1046 3920 1077 3963 v.
1099 3906 1140 3964 17
1157 3897 1220 3965 loc
1234 3899 1354 3966 audito
1369 3900 1422 3966 ait
1435 3900 1503 3968 illis
1519 3923 1530 3967 :
1550 3924 1620 3969 reon
1633 3925 1690 3970 ne·

355 4032 441 4077 cesse
460 4008 585 4075 labent
601 4005 678 4073 sani
696 4003 825 4071 medico
844 4003 906 4071 sed
920 4003 983 4094 qai
1003 4002 1094 4071 male
1109 4004 1256 4089 tabent·
1275 4029 1359 4095 ergo
1375 4029 1411 4075 se
1429 4008 1600 4075 medicum
1617 4031 1688 4077 esse

353 4119 400 4183 ait
414 4117 550 4203 generis
562 4114 704 4180 humaui
722 4113 868 4201 peccatis
883 4110 1027 4200 perditi;
1045 4112 1089 4177 cl.
1110 4117 1149 4180 ls.
1168 4119 1247 4194 35,t
1263 4117 1350 4181 Deus
1363 4116 1433 4204 ipse
1449 4116 1561 4182 veniet
1575 4122 1608 4183 et
1622 4116 1688 4184 sal-

354 4223 448 4290 vabit
462 4245 536 4302 vos,
554 4227 633 4303 53,5
650 4221 756 4286 livore
777 4220 850 4285 eius
867 4219 976 4285 sanati
997 4240 1125 4285 sumus.
1148 4224 1217 4286 lam
1233 4221 1260 4286 si
1276 4220 1427 4288 medicus
1446 4228 1510 4298 est,
1533 4229 1689 4310 aegrotos

355 4328 574 4407 debetadire;
591 4327 673 4418 quid
685 4327 794 4412 magis
806 4345 1017 4414 consequens
1027 4347 1098 4392 esse
1112 4329 1240 4415 potest‘l
1251 4333 1284 4393 et
1294 4349 1362 4417 quo
1373 4327 1449 4416 quis
1458 4329 1646 4397 maioribus
1656 4337 1689 4397 et

353 4435 510 4526 pluribus
527 4437 673 4525 peccatis
693 4440 741 4499 est
755 4431 955 4521 implicitus,
969 4453 1009 4497 eo
1028 4433 1155 4498 maiore
1171 4433 1368 4501 necessitate
1386 4435 1564 4502 adeundas
1580 4443 1688 4504 erata

356 4543 498 4609 medico.
519 4543 579 4608 llla
593 4543 699 4628 igitur
713 4539 901 4606 scribarum
919 4539 1116 4627 quaestione
1131 4539 1250 4628 patefit
1265 4561 1321 4606 eos
1332 4563 1376 4608 ne
1392 4543 1534 4608 minime
1548 4542 1685 4631 quidem

355 4674 395 4718 ex
418 4648 541 4735 agendi
569 4647 782 4737 docendique
801 4646 931 4712 ratione
953 4649 1023 4710 lesu
1049 4644 1083 4709 id
1107 4646 1297 4735 percepisse
1321 4648 1415 4736 quod
1439 4655 1551 4715 tamen
1581 4672 1686 4739 quam

354 4757 500 4824 maxime
513 4756 546 4820 in
561 4760 680 4843 aperto
691 4761 764 4821 erat
778 4754 941 4845 positum,
961 4756 1070 4818 lesum
1082 4751 1154 4817 scil.
1171 4752 1212 4819 ad
1228 4752 1265 4820 id
1278 4755 1372 4821 omni
1383 4754 1525 4822 tendere
1541 4765 1683 4840 conatu,

355 4870 392 4931 ut
416 4883 552 4929 morum
576 4861 849 4927 emendationem
867 4858 959 4949 apud
984 4880 1100 4925 omnes
1121 4859 1250 4927 efficiat
1268 4867 1300 4928 et
1319 4861 1485 4952 populum
1505 4862 1549 4930 ad
1569 4886 1685 4932 reram

354 4972 515 5061 pietatem
532 4969 697 5035 instituat.
714 4973 822 5046 Quare
836 4973 925 5034 lesus
939 4967 1147 5034 locutionem
1160 4967 1254 5036 illam
1268 4969 1521 5059 proverbialem
1537 4973 1686 5064 propriis
