3960 5654
1064 314 1155 359 nnnc.
1179 294 1229 367 10,
1252 295 1316 357 Μ.
1800 286 1863 358 2θῖ

525 442 663 528 licetne,
686 445 736 511 uti
757 444 953 538 saepiussi,
974 446 1005 513 si
1025 468 1065 515 eo
1091 443 1195 514 modo
1215 442 1418 526 adhibetur3
1443 443 1488 511 cl.
1511 444 1626 512 llatth.
1650 451 1762 528 12,10,
1783 447 1857 514 viro
1951 493 1954 499 «

527 571 665 620 uxorem
683 548 852 622 dimittere
857 575 873 638 ,·
892 552 1078 620 Matthaeus
1092 550 1422 642 procontribulibus
1437 548 1571 617 ludaeis
1585 552 1736 619 scribens
1749 573 1856 641 quae-

524 659 666 726 stionem
681 657 729 724 ita
747 659 907 749 ponituti
919 659 1012 748 apud
1025 657 1187 726 rabbinos
1202 657 1404 745 agitabatur
1418 662 1450 723 et
1467 663 1570 746 prout
1582 664 1672 725 certe
1682 657 1855 747 pharisoei
1945 652 1948 657 ⁴

524 785 660 855 quoque
675 765 806 833 Christo
822 767 1063 855 proponebant
1075 770 1279 852 quaerentes
1291 763 1437 830 liceatne
1452 785 1670 853 quacumque
1684 785 1724 830 ex
1739 786 1852 834 carue.

524 877 650 937 llarous
669 871 827 939 Romanis
852 872 1003 939 scribens
1022 872 1117 938 illam
1143 870 1410 960 disputationem
1431 868 1647 937 rabbinicam
1673 869 1799 938 omittit
1822 877 1855 938 et

523 977 751 1066 quaestionem
762 979 1042 1069 ponitproutpro
1052 977 1853 1067 gentibusaptaeratetproutChristusquoque

523 1080 567 1148 ad
586 1104 661 1151 eam
680 1083 863 1174 respondet
880 1086 951 1151 scil.
975 1085 1236 1152 matrimonium
1251 1083 1336 1149 solvi
1349 1105 1420 1149 non
1437 1105 1555 1173 posse;
1575 1096 1740 1150 tentantes
1755 1105 1849 1168 eum,

522 1211 543 1256 ο
557 1188 751 1270 stultitiam,
770 1190 935 1258 exclamat
957 1193 1054 1272 Vict„
1069 1189 1330 1258 arbitrabantur
1346 1191 1379 1256 ei
1395 1211 1431 1255 os
1445 1189 1628 1256 occludere
1644 1190 1851 1280 quaestioni-

522 1295 586 1363 bus
606 1298 760 1387 quamvis
776 1298 844 1365 iam
866 1297 1111 1365 documentum
1129 1296 1233 1364 huius
1255 1297 1389 1363 virtutis
1414 1296 1545 1385 experti
1565 1302 1691 1380 essent,
1712 1297 1851 1386 quando

521 1401 563 1470 de
586 1403 727 1471 subbato
745 1404 855 1472 multa
878 1404 1132 1494 disceptabant,
1156 1403 1295 1493 quando
1312 1402 1474 1470 dicebant
1493 1423 1574 1469 eum
1591 1402 1848 1492 blasphemare,

520 1508 649 1576 habere
662 1508 881 1579 daemonium
895 1517 980 1593 ete.;
998 1510 1172 1577 tentabant
1184 1511 1208 1576 i.
1229 1531 1259 1576 e.
1278 1535 1294 1571 r
1314 1509 1463 1598 experiri
1481 1509 1667 1599 cupiebant
1680 1510 1851 1600 numquid

520 1613 674 1682 dicturus
695 1623 781 1684 essct
799 1617 896 1707 quod
913 1618 948 1684 in
962 1616 1172 1684 calumniam
1192 1638 1314 1706 rapere
1329 1621 1477 1706 possent.
1501 1616 1669 1683 Putabant
1682 1619 1850 1684 utrumvis

520 1721 738 1810 responderet
766 1722 945 1791 habituros
970 1746 1005 1790 se
1025 1723 1116 1812 quod
1135 1723 1449 1801 calumniarentur;
1476 1722 1615 1789 sienim
1635 1722 1763 1790 diceret
1780 1745 1849 1790 uon

520 1825 640 1909 licere,
658 1831 809 1897 accusari
823 1830 923 1897 illum
939 1853 1033 1920 posse
1048 1837 1226 1918 tamquam
1240 1829 1310 1917 legi
1329 1830 1558 1912 contrarium;
1580 1830 1607 1895 si
1625 1852 1703 1896 vero
1722 1829 1850 1898 diceret

519 1932 639 2019 licere,
664 1937 815 2004 accusari
840 1959 937 2028 posse
960 1937 1054 2004 illius
1081 1935 1274 2004 doctrinam
1294 1942 1471 2031 tamquam
1497 1936 1748 2025 imperfectam,
1770 1959 1849 2004 cum

519 2041 736 2130 perfectionis
756 2042 933 2110 videretur
948 2066 1019 2111 esse
1040 2045 1205 2129 magister
1234 2071 1250 2103 »
1279 2041 1414 2131 (lons).
1437 2048 1561 2110 Verum
1584 2040 1761 2110 lamudam
1784 2045 1849 2111 erit

408 2177 413 2188 ·
519 2146 604 2213 illud
621 2162 786 2216 tentantes
805 2149 904 2239 plene
919 2150 1079 2239 explicari
1094 2172 1134 2216 cx
1153 2148 1258 2217 modo
1272 2172 1341 2238 quo
1359 2149 1531 2238 pharisaei
1547 2171 1664 2216 revera
1678 2151 1847 2238 quaestio·

519 2274 597 2321 nem
611 2255 783 2345 ponebant
796 2256 890 2347 apud
905 2260 1121 2325 llatthaeum.
1135 2262 1266 2324 llarcus
1280 2257 1406 2323 malam
1420 2277 1539 2323 eorum
1554 2262 1703 2324 mentem
1715 2256 1847 2344 signifi-

518 2381 596 2427 care
615 2362 738 2443 voluit,
760 2386 828 2452 quo
847 2370 1013 2453 cuperent
1033 2368 1143 2431 lesum
1161 2363 1198 2429 in
1216 2384 1375 2430 sermone
1394 2385 1528 2452 capere.

564 2495 580 2528 «
602 2471 711 2555 lgitur
730 2470 892 2538 Dominus
912 2472 960 2537 sic
981 2491 1181 2560 responsum
1200 2474 1389 2559 temperat,
1409 2475 1448 2536 ut
1467 2468 1661 2560 decipulam
1680 2476 1844 2554 transeat,

518 2573 728 2664 scripturam
741 2582 893 2644 muctam
908 2577 1081 2644 adducens
1095 2577 1132 2642 in
1148 2577 1382 2644 testimonium
1397 2583 1431 2643 et
1445 2577 1639 2644 naturalem
1653 2578 1766 2665 legem
1779 2578 1849 2668 pri·

518 2702 677 2772 mamque
692 2682 749 2750 Dei
762 2685 967 2750 sententiam
982 2712 998 2744 »
1020 2683 1137 2772 (Beda)
1152 2705 1184 2749 v.
1202 2691 1222 2750 3
1235 2695 1272 2749 at
1285 2681 1345 2749 ille
1357 2682 1563 2772 respondens
1578 2683 1665 2750 dieat
1676 2684 1748 2751 cis:
1764 2684 1852 2775 quid

517 2786 608 2854 cobis
620 2789 796 2879 proecepit
816 2793 971 2879 Moyses?
990 2789 1041 2856 illi
1063 2795 1246 2857 recurrunt
1260 2789 1305 2856 ad
1322 2794 1418 2857 Deut.
1441 2793 1522 2871 Μ
1547 2797 1580 2856 et
1598 2812 1676 2857 cum
1691 2791 1848 2880 emphasi

518 2894 637 2963 dicunt
651 2889 807 2985 ἐπέτρεψεν
821 2894 958 2970 Μωυσῆς
975 2897 1138 2964 concessit
1151 2902 1278 2984 lloyses
1293 2918 1324 2961 v.
1343 2902 1362 2964 t
1378 2899 1512 2985 Moyses
1524 2896 1681 2985 permisit
1695 2896 1848 2966 libellum

517 3001 653 3092 repudii
668 3004 811 3070 scribere
832 3018 866 3071 et
883 3003 1073 3086 dimittere;
1091 3003 1186 3092 quod
1201 3003 1323 3069 attinet
1344 3003 1451 3070 verba
1467 3003 1702 3093 praecipiendi
1720 3010 1755 3071 et
1769 3027 1847 3095 per-

516 3108 671 3176 mittendi
693 3132 782 3201 quae
803 3110 861 3177 hic
875 3111 1049 3200 aliquibus
1063 3109 1227 3176 videntur
1244 3110 1438 3199 promiscue
1457 3109 1636 3191 adhiberi,
1653 3110 1740 3178 bene
1755 3117 1849 3180 notat

515 3217 603 3282 lans.
625 3237 637 3282 .·
657 3245 673 3277 «
694 3218 887 3284 constitutio
906 3220 996 3284 enim
1021 3217 1139 3303 Moysis
1159 3215 1347 3282 divortium
1369 3222 1527 3306 spectans
1546 3217 1697 3285 habebat
1717 3218 1848 3308 aliquid

514 3323 743 3410 permissionis
757 3330 790 3389 et
804 3323 934 3413 aliquid
951 3324 1138 3413 praecepti3
1157 3343 1237 3389 nam
1253 3323 1485 3413 permissionis
1500 3323 1565 3389 luit
1579 3323 1672 3413 quod
1686 3346 1754 3391 non
1770 3347 1849 3415 pro-

514 3427 650 3496 hiberet
670 3429 851 3497 divortium
871 3431 983 3496 lacere
998 3437 1030 3497 et
1048 3428 1203 3496 libellum
1226 3429 1363 3518 repudii
1384 3429 1555 3510 scribere;
1574 3433 1847 3520 praeceptivcro

515 3534 608 3623 quod
618 3538 837 3603 constitutum
853 3537 919 3604 luit
932 3559 1000 3603 non
1014 3558 1112 3625 posse
1127 3535 1315 3603 divortium
1330 3536 1406 3602 fieri
1419 3536 1486 3602 nisi
1500 3537 1644 3604 maritus
1658 3539 1755 3605 uxori
1767 3539 1848 3607 sori·

515 3640 610 3709 beret
620 3647 654 3708 et
664 3642 813 3710 traderet
826 3643 980 3709 libellum
994 3643 1144 3732 repudii.
1157 3648 1276 3732 ltaque
1286 3647 1508 3733 praeceptum
1515 3642 1581 3710 hoc
1589 3644 1847 3733 permissionem

515 3748 657 3815 includit
673 3757 705 3816 et
721 3750 897 3839 permissio
912 3757 1132 3840 praeceptum
1151 3777 1181 3815 ι).
1196 3754 1241 3815 Eo
1255 3751 1331 3838 ipso
1349 3748 1443 3838 quod
1454 3748 1642 3817 divortium
1654 3751 1753 3817 certis
1763 3772 1845 3818 con-

513 3853 700 3923 ditionibus
710 3856 924 3943 alligaretur,
943 3859 1011 3923 iam
1030 3856 1134 3923 etiam
1148 3857 1421 3945 prospiciebatur
1434 3876 1477 3922 ne
1490 3857 1601 3946 primo
1617 3864 1711 3924 aestu
1725 3878 1766 3923 ac
1778 3857 1846 3924 ser·

514 3983 593 4028 vore
607 3963 677 4030 irae
694 3962 864 4052 nequead
883 3961 1018 4029 libitum
1034 3985 1096 4052 pro
1111 3960 1257 4029 arbitrio
1272 3984 1312 4029 ac
1325 3962 1470 4030 libidine
1485 3961 1562 4029 fieri
1577 3971 1699 4053 posset.
1722 3967 1846 4031 Verum

515 4089 591 4134 eam
600 4090 734 4159 quoque
747 4069 1005 4159 permissionem
1017 4069 1164 4136 delicere
1174 4068 1220 4136 ab
1232 4067 1292 4136 illa
1307 4069 1518 4158 perfectione
1532 4092 1621 4158 quae
1637 4071 1709 4160 ipsa
1723 4071 1775 4138 rei
1789 4093 1846 4138 ua·

514 4183 592 4241 tura
604 4181 638 4242 et
653 4176 865 4243 ordinatione
882 4177 939 4242 [tei
954 4177 1102 4264 exigitur
1115 4181 1205 4244 lesus
1222 4175 1321 4244 docet
1337 4200 1358 4244 a
1373 4175 1476 4242 modo
1499 4177 1680 4244 creationis
1693 4183 1763 4245 eta
1786 4178 1845 4245 bei

515 4287 694 4370 praecepto
709 4282 835 4370 (lieth
852 4288 908 4350 v.5
923 4282 1048 4372 quidus
1066 4282 1271 4373 respondens
1286 4285 1379 4350 lesus
1396 4283 1445 4348 ait
1465 4282 1541 4350 :od
1553 4282 1716 4349 duritiam
1737 4284 1846 4353 corde's

514 4387 614 4454 vestri
624 4388 756 4475 scripsit
771 4388 862 4455 uobis
872 4403 1099 4479 praeceptum
1119 4389 1219 4468 istud,
1237 4379 1463 4477 σκληροκαρδία
1479 4388 1570 4479 apud
1592 4393 1671 4456 Lxx
1689 4390 1845 4479 quando-

514 4516 580 4583 que
597 4493 720 4561 dicitur
733 4517 797 4585 pro
812 4485 872 4560 225
885 4486 965 4563 obn
981 4495 1211 4586 (praeputium
1229 4496 1355 4586 cordis)
1369 4501 1466 4564 Dent.
1487 4502 1598 4578 lopo.
1616 4501 1679 4565 ler.
1698 4505 1767 4580 tp,
1785 4520 1846 4565 cor

514 4600 616 4668 veluti
629 4603 922 4683 incircumcisum,
939 4602 1093 4692 adeoque
1106 4605 1296 4693 impurum,
1315 4605 1485 4694 pervicax,
1504 4603 1729 4686 obstinatum,
1746 4604 1845 4671 malis

513 4709 794 4798 concupiscentiis
822 4711 1024 4778 subiectum.
1050 4715 1164 4802 Neque
1192 4712 1276 4779 haec
1300 4710 1443 4778 durities
1469 4709 1581 4777 cordis
1605 4710 1699 4779 aliud
1723 4717 1774 4779 est
1803 4733 1845 4780 ao
