3960 5654
267 534 307 592 11
795 555 885 599 nanc.
911 537 939 602 1,
965 532 1065 594 16-18.

267 683 310 750 ab
325 685 422 753 initio
437 689 484 751 ita
496 673 827 753 Christo'adhaereut
837 695 873 753 ut
888 683 1046 751 continuo
1063 706 1140 751 eum
1153 688 1339 772 sequantur
1350 681 1472 747 relictis
1486 681 1593 748 omui·

266 791 348 873 bus3
373 792 415 858 ad
433 794 496 857 hoc
511 788 698 859 invitantur
713 816 733 860 a
753 794 900 871 Christo,
919 794 1096 878 postquam
1114 793 1181 856 iam
1197 790 1331 877 saepius
1344 792 1442 852 testes
1458 788 1595 854 luerunt

267 896 511 965 miraculorum
528 897 662 967 Christi.
680 904 768 966 lesus
782 900 890 980 enim,
915 903 950 961 ut
970 905 1093 962 natura
1107 895 1282 963 hominum
1298 896 1363 960 lert
1375 900 1408 959 et
1423 893 1496 981 ipsa
1510 915 1595 981 quo-

266 1027 333 1094 quc
352 1002 463 1088 gratia
480 1003 536 1069 uei
557 1005 747 1091 generatim
766 1012 799 1069 et
815 1003 988 1071 ordinarie
1006 1023 1109 1088 agere
1128 1002 1229 1076 solet,
1252 1001 1416 1089 paulatim
1433 1022 1472 1066 ac
1491 999 1595 1065 veluti

262 1131 328 1203 per
348 1108 476 1195 gradus
495 1112 660 1199 quosdam
681 1109 725 1176 ad
748 1111 897 1178 debitam
923 1130 980 1175 eos
1000 1108 1113 1175 erudit
1130 1117 1163 1174 et
1177 1105 1315 1173 adducit
1335 1109 1591 1194 perlectionem.

256 1216 360 1281 'Sicut
376 1237 414 1280 ex
427 1220 518 1284 toan.
535 1224 591 1296 23
604 1239 674 1304 seq.
693 1215 869 1296 discimus,
886 1214 1043 1302 discipuli
1060 1222 1156 1281 testes
1171 1220 1268 1279 erant
1283 1213 1438 1279 miraculi
1454 1213 1497 1279 ad
1510 1235 1595 1302 nup·

264 1322 328 1387 tias
345 1322 381 1388 in
395 1326 486 1390 Cana
504 1323 649 1412 patrati,
667 1344 735 1410 quo
759 1328 847 1391 lesus
864 1343 962 1389 suam
979 1321 1206 1387 manifestavit
1223 1320 1370 1405 gloriam
1386 1327 1418 1384 et
1437 1319 1594 1409 discipuli

263 1427 301 1494 in
310 1450 389 1495 eum
399 1428 748 1516 credideruntt2,11),
762 1437 860 1495 testes
871 1435 969 1494 eraut
978 1429 1153 1514 signorum
1165 1448 1253 1515 quae
1264 1432 1415 1514 tempore
1426 1426 1596 1513 paschatis

264 1532 371 1601 edidit
383 1537 419 1601 in
431 1534 557 1624 templo
572 1541 605 1599 et
620 1535 704 1600 urbe
717 1536 823 1622 (217.
839 1536 908 1619 23),
927 1541 1026 1600 testes
1040 1554 1157 1600 eorum
1171 1555 1259 1621 quae
1274 1539 1390 1622 postea
1406 1533 1442 1598 in
1455 1533 1595 1618 regione

254 1640 406 1708 ludaeae
426 1642 496 1726 egit
519 1641 637 1728 (322),
655 1646 754 1708 testes
777 1642 856 1707 tidei
873 1642 1164 1707 Samaritanorum
1181 1638 1291 1728 (t,39)
1310 1645 1393 1720 etc.3
1415 1644 1593 1728 postquam

262 1748 380 1837 itaque
404 1747 464 1813 tali
483 1746 582 1813 modo
602 1770 658 1813 eos
682 1748 818 1815 edocuit
843 1755 876 1813 et
895 1748 1130 1837 praeparavit,
1152 1746 1194 1812 ad
1220 1746 1342 1813 altiora
1362 1767 1418 1812 cos
1437 1745 1544 1811 allicit
1562 1750 1595 1811 et

262 1853 384 1920 invitat
406 1876 438 1919 v.
465 1860 505 1919 16
527 1865 559 1919 et
574 1856 782 1943 praeteriens
795 1876 889 1920 secus
904 1876 999 1920 anai-e
1016 1851 1193 1920 Galilaeae
1208 1853 1230 1918 i.
1248 1875 1278 1918 c.
1303 1852 1484 1918 ambulans
1500 1873 1596 1918 secus

262 1981 357 2026 mare
378 1959 504 2047 (llattb.
529 1961 631 2047 ata),
657 1961 750 2027 iuxta
770 1963 882 2027 lacum
901 1959 1105 2036 Tiberiadis,
1129 1961 1240 2025 lacum
1263 1960 1485 2037 Genesareth‚
1512 1957 1597 2024 cidit

182 2088 186 2100 ·
262 2065 436 2134 Simonem
459 2079 491 2131 et
512 2066 683 2133 Andream
696 2068 839 2156 fratrem
856 2068 944 2146 eius,
961 2068 1129 2133 intuentes
1148 2066 1233 2132 retia
1254 2067 1290 2131 in
1311 2087 1424 2145 mare,
1443 2055 1597 2151 &portal-

262 2175 367 2244 λοντις
383 2173 570 2262 utrimque,
587 2173 654 2240 huc
669 2173 749 2239 illuc
765 2176 938 2250 iacientes,
957 2175 1005 2239 ita
1018 2174 1248 2240 communiter
1268 2194 1385 2238 vocem
1404 2170 1592 2261 accipiunt,

263 2277 400 2347 Salona
412 2301 492 2345 vero
505 2301 513 2345 :
528 2281 836 2367 circumcingentes
847 2281 933 2368 (scil.
946 2281 1065 2369 pisces)
1077 2281 1110 2345 in
1122 2281 1208 2345 mari
1224 2276 1253 2340 ἐν
1267 2285 1306 2366 τῇ
1321 2273 1479 2364 talaiam,
1498 2290 1596 2344 erant

262 2385 353 2452 enim
364 2385 566 2475 paccatorem
580 2409 657 2453 cum
673 2392 706 2454 S.
723 2388 906 2453 llatthaeus
920 2387 1046 2452 scribat
1063 2409 1070 2454 :
1090 2386 1173 2452 vidit
1188 2386 1273 2452 duos
1287 2386 1409 2452 fratres
1422 2386 1594 2451 Simonem

262 2491 322 2581 qui
341 2498 479 2568 vocatur
494 2497 624 2572 Petrus,
644 2495 824 2559 existimari
842 2500 950 2582 potest
971 2516 1048 2560 eum
1065 2494 1206 2559 voluisse
1220 2493 1342 2558 ellerre
1362 2490 1415 2558 vel
1430 2492 1591 2572 innuere,

262 2599 312 2664 uti
323 2600 358 2664 in
371 2607 483 2665 vetere
499 2605 698 2666 testamento
712 2598 779 2666 duo
792 2601 924 2680 tratres,
943 2605 1065 2687 ltoyses
1078 2607 1111 2666 et
1125 2607 1250 2677 Aaron,
1271 2599 1370 2665 electi
1384 2600 1466 2676 siut,
1485 2600 1531 2665 ita
1547 2599 1592 2664 si-

263 2704 390 2771 militer
407 2704 573 2772 Christum
594 2705 635 2772 ad
658 2729 785 2772 novum
805 2706 922 2773 foedus
941 2706 1219 2792 inaugurandum
1240 2706 1383 2793 elegisse
1402 2705 1539 2781 iratres;
1561 2710 1595 2771 et

262 2833 342 2878 oum
357 2813 467 2901 primo
481 2813 634 2879 nominet
650 2815 839 2892 Simonem,
857 2815 971 2879 statim
988 2815 1059 2879 eius
1073 2813 1278 2898 dignitatem
1297 2814 1333 2877 in
1351 2811 1496 2878 Ecclesia
1512 2832 1592 2878 con-

265 2917 439 2984 stituenda
454 2919 596 2986 voluisse
614 2920 764 2987 indicare
784 2920 965 3009 (Sc.tanz);
984 2925 1129 2986 llarcum
1151 2941 1230 2985 vero
1250 2941 1418 3008 nusquam
1435 2921 1523 2984 Petri
1542 2920 1594 2985 ius

263 3025 488 3113 praecipuum
506 3028 666 3093 Romanis
689 3027 846 3116 explicite
867 3049 1058 3116 proponere
1081 3048 1191 3115 neque
1215 3025 1479 3092 similitudinem
1499 3025 1593 3092 illam

264 3130 353 3196 iuter
371 3130 488 3197 foedus
507 3138 690 3220 utrumque
707 3134 863 3199 inuuere.

308 3236 402 3303 Viros
417 3238 530 3327 itaque
545 3238 641 3325 eligit
656 3239 805 3305 Christus
819 3240 928 3305 labori
943 3245 1105 3318 assuetos,
1124 3261 1257 3305 morum
1272 3239 1488 3328 simplicitate
1503 3260 1593 3305 com-

264 3343 456 3425 mendatos;
481 3367 513 3410 v.
536 3352 576 3410 17
596 3344 731 3410 aedicit
748 3348 794 3412 cis
814 3348 904 3411 lesus
924 3369 935 3411 .·
956 3348 1064 3411 venite
1082 3359 1158 3435 post
1173 3368 1226 3411 me
1244 3346 1423 3432 etfaciam
1444 3368 1501 3411 uos
1516 3346 1597 3432 fieri

262 3449 451 3539 piscatores
470 3449 667 3533 hominum
689 3453 886 3532 invitantur,
912 3461 949 3518 ut
972 3437 1133 3518 continuo
1153 3452 1273 3518 ceteris
1290 3453 1420 3518 omissis
1442 3474 1521 3518 eum
1540 3475 1592 3519 se-

262 3561 428 3646 quantur3
440 3556 565 3624 blande
576 3559 772 3624 alliciuntur
782 3560 932 3625 iucundo
944 3559 1194 3626 illoverborum
1206 3560 1292 3640 lusu,
1306 3581 1375 3648 quo
1386 3559 1593 3647 quasihamo

262 3663 329 3752 ipsi
348 3664 530 3753 capiuntur
552 3663 647 3730 etad
669 3687 791 3731 munns
806 3668 983 3752 egregium
1009 3666 1165 3732 homiues
1184 3666 1257 3732 scil.
1280 3665 1466 3752 colligendi
1486 3667 1521 3732 in
1537 3688 1592 3732 re·

262 3789 371 3855 gnum
392 3769 449 3836 nei
467 3770 669 3837 evehuntur.
692 3773 807 3838 Cernis
829 3773 885 3838 hic
906 3774 973 3838 iam
993 3773 1217 3861 praeformari
1233 3779 1477 3858 argumentum
1493 3795 1592 3862 para-

262 3873 362 3942 bolae
381 3877 494 3942 llattb.
513 3884 687 3959 latr-50.
708 3880 887 3944 Piscatores
901 3887 1033 3960 autem,
1051 3879 1097 3944 ait
1111 3878 1221 3958 Beda,
1237 3886 1270 3944 et
1283 3878 1433 3945 illiterati
1450 3880 1591 3944 mittun-

262 3987 319 4048 tur
333 3982 375 4048 ad
395 3982 679 4072 praedicandum,
700 4007 742 4050 ne
756 3985 839 4051 tides
855 3985 1065 4051 credentium
1081 3987 1194 4051 nonin
1211 3987 1334 4051 virtute
1353 3986 1427 4064 Dei,
1449 3984 1509 4050 sed
1522 3986 1592 4051 eto-

261 4090 401 4176 quentia
414 4096 516 4178 atque
531 4090 685 4156 doctrina
696 4099 886 4180 putaretur.
903 4097 946 4158 tle
960 4092 1140 4181 multiplici
1156 4093 1322 4178 allegoria
1334 4092 1531 4178 ctsymbolo
1543 4093 1593 4181 pi-

260 4194 325 4260 scis
340 4195 418 4262 vide
433 4196 541 4279 Pitra,
557 4197 778 4286 Spicilegium
795 4205 813 4264 3
829 4223 863 4286 p.
878 4206 940 4265 tus
957 4221 1027 4287 seq.
1040 4220 1047 4277 ;
1062 4199 1231 4287 quomodo
1246 4206 1360 4265 autem
1376 4198 1459 4264 haec
1470 4199 1592 4264 Christi

261 4301 368 4367 verba
380 4304 416 4367 in
431 4305 631 4393 antiquitate
645 4305 829 4370 christiana
842 4306 969 4371 sinerint
985 4307 1159 4395 applicata
1174 4311 1287 4371 etarte
1309 4327 1480 4394 expressa,
1498 4326 1592 4371 com-

263 4410 449 4474 memoravi
464 4411 496 4475 in
512 4414 639 4476 Comm.
660 4413 772 4477 llattb.
794 4417 803 4476 t
821 4435 852 4500 p.
877 4419 948 4478 roa.
965 4452 1009 4462 -
1026 4413 1076 4479 llli
1089 4413 1211 4477 animis
1227 4412 1487 4501 promptissimis
1501 4411 1593 4477 dicto

224 4556 226 4560 ,
260 4519 340 4581 sunt
354 4515 527 4582 audientes
540 4540 571 4582 v.
594 4523 632 4585 18
643 4519 803 4607 protinam
817 4520 943 4584 relictis
958 4519 1081 4584 reatus
1095 4519 1204 4584 secreti
1215 4533 1294 4584 sunt
1311 4542 1387 4584 erim
1396 4542 1409 4600 ;
1424 4540 1503 4585 narn
1520 4524 1591 4585 lesu

261 4642 324 4686 vox
336 4622 479 4688 coeleste
496 4624 644 4692 habebat
658 4626 967 4704 incantamentum,
987 4634 1022 4691 ut
1033 4625 1115 4691 dicit
1129 4628 1291 4692 Erasrnus
1302 4628 1348 4714 (in
1360 4626 1588 4715 paraphrasi),

265 4758 280 4787 «
302 4729 473 4817 piscatura
495 4739 613 4820 typum
638 4732 785 4798 habebat
805 4733 991 4818 evangelici
1016 4733 1181 4811 memoris,
1209 4732 1298 4821 quod
1320 4755 1382 4821 per
1400 4754 1590 4798 sermonem

263 4835 320 4902 nei
346 4835 503 4902 mortales
526 4838 701 4905 immersos
727 4842 940 4926 ignorantiae
957 4839 1104 4905 tenebris
1125 4863 1163 4905 ac
1182 4840 1328 4905 sordidis
1349 4840 1447 4904 huius
1471 4839 1590 4905 mundi

261 4944 352 5009 curis
366 4944 511 5009 extrahit
525 4944 567 5010 ad
583 4945 693 5012 lucem
709 4948 858 5013 veritatis
873 4969 911 5012 ac
926 4947 1120 5012 coelestium
1136 4969 1250 5013 rerum
1265 4966 1434 5021 amorem;
1451 4947 1511 5013 hos
1526 4946 1590 5032 igi-
