3960 5654
10 418 13 429 ·
165 408 235 478 170'
694 400 837 495 unae,
859 419 962 480 asae.

163 566 279 635 lirmat
293 554 433 661 (lons.);¹
442 573 562 641 modus
575 573 742 662 loquendi
757 571 888 659 regiam
899 569 1006 657 spirat
1017 569 1306 658 magnificentiam
1319 571 1352 634 et
1362 565 1489 632 libera-

164 672 312 756 litatem;
328 679 372 746 cf.
390 679 480 744 Esth.
496 684 571 758 5,3;
594 685 668 761 7,2;
689 677 847 746 similiter
865 674 934 741 dici
950 675 1033 743 solet
1051 685 1070 745 3
1089 681 1173 762 Reg.
1192 681 1281 757 13‚8.
1300 682 1376 744 Luc.
1397 679 1487 751 19,8.

165 784 259 851 Haud
274 785 445 851 immerito
458 784 549 848 lans.
572 782 620 848 ita
637 790 727 852 taxat
742 774 881 851 Herodis
900 784 1156 872 promissionem
1175 802 1182 848 :
1203 808 1219 841 ι(
1243 804 1300 849 rex
1315 801 1394 849 sane
1411 801 1492 867 prae

162 887 552 976 temulentia,superbia
561 910 601 954 ac
616 889 760 958 libidine
774 889 875 979 plane
888 889 1010 957 stultus
1024 898 1057 957 et
1068 892 1223 968 insanus,
1238 891 1342 978 utqui
1357 885 1492 954 ludicra

163 1001 197 1062 et
211 995 346 1061 lubrica
360 993 601 1062 saltatiuncula
620 992 705 1062 adeo
719 1002 769 1062 est
788 994 989 1079 delectatus,
1007 1004 1044 1062 ut
1059 1016 1120 1084 pro
1135 1015 1176 1060 ea
1190 993 1292 1060 etiam
1308 992 1489 1060 dimidium

164 1099 264 1186 regni
285 1100 337 1165 sui
360 1101 525 1188 praebere
542 1106 682 1191 paratus
706 1101 826 1181 luerit,
847 1103 975 1193 quique
995 1122 1072 1168 cum
1093 1099 1194 1166 valde
1218 1099 1326 1165 videri
1347 1098 1492 1166 voluerit

163 1204 381 1292 magnificus,
400 1208 534 1275 nullum
555 1206 772 1275 liberalitatis
792 1194 874 1275 suae
894 1209 1034 1276 modum
1048 1207 1175 1296 posuit,
1195 1206 1280 1273 adeo
1295 1212 1332 1271 ut
1354 1212 1386 1272 et
1403 1206 1490 1297 peti·

164 1312 292 1377 tionem
307 1313 342 1379 iu
358 1335 462 1381 manu
473 1314 610 1405 puellae
623 1314 776 1404 posuerit
789 1321 823 1382 et
836 1315 997 1382 daturum
1012 1335 1047 1379 se
1062 1312 1231 1403 quidquid
1244 1319 1374 1400 peteret
1386 1313 1489 1378 etiam
1557 1375 1559 1378 ,

163 1419 294 1484 iuraret
312 1448 340 1486 ».

208 1525 324 1592 Puella
341 1533 410 1592 tam
433 1527 619 1612 magnilica
642 1528 865 1616 promissione
889 1525 1057 1593 delectata
1076 1527 1178 1594 simul
1203 1533 1236 1593 et
1257 1525 1488 1613 obstupefacta

160 1632 307 1698 consulit
328 1638 469 1698 matrem
485 1653 518 1697 v.
536 1640 578 1701 it
595 1655 683 1723 quae
699 1655 776 1699 cum
788 1633 910 1699 exisset
918 1630 1006 1699 dixit
1021 1633 1126 1705 niatri
1136 1654 1216 1699 suae
1236 1630 1345 1723 :quid
1350 1634 1490 1722 petam?

6 1736 9 1743 ’
33 1758 38 1771 ’
159 1744 193 1804 et
204 1744 297 1805 certe
306 1740 410 1805 etiam
425 1744 544 1805 narrat
557 1747 686 1829 quanta
700 1739 905 1806 liberalitate
919 1745 954 1806 et
968 1739 1195 1807 sollemnitate
1209 1739 1394 1806 iuramenti
1406 1760 1488 1828 pro-

162 1844 275 1911 missio
286 1846 328 1910 sit
341 1845 441 1912 laeta.
460 1844 607 1913 Mulieris
622 1847 756 1913 animus
766 1847 836 1912 vati
848 1845 934 1914 adeo
948 1847 1098 1913 infensus
1113 1847 1183 1912 iarn
1194 1845 1322 1932 gaudio
1332 1845 1486 1922 exsultat;

160 1950 197 2017 id
211 1950 316 2017 habet
327 1950 418 2040 quod
431 1950 517 2018 adeo
532 1951 765 2034 desiderabat3
789 1953 878 2020 unde
888 1953 960 2020 siue
974 1952 1046 2020 ulla
1059 1953 1276 2019 cunctatione
1291 1949 1486 2040 respondet;

159 2070 197 2123 at
209 2055 271 2124 itta
286 2057 371 2123 deicit
386 2070 513 2149 :eaput
527 2059 664 2126 Ioannis
678 2058 865 2148 baptistae;
879 2060 915 2125 in
928 2065 998 2126 tarn
1013 2060 1163 2149 exposita
1180 2058 1272 2145 regis
1285 2057 1490 2123 liberalitate

159 2185 237 2231 cum
252 2164 319 2231 hoe
340 2186 447 2231 unum
462 2170 558 2255 petat
572 2166 707 2248 mulier,
725 2166 878 2233 declarat
892 2164 981 2232 nihil
997 2165 1107 2252 magis
1128 2166 1281 2232 animum
1300 2186 1399 2230 suum
1414 2185 1490 2230 cru-

160 2271 251 2338 ciare
270 2293 372 2360 quam
395 2271 497 2339 huius
517 2273 640 2353 vitam,
666 2271 936 2362 necquidquam
957 2272 1068 2339 carius
1087 2272 1153 2339 sibi
1170 2294 1241 2339 esse
1261 2293 1355 2361 posse
1381 2276 1488 2337 morte

160 2377 252 2445 illius
267 2379 468 2445 sanctissimi
486 2379 551 2445 viri
566 2379 686 2469 (lans.)
709 2385 741 2446 et
760 2379 851 2447 hanc
874 2401 909 2446 se
930 2384 1092 2469 appetere
1114 2401 1197 2469 prae
1218 2380 1347 2447 cunetis
1364 2378 1489 2467 opibus

161 2484 328 2575 quaesibi
343 2485 397 2552 vel
410 2485 501 2552 tiliae
517 2487 679 2553 obvenire
689 2490 838 2575 possent.
855 2490 895 2552 Et
908 2485 1079 2576 quomodo
1091 2486 1164 2553 sine
1177 2485 1247 2552 ulla
1263 2506 1360 2551 mora
1369 2484 1491 2551 doceat

160 2591 311 2682 puellam
334 2598 537 2680 arroganter
559 2600 592 2660 et
612 2592 831 2683 impudenter
854 2614 874 2659 a
900 2614 980 2679 rege
999 2593 1189 2683 postulare,
1216 2598 1309 2682 patet
1332 2614 1372 2658 ex
1393 2613 1424 2658 v.
1446 2598 1488 2658 25

159 2719 304 2789 cumque
333 2699 501 2766 introisset
522 2700 639 2766 statim
666 2722 745 2766 cum
760 2697 979 2790 festinatione
998 2698 1046 2766 ad
1066 2721 1179 2790 reqem
1199 2698 1318 2789 petivit
1338 2697 1452 2765 diceas
1477 2720 1489 2764 :

158 2804 286 2872 volout
300 2806 459 2895 protinus
473 2806 531 2873 des
544 2806 633 2874 mita·
649 2806 686 2873 in
705 2806 794 2874 desso
817 2818 921 2895 caput
939 2806 1077 2874 loannis
1096 2805 1261 2896 baptistae
1267 2826 1281 2889 ;
1295 2807 1425 2887 statim,
1444 2827 1487 2870 ne

159 2917 294 3001 tempus
307 2913 349 2978 sit
363 2913 601 3001 resipiscendi;
619 2913 741 2981 metuit
752 2913 846 2980 enim
861 2911 985 2980 mulier
999 2935 1042 2980 ne
1059 2912 1174 2981 fervor
1186 2913 1277 3000 regis
1291 2912 1489 2998 refrigesce-

160 3025 213 3084 ret
232 3024 266 3085 et
280 3019 412 3086 sobrius
431 3019 540 3087 faetus
554 3020 694 3088 testibus
714 3020 898 3087 iuramenti
918 3020 1056 3087 remotis
1074 3043 1094 3087 a
1110 3021 1330 3110 promissione
1349 3017 1492 3085 resiliret

29 3132 32 3137 ⁴
160 3124 280 3213 (lons.)
302 3133 336 3191 et
356 3147 434 3192 eum
455 3126 596 3193 modum
616 3126 767 3217 postulat
792 3148 862 3216 qno
882 3126 924 3193 de
939 3132 1047 3193 morte
1064 3127 1138 3193 eius
1160 3127 1299 3193 omnino
1318 3131 1409 3192 certa
1428 3123 1486 3204 sit;

159 3231 301 3299 tortasse
322 3233 423 3299 etiam
443 3233 504 3322 qui
525 3237 574 3300 est
598 3234 741 3300 inroret
760 3231 912 3299 vindicta
934 3232 1130 3313 muliebris,
1154 3231 1296 3299 illudere
1312 3232 1419 3298 voluit
1439 3231 1489 3296 illi

161 3339 265 3428 capiti
279 3340 375 3405 cuius
388 3338 509 3426 lingua
527 3340 736 3407 adulterium
760 3343 833 3406 erat
853 3338 1109 3429 reprehensum.
1129 3341 1245 3429 Neque
1264 3339 1355 3405 enim
1369 3337 1491 3404 desunt

160 3445 314 3534 exempla
329 3445 493 3513 eiusmodi
507 3445 659 3513 insaniae
674 3445 853 3513 muliebris
863 3446 886 3512 ¹.

166 3620 168 3625 ,
204 3550 349 3618 Mulieris
359 3552 492 3618 vafritie
502 3575 537 3619 se
552 3552 783 3643 deprehendit
794 3553 1053 3621 constrictumet
1067 3553 1231 3619 attonitus
1245 3551 1335 3618 videt
1346 3550 1388 3618 ad
1402 3551 1487 3641 quid

159 3679 221 3727 sua
236 3657 465 3725 venditatione
482 3665 517 3725 et
530 3661 757 3727 ostentatione
776 3660 989 3727 liberalitatis
1003 3659 1199 3751 pervenerit
1216 3681 1248 3725 v.
1266 3665 1308 3725 26
1323 3671 1355 3725 et
1371 3660 1493 3724 contri-

158 3777 266 3833 status
279 3778 329 3833 est
337 3760 686 3855 reaffieptnaoevalde
694 3768 798 3833 tristis
808 3767 947 3834 effectus
956 3771 1022 3850 est,
1032 3765 1070 3833 id
1079 3764 1169 3855 quod
1182 3771 1256 3855 post
1264 3788 1296 3832 v.
1306 3772 1348 3832 20
1357 3766 1486 3831 nemini

159 3872 360 3940 incredibile
380 3873 488 3939 videri
506 3880 633 3963 potest3
655 3874 796 3961 egregie
816 3880 930 3941 tamen
945 3872 1052 3962 aliqui
1074 3872 1179 3938 verba
1202 3876 1236 3939 et
1253 3893 1387 3938 sensum
1414 3894 1492 3960 per-

160 3985 298 4047 vertunt
310 3985 497 4047 asserentes
509 4000 628 4066 regem
643 3980 817 4047 simulasse
831 3980 1002 4047 tristitiam
1013 3978 1108 4068 (Bed.
1125 3977 1220 4061 Att.;
1230 3978 1305 4044 vide
1320 3977 1363 4044 ad
1375 3981 1489 4045 liatth.

163 4087 255 4176 1t‚9)
269 4087 322 4154 vel
331 4089 435 4155 etiam
453 4091 560 4153 totam
572 4087 667 4154 illam
682 4107 819 4154 scenam
833 4087 1037 4170 saltationis,
1054 4086 1307 4176 promissionis,
1319 4087 1489 4176 petitionis

160 4193 412 4283 conspiratione
434 4193 585 4284 quadam
607 4204 641 4261 et
662 4193 847 4261 collusione
873 4194 963 4260 inter
981 4192 1147 4260 Herodem
1167 4199 1200 4259 et
1223 4192 1400 4259 mulierem
1420 4214 1491 4260 esse

159 4299 366 4381 institutam,
378 4307 416 4367 nt
428 4300 579 4390 speciosa
596 4299 748 4390 quadam
761 4300 893 4367 ratione
906 4305 1017 4391 posset
1027 4300 1210 4389 baptistam
1224 4300 1420 4366 interimere
1435 4300 1489 4385 (de

162 4429 232 4497 qua
254 4429 291 4474 re
315 4407 392 4474 vide
415 4408 512 4498 Syia.
537 4415 561 4474 t.
586 4415 605 4476 3
628 4430 703 4497 cap.
729 4413 772 4473 32
794 4430 829 4497 q.
863 4407 932 4496 10).
962 4410 1045 4475 Vere
1070 4407 1185 4495 itaque
1211 4407 1486 4485 contristabatur,

164 4541 181 4576 «
198 4513 325 4603 partim
343 4514 434 4603 qnod
450 4519 609 4582 loannem
627 4537 667 4582 ex
685 4521 781 4604 parte
797 4518 1012 4581 revereretur
1026 4519 1059 4581 et
1071 4515 1229 4581 horreret
1242 4515 1354 4580 virum
1371 4518 1436 4579 Deo
1456 4522 1490 4580 et

161 4620 358 4688 hominibus
376 4620 506 4689 clarum
529 4622 625 4690 nulla
646 4643 805 4689 excausa
830 4621 918 4688 iusta
940 4626 1047 4688 morte
1071 4620 1227 4704 afficere;
1252 4621 1377 4711 partim
1396 4621 1490 4709 qnod

197 4787 218 4831 t.
235 4778 321 4831 Refert
336 4782 362 4831 S.
378 4780 561 4844 Hieronymus,
577 4782 615 4832 nti
629 4782 691 4833 oiim
713 4780 803 4832 Fulvia
824 4780 937 4844 linguam
959 4779 1101 4842 Ciceronis,
1129 4782 1164 4831 ita
1185 4780 1353 4831 Herodiadem
1377 4779 1489 4843 linguam

164 4861 267 4912 loannis
278 4874 325 4911 acu
337 4860 505 4912 discriminali
519 4861 663 4914 marcuisse
677 4864 708 4927 (e.
726 4862 787 4914 ltut.
802 4867 816 4912 3
829 4875 852 4911 n.
866 4866 910 4921 ης
925 4864 963 4913 rt.
979 4863 1086 4924 ledat).
