3960 5654
373 110 375 113 v
367 96 1002 230 raw'¹,1rte¹llffit‘i‘rllt'd
913 135 990 197 t

993 458 1085 503 nanc.
1109 443 1139 514 i,
1163 443 1270 506 til-27.
1753 444 1792 505 53

465 591 566 678 Gai),
584 597 621 657 ut
640 593 828 684 patesceret
847 592 1024 660 daemonis
1046 593 1193 663 malitia¹
1217 591 1441 680 eiusdemque
1459 592 1651 680 indignatio
1674 591 1719 658 ob
1739 607 1794 661 'ex-

462 696 653 785 pulsionem
674 708 707 770 et
723 698 878 769 miraculi
899 700 1103 783 magnitudo
1122 722 1228 791 quoa
1248 703 1343 764 tanto
1366 700 1453 764 malo
1474 701 1575 767 homo
1590 698 1794 766 liberaretur

464 802 597 894 (lans.);
615 829 737 875 nocere
751 811 865 872 autem
880 827 947 872 non
963 809 1186 898 permittitur,
1204 808 1242 870 ut
1256 810 1420 892 appareat
1434 806 1630 894 expellentis
1643 805 1794 895 potentia

462 911 609 1001 (Eutlt.);
627 914 730 979 reiert
743 910 835 977 enim
846 915 952 980 Lucas
968 914 1079 982 :nihil
1094 912 1193 979 illum
1207 912 1335 978 nocuit.
1350 909 1422 976 Exit
1433 917 1546 976 autem
1562 934 1689 998 magno
1702 911 1793 978 edito

461 1018 610 1086 clamore
637 1016 691 1083 vel
717 1038 799 1106 prae
825 1018 958 1101 dolore,
988 1019 1042 1084 vel
1068 1022 1206 1083 coactus
1236 1017 1281 1084 ad
1303 1015 1519 1084 clamandum
1541 1039 1560 1082 a
1585 1017 1733 1096 Christo,
1758 1025 1794 1091 ut

459 1147 577 1193 omnes
595 1122 825 1211 intelligerent
843 1145 923 1191 eum
944 1145 1012 1189 uon
1032 1144 1113 1189 casu
1136 1130 1196 1189 aut
1218 1131 1341 1214 sponte
1364 1146 1442 1204 sua,
1465 1122 1523 1189 sed
1548 1124 1691 1190 invitum
1716 1131 1750 1189 et
1774 1146 1792 1190 a

463 1232 590 1296 maiore
605 1224 758 1298 coactum
778 1232 869 1298 crire
885 1234 1051 1319 potestate
1067 1229 1190 1319 (Mald.
1212 1232 1325 1319 Lep).

505 1334 557 1401 atd
566 1336 827 1404 admirationem
838 1335 882 1403 de
895 1340 968 1402 lesu
984 1335 1141 1404 doctrina
1153 1342 1187 1403 et
1202 1334 1303 1402 modo
1319 1335 1463 1404 docendi
1476 1336 1543 1403 alia
1555 1335 1686 1403 accedit
1702 1334 1794 1401 baud

414 1450 417 1457 “
463 1442 575 1509 minor
584 1443 626 1511 de
641 1446 712 1511 eius
722 1447 897 1533 potestate.
910 1447 958 1509 lta
966 1441 1072 1509 verbo
1082 1450 1115 1509 et
1130 1464 1234 1532 opere
1249 1443 1369 1533 incipit
1384 1447 1471 1509 iesus
1481 1465 1550 1509 sese
1566 1443 1791 1520 manifestare

462 1572 494 1616 v.
511 1555 555 1616 ut
573 1562 607 1618 et
623 1549 743 1616 mirati
762 1561 842 1615 suat
859 1571 973 1616 omnes
987 1539 1202 1638 ἐθαμὸήθησαν
1214 1554 1354 1638 stupore
1368 1555 1401 1616 et
1418 1549 1641 1615 admiratione
1662 1547 1793 1637 impleti

461 1663 555 1737 sunt3
574 1655 720 1722 verbum
734 1675 910 1742 2graecum
935 1656 1046 1744 magis
1065 1656 1263 1743 significare
1288 1663 1460 1746 stuporem
1481 1662 1515 1722 et
1535 1655 1793 1722 admirationem

434 1774 436 1778 ‘
462 1784 566 1851 quam
584 1762 742 1829 timorem
758 1763 848 1829 lares.
868 1760 933 1845 ait,
955 1761 992 1828 id
1009 1762 1104 1854 quod
1117 1785 1180 1852 pro
1198 1784 1261 1829 usu
1285 1763 1377 1852 apud
1394 1767 1539 1829 itarcum
1556 1761 1656 1828 obvio
1678 1768 1791 1840 taut.

462 1874 505 1935 32
515 1868 604 1935 valet
616 1867 792 1958 (Setaaz);
807 1868 867 1936 alii
877 1869 1011 1936 timoris
1026 1869 1198 1936 notionem
1209 1891 1249 1935 ac
1261 1869 1412 1936 horroris
1424 1890 1526 1958 quam
1537 1868 1678 1934 verbum
1691 1869 1793 1934 etiam

460 1974 580 2057 habet,
602 1975 659 2043 bic
674 1997 812 2065 quoque
827 1976 974 2043 retinent
989 1974 1156 2064 (Sedeqq,
1179 1976 1269 2066 Br’sp.
1285 1975 1378 2062 Fit.);
1398 1974 1456 2041 sed
1478 1981 1550 2040 tum
1572 1981 1664 2041 certe
1682 1974 1793 2041 dicere

462 2087 597 2170 oportet
615 2103 695 2169 cum
713 2081 822 2150 Mald.
844 2080 940 2171 Syia.
968 2103 1037 2149 non
1060 2082 1348 2172 qualemcumque
1372 2088 1500 2148 metum
1521 2080 1711 2167 designari,
1734 2081 1793 2146 sed

463 2187 660 2274 religiosum
688 2194 817 2255 metum
842 2210 921 2255 eum
947 2188 1173 2256 admiratione
1198 2188 1439 2268 coniunctum,
1466 2188 1601 2278 qualem
1634 2188 1711 2255 visis
1736 2188 1793 2253 [lei

460 2294 679 2361 mirabilibus
695 2295 774 2361 iusti
786 2284 967 2384 concipere
982 2295 1102 2362 solent.
1121 2300 1209 2362 Haec
1222 2297 1293 2362 iam
1318 2295 1512 2361 animorum
1533 2294 1662 2360 atlectio
1685 2293 1728 2360 ad
1745 2294 1792 2360 rei

460 2402 637 2468 veritatem
651 2401 901 2492 hominumque
917 2422 1029 2470 mores
1043 2400 1259 2482 describitur
1277 2400 1327 2467 ita
1343 2413 1381 2466 ut
1396 2400 1632 2490 conquirerent
1647 2400 1734 2466 iuter
1745 2423 1790 2479 se,

459 2513 497 2574 ut
511 2529 545 2574 se
559 2513 678 2574 mutuo
692 2507 882 2606 cogitarent
895 2512 929 2574 et
945 2508 1222 2599 interpellarent,
1238 2514 1340 2598 prout
1353 2508 1461 2575 solent
1475 2508 1629 2574 homines
1646 2508 1789 2611 attoniti,

384 2673 386 2677 .
459 2612 638 2681 dieentes:
663 2613 848 2704 quidnam
856 2626 904 2681 est
925 2613 1013 2681 troc?
1035 2636 1209 2704 quaenam
1235 2613 1391 2681 doctrina
1414 2614 1497 2680 llaec
1520 2616 1631 2680 recca?
1650 2637 1733 2703 qzaa
1756 2637 1791 2680 m

454 2732 622 2810 potestate
637 2722 740 2787 ettam
758 2721 931 2811 spiritibus
945 2720 1168 2788 immundis
1153 2733 1302 2811 imperat
1321 2732 1353 2788 et
1368 2720 1528 2787 obediunt
1547 2721 1622 2787 ei!
1615 2743 1649 2786 m
1670 2743 1793 2806 graeco

460 2849 521 2918 per
535 2828 814 2895 exclamationem
831 2850 839 2896 :
857 2827 1015 2895 doctrina
1031 2849 1138 2910 nova3
1156 2850 1234 2894 cum
1250 2828 1287 2893 in
1304 2849 1427 2915 graece
1444 2818 1518 2918 post
1532 2827 1617 2896 autri
1632 2835 1793 2915 sequatur

459 2928 665 3011 aur’iioueiav
681 2927 733 2996 καὶ
749 2938 813 3016 etc.
826 2933 1017 3024 disceptant
1025 2933 1069 3001 ad
1080 2934 1165 3024 quid
1180 2934 1312 3001 illudin
1326 2946 1492 3023 potestate
1505 2935 1548 3000 sit
1562 2933 1789 3000 referendum.

460 3040 512 3107 Ad
525 3041 637 3131 prius,
651 3040 697 3108 ad
707 3040 899 3122 doctrinam
909 3061 1034 3108 novam
1044 3042 1197 3109 referunt
1209 3039 1363 3125 Setaaz,
1376 3041 1451 3107 Keil
1457 3092 1468 3120 ,
1490 3041 1591 3107 Weiss
1605 3040 1791 3130 eodemque

461 3146 561 3214 modo
578 3147 618 3213 Ti
632 3148 863 3238 interpuugit;
880 3147 925 3214 ad
938 3149 1116 3238 sequentia
1127 3134 1270 3216 trahunt
1288 3147 1433 3238 Seteqq,
1448 3148 1539 3236 Bisp.
1570 3149 1614 3213 W
1625 3149 1658 3212 H
1664 3167 1677 3228 ;
1689 3154 1791 3235 atque

460 3254 495 3320 id
510 3253 815 3321 commendaturet
828 3255 950 3344 reipsa
965 3260 999 3321 et
1013 3255 1212 3321 narratione
1225 3258 1334 3321 Lucae
1348 3255 1468 3344 (aaa).
1484 3260 1527 3321 ile
1542 3277 1581 3320 eo
1595 3255 1685 3320 enim
1701 3254 1792 3342 quod

458 3382 536 3427 cum
552 3366 717 3449 potestate
729 3359 940 3428 doceretiam
957 3366 1057 3427 autea
1072 3361 1302 3442 mirabantur;
1313 3361 1364 3429 -ad
1379 3382 1454 3427 eam
1465 3367 1660 3450 potestatem
1676 3368 1790 3426 autem

459 3466 620 3534 accedere
632 3467 737 3534 aliam
752 3490 888 3558 quoque
904 3490 972 3557 qua
988 3489 1056 3535 uno
1070 3468 1177 3534 verbo
1191 3467 1417 3535 daemonibus
1435 3467 1579 3557 imperet
1598 3489 1720 3555 eosque
1738 3468 1789 3532 in-

459 3575 543 3641 vitos
562 3579 665 3661 cogat
684 3574 730 3641 ad
747 3573 1000 3658 obediendum,
1024 3573 1127 3641 modo
1150 3579 1250 3641 testes
1274 3581 1385 3641 erant.
1412 3575 1474 3651 Qui
1496 3573 1615 3640 modus
1634 3574 1791 3640 eiiciendi

458 3678 642 3748 daemones
665 3702 744 3747 cum
767 3703 788 3747 a
812 3680 990 3749 laboriosis
1013 3681 1256 3749 exorcistarum
1281 3680 1483 3748 ludaeorum
1509 3680 1682 3747 conatibus
1704 3681 1790 3747 adeo

460 3786 600 3854 distaret
614 3785 825 3874 (Ederslteim
846 3792 858 3854 l
878 3810 911 3876 p.
930 3787 1026 3877 t82),
1048 3793 1139 3854 certe
1159 3809 1282 3854 novam
1303 3787 1370 3853 illis
1393 3787 1593 3876 suppetebat
1614 3788 1791 3853 materiam

459 3892 686 3980 cognoscendi
701 3898 735 3959 et
748 3893 945 3961 admirandi
962 3901 1181 3984 potestatem3
1208 3917 1319 3984 neque
1340 3896 1430 3961 enim
1453 3916 1492 3960 eo
1511 3897 1599 3959 lesus
1620 3894 1792 3959 eminebat

460 4000 554 4089 quod
573 3999 775 4067 daemonem
794 4001 979 4090 expelleret
999 4000 1090 4089 (vide
1109 4002 1224 4068 Mattb.
1251 4007 1352 4085 12,Ξῖ
1375 4001 1437 4067 filii
1456 4000 1555 4067 vestri
1580 4000 1614 4065 in
1639 4022 1707 4088 quo
1729 4000 1790 4065 eii-

461 4106 605 4196 ciunt‘l),
627 4106 686 4173 sed
706 4099 799 4196 quod
815 4107 863 4173 ita
883 4129 962 4174 cum
983 4100 1149 4198 potestate
1169 4108 1317 4175 eiiceret.
1336 4112 1424 4194 Ergo
1446 4106 1479 4172 id
1503 4106 1594 4196 quod
1618 4111 1689 4172 lesu
1710 4129 1791 4195 pro-

493 4325 514 4367 t.
528 4318 566 4367 Ad
577 4318 640 4368 haec
655 4323 680 4369 S.
696 4321 842 4383 Greqortus
853 4335 863 4369 :
874 4336 887 4366 a
897 4317 964 4383 quid
981 4325 1021 4370 est
1036 4319 1107 4384 quod
1121 4319 1253 4370 obsessum
1270 4319 1401 4370 bominem
1415 4321 1539 4383 antiquus
1554 4320 1634 4368 bostis
1646 4333 1722 4382 quern
1734 4334 1791 4383 pos·

462 4413 561 4449 sessum
576 4412 627 4448 non
639 4398 820 4462 discerpserat,
835 4399 955 4450 deserens
969 4399 1116 4464 discerpsit,
1131 4400 1180 4450 nisi
1200 4400 1270 4464 quod
1285 4400 1435 4465 plerumque
1445 4399 1506 4449 dum
1519 4399 1549 4450 dc
1565 4399 1641 4449 corde
1656 4400 1792 4462 expellitur

462 4480 573 4529 acriores
589 4479 614 4528 in
633 4493 663 4528 eo
690 4469 843 4530 tentationes
860 4484 972 4544 generat,
994 4494 1073 4543 quarn
1091 4481 1163 4544 prius
1182 4479 1339 4531 excitaverat
1356 4480 1461 4544 quando
1476 4479 1537 4529 haec
1555 4480 1659 4543 quietus
1679 4479 1791 4542 posside

462 4559 553 4610 batt...
569 4573 629 4608 mox
643 4562 671 4607 ut
681 4559 784 4609 animus
800 4573 885 4611 amare
904 4559 1026 4610 coelestia
1048 4560 1169 4622 coeperit,
1184 4575 1243 4611 mox
1261 4564 1290 4609 ut
1301 4560 1334 4611 ad
1346 4562 1472 4610 visionem
1487 4562 1557 4624 pacis
1578 4560 1682 4609 intimae
1699 4564 1751 4608 tota
1764 4573 1790 4608 se

463 4640 603 4695 intentione
617 4639 756 4702 collegerit,
773 4640 895 4704 antiquus
912 4640 955 4690 iile
968 4640 1132 4691 adversarius
1151 4641 1197 4703 qui
1217 4640 1249 4691 de
1269 4642 1341 4691 coeio
1358 4639 1446 4704 lapsus
1464 4645 1503 4690 est
1523 4641 1620 4690 inridet
1633 4645 1659 4690 ot
1679 4640 1793 4690 insidiari

462 4719 573 4782 amplius
586 4719 678 4785 incipit
688 4724 714 4770 et
724 4720 835 4770 acriores
846 4735 925 4785 quarn
940 4726 1110 4771 consueverat
1127 4721 1280 4772 mutationes
1292 4721 1425 4780 admovet,
1447 4722 1482 4771 ita
1497 4728 1525 4771 ut
1540 4723 1688 4785 plerumque
1703 4723 1738 4770 sic
1753 4735 1792 4770 re·

464 4800 595 4851 sistentem
609 4801 721 4850 animam
738 4803 834 4857 tentet,
848 4801 915 4850 sicut
927 4806 987 4852 ante
1003 4815 1132 4864 nunquam
1149 4804 1293 4851 tentaverat
1307 4802 1410 4866 quando
1427 4802 1568 4866 possidebat
1584 4820 1595 4848 a
1614 4802 1692 4862 (harri.
1711 4803 1736 4851 in
1748 4803 1792 4850 Ει.

463 4879 507 4931 lib.
526 4880 618 4931 thom.
635 4886 718 4942 itti,
737 4883 773 4932 Μ.
790 4884 913 4942 testea
928 4883 1050 4943 tanto).
