3960 5654
838 381 928 426 irinc.
953 365 1001 434 13,
1027 363 1133 423 ll-l'l.
1594 364 1652 423 3tt

320 513 438 577 idcirco
456 512 632 575 rectissime
652 530 725 573 cum
745 512 874 574 Tostato
895 530 950 592 per
967 512 1239 574 abominationem
1257 514 1461 590 accipiendos
1480 531 1549 575 esse
1565 513 1652 573 sedi-

319 614 417 675 tiosos
433 612 503 671 illos
521 612 577 687 qui
593 615 738 671 narrante
760 611 893 689 losepho
913 615 985 669 ante
1004 611 1206 674 obsidionem
1227 610 1332 688 ipsum
1354 611 1508 688 templum
1529 612 1651 672 abomi-

318 711 430 772 nandis
443 708 616 787 polluerint
635 707 809 768 sceleribus
830 708 982 784 sanguine
1005 710 1211 768 innocentum
1232 708 1332 768 elluso
1353 708 1458 785 ipsum
1476 709 1650 770 foedantes.

318 811 386 868 Alia
400 806 472 866 vide
489 808 528 866 ad
545 807 650 867 llattb.
668 807 771 875 Ξῌό.

361 947 455 1025 Quod
484 949 622 1015 additur
650 946 713 1034 qui
743 947 824 1037 leqit
843 947 1032 1036 intelli‘qat,
1051 940 1155 1007 νοείτω
1171 947 1323 1011 animum
1346 945 1518 1026 advertat,
1545 946 1652 1036 aliqui

317 1053 456 1144 quidem
481 1058 672 1121 existimant
696 1053 740 1119 ab
759 1052 969 1139 evangelista
992 1074 1064 1119 esse
1089 1051 1263 1134 additum,
1281 1053 1327 1118 ita
1347 1053 1436 1118 lares.
1456 1057 1549 1120 Patr.
1568 1051 1653 1136 Fil.;

316 1183 433 1226 verum
458 1162 494 1228 id
521 1160 622 1252 plane
647 1159 878 1248 improbabile
903 1168 962 1226 est.
987 1163 1055 1225 Cur
1080 1159 1172 1225 enim
1197 1164 1323 1224 llarcus
1343 1158 1378 1223 id
1402 1158 1544 1226 adderet
1559 1160 1653 1249 quod

316 1269 475 1335 Romanis
508 1266 633 1356 quibus
658 1265 776 1333 scribit
802 1265 888 1333 nibil
920 1266 1146 1332 emolumenti
1174 1265 1227 1331 vel
1246 1265 1422 1332 doctrinae
1441 1266 1563 1332 allert?
1590 1272 1654 1334 lio-

316 1376 423 1441 manis
454 1377 570 1464 itaque
602 1373 685 1439 haec
704 1373 772 1439 dici
805 1373 886 1439 satis
912 1374 1037 1438 mirum
1066 1379 1152 1438 esset
1179 1374 1249 1438 sive
1276 1371 1381 1438 verba
1411 1372 1454 1438 ad
1475 1374 1652 1440 oraculum

315 1482 461 1547 Danielis
485 1479 769 1546 considerandum
792 1480 897 1545 refers
922 1479 992 1545 sive
1012 1479 1056 1544 ad
1084 1502 1124 1545 ea
1153 1481 1341 1567 ipsaquae
1368 1485 1494 1545 llarcus
1522 1479 1651 1546 scribit.

314 1590 380 1653 Cur
405 1592 533 1652 llarcus
561 1608 600 1652 ea
625 1586 731 1652 verba
758 1585 937 1651 retinuerit
969 1585 1070 1651 aliter
1105 1585 1222 1673 nequit
1248 1585 1410 1675 explicari
1439 1607 1542 1674 quam
1559 1579 1654 1674 ¹quia

314 1715 353 1760 ea
377 1715 397 1758 a
417 1693 548 1758 Christo
567 1692 658 1758 dicta
680 1698 760 1758 sunt
781 1696 814 1757 et
837 1699 1016 1780 tamquam
1044 1714 1065 1758 a
1084 1692 1217 1758 Christo
1235 1692 1370 1781 prolata
1389 1692 1491 1758 etiam
1509 1692 1545 1757 in
1565 1691 1654 1758 Petri

314 1799 507 1865 narratione
535 1806 667 1864 servata
692 1802 801 1863 erant.
830 1800 987 1863 Ceterum
1018 1797 1095 1863 vide
1126 1820 1213 1887 quae
1242 1797 1312 1863 dixi
1340 1799 1375 1863 in
1401 1802 1588 1865 Comment.
1619 1799 1654 1865 in

313 1905 485 1971 Danielem
510 1929 544 1994 p.
567 1912 620 1971 nt.
648 1908 693 1970 Ea
713 1903 819 1969 verba
844 1926 913 1970 esse
937 1909 1008 1969 lesu
1035 1904 1141 1970 verba
1165 1904 1228 1970 rite
1247 1910 1386 1970 tuentur
1403 1906 1476 1972 Coi.
1499 1905 1654 1988 sololiq

313 2018 430 2078 monet
449 2013 564 2100 itaque
583 2011 751 2093 Christus,
779 2017 815 2076 ut
839 2010 1041 2076 vaticinium
1065 2009 1153 2077 illud
1172 2011 1318 2077 Danielis
1333 2010 1420 2076 bene
1440 2011 1655 2101 perpendant

312 2124 344 2183 et
361 2119 553 2207 percipiant
566 2125 649 2184 etex
665 2139 704 2183 eo
717 2116 759 2182 de
776 2124 973 2206 temporum
987 2117 1095 2203 signis
1108 2124 1141 2183 et
1156 2118 1335 2184 eventibus
1348 2117 1512 2184 iudicium
1528 2119 1649 2185 lerant.

313 2229 381 2301 Qua
397 2227 581 2291 monitione
603 2224 703 2289 simul
725 2223 898 2290 indicatur
919 2225 991 2290 lore
1016 2231 1054 2289 ut
1080 2225 1140 2313 qui
1163 2232 1313 2291 mentem
1345 2223 1501 2290 advertat
1526 2224 1591 2291 side
1618 2227 1652 2290 in

311 2331 482 2398 Christum
496 2339 648 2397 armatus
663 2332 765 2397 etiam
780 2338 963 2417 cognoscat
977 2330 1120 2419 quando
1137 2330 1220 2396 illud
1236 2330 1499 2397 abominationis
1514 2333 1650 2418 signum

311 2440 462 2518 exsistat3
492 2440 645 2527 sequitur
674 2439 762 2504 enim
792 2448 873 2503 tunc
895 2438 957 2526 qui
974 2438 1011 2503 in
1035 2437 1166 2503 licdueo
1189 2449 1268 2503 erint
1284 2438 1424 2526 suqiant
1445 2440 1481 2503 in
1504 2451 1652 2521 montes;

312 2571 328 2602 «
358 2544 445 2609 benc
473 2552 587 2611 autem
618 2543 702 2610 dixit
722 2541 751 2605 oi
776 2541 805 2605 ἐν
831 2550 869 2632 τῇ
896 2531 1053 2626 'invitatu
1074 2566 1153 2610 nam
1178 2543 1322 2633 apostoli
1353 2566 1420 2610 non
1451 2544 1588 2610 fuerunt
1616 2545 1650 2610 iu

313 2649 452 2730 iudaea,
480 2651 540 2717 sed
562 2658 747 2740 antequam
764 2650 893 2717 bellum
914 2658 1069 2717 exortum
1085 2657 1199 2717 est-ex
1220 2650 1399 2716 ierusalem
1418 2650 1650 2738 persecutione

310 2757 438 2846 expulsi
463 2765 558 2836 sunt;
585 2758 698 2846 potius
715 2757 779 2846 ipsi
800 2759 956 2823 exierunt
974 2757 1125 2847 impulsu
1141 2757 1285 2845 Spiritus
1300 2758 1407 2822 sancti
1429 2787 1443 2813 n
1463 2757 1648 2846 (Therma).

309 2866 391 2928 Cum
413 2864 457 2929 ad
483 2872 614 2930 montes
639 2865 759 2950 lugere
785 2864 981 2943 iubeantur,
1012 2864 1147 2930 videtur
1173 2862 1282 2929 alludi
1304 2863 1347 2928 ad
1375 2863 1552 2929 historiam
1571 2863 1653 2930 Loth

311 2971 370 3056 (ait
395 2973 514 3059 Lomy)
540 2972 597 3060 qui
623 2978 760 3059 ereptus
788 2977 836 3037 est
867 2971 1025 3037 incendio
1053 2969 1280 3036 Sodomorum
1303 2992 1419 3035 versus
1442 2979 1576 3036 montes
1601 2971 1652 3037 lu·

309 3077 422 3163 giens3
443 3085 571 3143 montes
588 3079 659 3143 loca
674 3084 752 3142 sunt
772 3084 860 3156 tuta,
879 3078 962 3165 quia
977 3078 1159 3143 inaccessa.

356 3188 392 3248 Et
418 3205 521 3272 quam
547 3191 676 3249 atroces
696 3184 822 3249 instent
845 3183 1086 3264 adversitates,
1112 3182 1273 3248 describit
1293 3205 1333 3249 eo
1347 3183 1439 3273 quod
1459 3184 1576 3270 sugam
1594 3207 1650 3251 eos

308 3291 461 3378 arripere
491 3290 606 3355 iubeat
636 3289 851 3355 celerrimam
879 3290 976 3379 quasi
1004 3312 1044 3355 ex
1072 3289 1193 3356 subitis
1218 3289 1285 3355 illis
1311 3298 1345 3355 ct
1373 3291 1649 3379 praegrandibus

309 3397 474 3462 incendiis
495 3396 580 3462 nilril
596 3397 722 3462 servari
743 3404 854 3485 posset
876 3398 940 3462 nisi
959 3397 1028 3462 vita
1054 3397 1125 3463 sola
1147 3397 1266 3462 ceteris
1285 3396 1443 3463 omnibus
1458 3398 1648 3487 absumptis

310 3526 341 3571 v.
362 3512 400 3570 15
414 3503 623 3592 etquisuper
636 3515 776 3583 tectum,
790 3526 831 3569 ne
842 3503 1023 3570 descendat
1039 3505 1089 3590 (in
1101 3502 1252 3589 domum)
1267 3525 1327 3569 nec
1339 3504 1486 3569 introeat
1500 3519 1536 3569 ut
1549 3505 1647 3571 tollat

309 3610 395 3699 quid
410 3611 450 3675 de
472 3610 670 3689 (ternosue,
694 3609 753 3675 sed
776 3611 890 3674 statim
912 3613 984 3675 sine
1007 3609 1077 3676 ulla
1097 3632 1194 3676 mora
1218 3610 1300 3695 fuga
1316 3609 1491 3676 celerrima
1510 3633 1544 3677 se
1565 3634 1645 3700 pro-

312 3718 428 3805 ripiat:
450 3739 481 3782 v.
507 3723 546 3781 16
561 3729 592 3782 et
614 3716 727 3804 quiin
749 3738 832 3805 apro
851 3716 912 3782 erit
931 3711 999 3802 (εἰς)
1024 3717 1065 3781 cl.
1089 3722 1182 3783 loan.
1210 3722 1298 3796 1‚18.
1324 3723 1394 3782 Act.
1421 3724 1499 3796 uto
1521 3726 1554 3783 et
1570 3717 1646 3783 vide

310 3823 352 3888 ad
378 3845 408 3887 v.
436 3830 455 3887 t)
484 3845 604 3911 supra,
627 3846 695 3888 iton
720 3835 909 3888 revertatur
935 3836 1024 3889 retro
1046 3820 1087 3896 εἰς
1106 3819 1146 3884 τὰ
1162 3819 1261 3884 ὀπίσω
1276 3843 1318 3888 ne
1343 3845 1377 3889 sc
1400 3830 1508 3889 vertat
1537 3823 1581 3888 ad
1607 3845 1647 3890 ea

310 3951 395 4018 quae
421 3951 509 4017 ponc
526 3937 617 4006 sunt,
640 3930 757 3997 tollere
777 3930 1013 3995 vestimentum
1041 3952 1142 3995 suum
1163 3932 1193 3996 .i.
1217 3953 1247 3995 e.
1274 3931 1333 4017 qui
1356 3931 1389 3994 in
1413 3952 1497 4016 agro
1517 3931 1649 3996 laborat

312 4036 453 4124 ideoque
479 4035 620 4124 pallium
651 4058 709 4101 scu
738 4043 863 4102 vestem
887 4038 1088 4103 exteriorem
1116 4035 1265 4126 seposuit
1294 4058 1362 4124 quo
1385 4036 1574 4125 expeditius
1598 4035 1648 4102 la-

312 4143 422 4221 boret,
440 4143 553 4207 statim
571 4142 686 4226 lugam
703 4143 863 4232 arripiat,
884 4144 931 4208 uti
949 4151 1014 4224 est,
1038 4165 1080 4208 ne
1097 4150 1229 4209 tantum
1250 4141 1389 4229 quidem
1416 4164 1532 4208 morae
1548 4144 1649 4210 iaciat

311 4257 475 4337 qumuum
493 4272 578 4336 opus
596 4256 681 4314 esset
698 4250 739 4313 ad
764 4249 907 4338 pallium
933 4272 1047 4315 secum
1068 4249 1305 4315 auferendum.
1332 4251 1484 4338 llepelito
1506 4249 1646 4338 periculi

310 4357 519 4421 atrocitatem
545 4356 650 4420 cllcrt.
685 4360 798 4443 Neque
830 4358 919 4422 hisce
951 4355 1087 4421 duobus
1115 4355 1281 4444 exemplis
1314 4356 1392 4421 satis
1419 4356 1482 4420 sibi
1514 4356 1646 4422 videtur

310 4463 463 4547 ingentes
482 4461 701 4527 rulx'ersitates
716 4462 889 4528 mentibus
909 4463 1090 4528 hominum
1108 4462 1310 4528 exhibuisse.
1329 4465 1410 4528 Cum
1428 4461 1463 4526 in
1480 4484 1546 4529 una
1561 4463 1643 4549 luga

309 4591 415 4656 eaque
434 4569 613 4634 celerrima
628 4566 717 4633 salus
736 4570 911 4648 consistat,
930 4591 991 4635 vae
1009 4569 1078 4634 illis
1093 4570 1151 4659 qui
1169 4568 1239 4634 nllo
1254 4567 1496 4658 impedimento
1511 4593 1530 4635 a
1543 4591 1641 4635 cursu

309 4675 466 4740 citissimo
484 4675 700 4741 retardantur
712 4698 743 4740 v.
765 4683 805 4741 17
821 4699 883 4742 coe
897 4689 1012 4742 utitem
1027 4674 1301 4766 praepotentibus
1317 4687 1349 4741 et
1363 4675 1588 4743 accolentibus
1607 4676 1642 4742 in

227 4769 231 4775 ⁴
309 4779 374 4846 illis
385 4781 514 4861 (liebus,
526 4773 723 4855 ‘tiliolum
736 4783 950 4859 lactantibus,
969 4805 1057 4872 qnae
1072 4784 1189 4872 itaque
1200 4782 1253 4848 vel
1267 4804 1408 4871 corpore
1419 4783 1549 4850 debiles
1565 4791 1643 4851 sunt
