3960 5654
370 501 410 562 90
877 523 968 569 nac,
992 508 1022 578 Ξ,
1046 503 1133 572 aaa,
1158 507 1185 564 1.

369 675 408 720 ex
428 660 509 722 Dan.
534 660 626 735 r,13.
653 656 693 718 lt
713 655 763 718 est
781 652 939 722 dominus
960 653 1115 721 omnium
1132 653 1309 722 hominum
1323 662 1356 720 et
1371 657 1527 724 domiuus
1542 655 1695 720 omnium

368 784 454 851 quae
472 761 516 828 ad
535 776 656 825 eorum
670 757 813 827 salutem
828 762 1048 838 ordinantur,
1068 756 1170 828 debet
1186 764 1289 828 etiam
1305 783 1373 827 esse
1389 763 1547 829 dominus
1561 760 1695 826 sabbati

366 867 513 934 ordinati
526 868 667 953 propter
678 864 824 934 hominis
835 866 1017 932 utilitatem
1034 863 1167 957 (lans.).
1183 865 1354 946 Quomodo
1369 871 1460 934 enim
1477 867 1577 956 isqui
1593 875 1696 954 caput

367 980 416 1040 est
439 971 618 1038 hominum
640 971 731 1062 (Alb.
759 969 880 1060 Bisa),
907 969 1039 1037 habens
1062 972 1254 1040 dominium
1277 972 1452 1040 bominum
1481 973 1637 1063 (Seteyq)
1663 977 1696 1037 et

364 1082 568 1169 potestatem
583 1100 720 1147 omnem
736 1074 882 1163 regendi
898 1099 919 1142 a
936 1081 1002 1144 lleo
1017 1078 1082 1146 sibi
1102 1080 1217 1146 datam
1237 1079 1338 1167 (Vict.
1358 1079 1505 1160 Sedens,
1525 1080 1605 1168 Fit.)
1627 1100 1693 1144 non

365 1184 469 1252 etiam
483 1205 617 1251 summa
632 1186 759 1251 valeret
774 1183 976 1251 auctoritate
991 1184 1027 1251 in
1042 1186 1154 1273 legem
1174 1185 1217 1251 ad
1234 1185 1379 1251 bominis
1393 1184 1519 1252 bonum
1535 1186 1696 1252 constitu·

367 1290 458 1357 tam?
484 1292 579 1358 Unde
601 1293 716 1380 itaque
736 1310 836 1355 sensu
857 1312 918 1357 suo
940 1293 1078 1381 proprio
1100 1292 1241 1357 retineri
1260 1298 1369 1382 potest
1391 1297 1423 1357 et
1444 1293 1562 1370 debet,
1586 1313 1696 1382 neque

367 1418 451 1486 opus
466 1405 515 1464 est
529 1420 568 1464 ac
581 1398 610 1463 si
619 1397 714 1462 nulla
728 1417 768 1462 ex
783 1396 1065 1464 antecedentibus
1079 1396 1271 1464 alliceretur
1285 1398 1454 1465 conclusio
1476 1419 1594 1463 vocem
1607 1399 1696 1464 acci-

367 1525 449 1592 pere
471 1526 550 1571 cum
567 1501 675 1569 Mald.
701 1504 784 1591 [Δρ.
806 1505 900 1570 Patr.
924 1496 1022 1592 quasi
1046 1503 1249 1592 particulam
1272 1506 1509 1594 conrpletivam
1528 1526 1535 1570 :
1552 1503 1696 1592 denique

369 1608 470 1677 Filius
485 1609 634 1677 hominis
648 1607 806 1674 dominus
824 1615 875 1676 est
887 1608 1032 1675 sabbati.
1050 1609 1154 1676 Aliter
1170 1610 1260 1677 Beda
1280 1611 1528 1678 conclusionem
1540 1611 1642 1675 inlert
1657 1632 1697 1675 ex

368 1739 400 1784 v.
422 1723 464 1784 26
489 1738 496 1784 :
518 1718 563 1796 si,
589 1715 718 1802 inquit,
743 1714 848 1782 David
872 1736 930 1782 rex
955 1715 1156 1782 sacerdotali
1177 1716 1253 1784 cibo
1275 1724 1390 1807 pastus
1413 1717 1610 1784 excusabilis
1628 1723 1694 1795 est,

368 1829 497 1912 quanto
508 1821 619 1908 magis
629 1819 731 1887 Filius
746 1821 911 1902 hominis,
924 1821 984 1910 qui
1001 1843 1100 1889 verus
1115 1844 1173 1889 rex
1187 1829 1237 1890 est
1248 1828 1281 1890 et
1295 1845 1394 1889 verus
1403 1824 1560 1889 sacerdos
1572 1832 1605 1889 et
1621 1823 1697 1889 ideo

367 1928 526 1996 dominus
547 1927 698 2008 sabbati,
725 1927 919 1994 evulsarum
943 1927 1087 1995 sabbato
1102 1929 1274 2018 spicarum
1292 1951 1380 1996 noxa
1402 1951 1468 1996 non
1490 1931 1645 1995 leuetur?
1664 1934 1698 1995 et

366 2036 395 2102 si
406 2033 596 2102 sacerdotes
605 2039 638 2101 et
648 2033 752 2100 duces
761 2033 843 2100 belli
854 2035 890 2100 in
903 2033 1037 2102 sabbati
1050 2035 1286 2103 observatione
1296 2036 1489 2126 dispensare
1499 2041 1695 2124 potuerunt,

367 2142 474 2207 multo
492 2141 602 2228 magis
617 2140 718 2208 Filius
736 2140 884 2206 hominis
902 2141 1027 2231 poterit
1043 2139 1190 2231 (Mala).
1207 2142 1392 2209 Sabbatum
1407 2148 1457 2208 est
1474 2145 1546 2208 iure
1567 2143 1697 2231 praeci-

367 2269 434 2338 puo
456 2246 528 2314 dies
547 2268 651 2336 quem
671 2246 774 2314 lahvo
793 2246 1029 2315 sanctificavit.
1057 2247 1092 2314 si
1115 2249 1231 2338 itaque
1257 2252 1344 2316 lesus
1361 2271 1396 2315 se
1415 2249 1496 2314 dicit
1520 2248 1697 2314 dominum

365 2354 467 2421 huius
482 2353 550 2420 diei
565 2353 744 2442 aequalem
763 2353 829 2419 sibi
843 2375 922 2420 cum
934 2358 1001 2421 Deo
1019 2359 1220 2443 potestatem
1234 2355 1399 2423 attribuit.
1421 2354 1456 2420 ld
1471 2354 1564 2443 quod
1578 2356 1695 2420 llatth.

369 2466 446 2542 12,ss
468 2466 501 2527 et
523 2466 600 2527 Luc.
627 2467 683 2541 6‚5
707 2459 817 2526 videri
839 2465 950 2549 posset
971 2461 1096 2527 clarius
1119 2460 1259 2551 quidem
1281 2463 1467 2539 enuntiari,
1489 2463 1568 2550 quia
1594 2462 1642 2526 ita
1663 2482 1698 2526 se

367 2567 546 2634 dominum
560 2571 673 2650 vocat,
695 2568 734 2632 ut
747 2565 783 2632 id
802 2588 842 2632 ex
856 2566 1080 2633 antecedente
1102 2567 1306 2635 documento
1322 2590 1387 2634 non
1404 2567 1593 2634 deducatur
1609 2575 1697 2632 tam·

368 2695 468 2763 quam
487 2672 675 2754 conclusio,
700 2671 759 2739 sed
778 2673 815 2738 in
829 2673 1026 2740 universum
1047 2673 1250 2758 affirmetur,
1268 2674 1350 2740 dum
1376 2675 1432 2741 hic
1455 2676 1566 2762 primo
1585 2679 1618 2739 et
1638 2694 1699 2762 per

367 2801 401 2847 se
425 2786 463 2846 ut
482 2801 693 2870 consequens
714 2801 753 2846 ex
777 2781 948 2848 sententia
968 2780 1156 2870 praemissa
1178 2780 1390 2871 proponitur.
1418 2786 1458 2845 at
1480 2787 1594 2846 tamen
1620 2780 1698 2869 plus

367 2889 528 2952 asseritur
547 2908 652 2975 quam
671 2908 711 2952 ex
727 2885 799 2953 sola
811 2886 1048 2953 consecutione
1063 2887 1182 2954 inferri
1195 2893 1320 2977 posset,
1338 2909 1415 2954 cum
1428 2907 1463 2953 se
1480 2888 1552 2951 sine.
1571 2885 1640 2952 ulla
1655 2886 1697 2951 li-

369 2992 543 3058 mitatione
558 2991 737 3059 domiuum
753 2992 887 3060 sabbati
906 2991 1069 3082 appellet.
1088 2999 1196 3073 Quare
1217 2994 1302 3061 haec
1320 2992 1411 3083 apud
1429 2998 1571 3058 llarcum
1596 3013 1698 3078 argu-

368 3100 531 3165 mentatio
548 3098 688 3166 uberior
709 3104 758 3166 est
779 3121 818 3165 ex
839 3100 955 3188 aliqua
970 3106 1068 3189 parte
1090 3099 1172 3190 quia
1193 3122 1232 3167 ex
1254 3122 1374 3168 norma
1396 3102 1432 3167 in
1458 3122 1488 3167 v,
1511 3105 1552 3164 27
1572 3104 1698 3165 statuta

367 3205 696 3295 colligituramplior
711 3205 813 3287 ratio,
831 3206 1454 3290 curl'iliushomiuis,llessias,etian1
1470 3208 1505 3271 iu
1517 3204 1697 3271 sabbatum

370 3312 478 3379 valeat
492 3311 705 3379 auctoritate.

412 3419 585 3485 Pharisaei
614 3418 908 3509 reprehenderant
935 3422 1043 3487 lesum
1073 3420 1155 3508 quia
1184 3443 1252 3487 nou
1285 3419 1484 3509 prohiberet
1512 3418 1698 3506 discipulos

369 3526 477 3592 iacere
491 3524 634 3593 sabbato
648 3523 742 3613 quod
755 3545 824 3591 uon
839 3525 955 3593 liceret
970 3525 981 3614 (
996 3524 1102 3615 231).
1121 3530 1189 3594 lam
1202 3526 1344 3593 ulterius
1361 3524 1630 3611 progrediuntur
1646 3546 1698 3589 ex-

369 3632 537 3721 piscantes
560 3631 772 3698 occasionem
794 3637 832 3698 ut
845 3632 960 3721 ipsum
978 3639 1137 3700 accusent
1158 3632 1291 3700 sabbati
1312 3633 1427 3699 violati
1448 3642 1481 3697 et
1498 3654 1537 3698 eo
1554 3630 1698 3697 crimine

370 3739 443 3805 eius
461 3738 554 3828 apud
571 3737 708 3827 plebem
727 3739 966 3805 auctoritatem
987 3745 1142 3806 evertant
1161 3762 1169 3808 :
1186 3762 1256 3806 non
1272 3745 1320 3805 est
1335 3740 1391 3805 bic
1405 3738 1507 3804 bomo
1523 3762 1544 3804 o
1559 3743 1624 3804 lleo
1640 3739 1698 3825 qui

369 3844 552 3919 sabbatum
569 3866 638 3912 non
655 3843 804 3911 custodit
823 3845 929 3935 (loan.
948 3847 1056 3935 9,16).
1072 3852 1100 3912 Α
1119 3846 1227 3912 tribus
1240 3846 1422 3934 synopticis
1438 3844 1520 3910 haee
1538 3844 1580 3910 (le
1597 3865 1698 3910 manu

370 3951 468 4018 arida
480 3951 631 4018 narratio
643 3950 865 4038 subiungitur
876 3952 1005 4041 (llatth.
1028 3958 1118 4034 ¹²29·
1133 3958 1209 4020 Luc.
1228 3952 1313 4041 6,6),
1332 3983 1347 4012 «
1365 3975 1431 4040 quo
1443 3957 1557 4039 aperte
1572 3956 1701 4016 constet

370 4065 403 4125 et
420 4060 568 4126 maxima
582 4058 840 4148 pharisaeorum
854 4059 890 4124 iu
905 4057 1126 4126 diiudicando
1141 4060 1285 4126 caecitas
1299 4067 1332 4124 et
1352 4057 1580 4147 implacabilis
1595 4057 1699 4122 laeto-

370 4187 446 4232 rum
462 4166 584 4232 Christi
599 4163 746 4246 invidia‚
767 4165 823 4231 cui
838 4164 942 4232 nullis
956 4165 1147 4233 rationibus
1160 4167 1379 4254 quantumvis
1400 4163 1592 4229 efficacibus
1607 4165 1701 4229 satis-

370 4271 443 4337 [ieri
455 4273 576 4361 potuit,
592 4271 652 4338 sed
665 4272 777 4360 potius
786 4293 921 4361 semper
935 4272 968 4338 in
983 4274 1080 4362 peius
1090 4273 1232 4363 proiecit
1245 4300 1260 4332 η
1275 4271 1419 4359 (loen.);
1435 4278 1489 4351 3‚1
1505 4284 1537 4336 et
1550 4270 1701 4335 introivit

369 4379 490 4444 iterum
506 4380 542 4445 in
556 4401 766 4468 syncqoqom
774 4397 790 4462 ‚·
804 4379 927 4444 iterum
940 4377 996 4468 (cf.
1018 4384 1108 4461 131.
1125 4379 1181 4466 39)
1193 4378 1318 4462 dicitur
1332 4379 1412 4466 quia
1425 4383 1524 4443 autea
1540 4379 1607 4443 iam
1624 4399 1700 4441 uar-

372 4492 482 4551 ratum
499 4492 548 4552 est
563 4508 642 4553 eum
657 4484 809 4552 docuisse
822 4484 858 4550 in
872 4506 1052 4572 synagoga
1063 4485 1100 4551 in
1112 4486 1353 4575 Capharnaum
1368 4483 1522 4571 (alatam
1547 4484 1701 4549 similiter

371 4599 426 4672 2,1
449 4594 573 4659 iterum
595 4593 735 4659 intravit
749 4593 989 4681 Capharnaum
1006 4598 1039 4657 et
1060 4593 1278 4673 2‚13iterum
1297 4591 1341 4658 ad
1356 4613 1448 4657 maro
1468 4612 1624 4676 egressus
1639 4596 1697 4655 est.

373 4703 440 4765 lloc
462 4720 542 4764 vero
562 4698 698 4765 dicendi
719 4698 818 4766 modo
839 4720 919 4765 cum
944 4720 1013 4765 uon
1034 4705 1225 4788 apponatur
1242 4698 1430 4785 designatio
1453 4696 1616 4787 temporis
1642 4698 1699 4782 (uti

372 4813 426 4886 2,1
446 4813 479 4871 et
494 4805 588 4893 223)
604 4805 766 4894 opinatur
779 4805 910 4895 Scheqq
929 4805 1073 4872 indicari
1088 4806 1221 4871 nullum
1237 4808 1400 4895 temporis
1420 4803 1635 4870 intervallum
1653 4804 1701 4869 in-

372 4912 557 4981 tercessisse
575 4913 665 4978 iuter
683 4919 844 4979 eventum
863 4913 1015 5002 priorem
1034 4919 1067 4979 et
1085 4912 1185 4979 huuc.
1209 4917 1330 4979 l'erum
1352 4913 1385 4978 id
1405 4934 1471 4978 nou
1491 4913 1644 5000 sequitur
1662 4934 1701 4978 cx
