3960 5654
344 693 376 738 v.
397 679 438 740 29
458 684 490 739 et
505 691 583 737 com
592 666 798 756 produxerit
808 672 944 758 fructus
966 669 1023 759 (cl.
1046 667 1124 732 lect.
1151 670 1238 758 var.)
1256 655 1394 757 παραδοῖ
1409 672 1554 761 explicat
1569 671 1672 739 Eum,

342 777 415 842 ὅταν
434 780 543 866 ὥριμος
561 775 687 863 γένηται
697 822 707 857 ,
727 798 808 844 cum
828 775 1048 851 maturuerit;
1067 775 1151 841 verti
1166 780 1275 864 potest
1288 774 1337 844 :si
1351 774 1478 844 fructus
1493 777 1672 868 permittit,

343 909 384 954 ea
402 887 495 953 enim
514 881 651 947 notione
667 883 813 950 verbum
829 883 933 949 ctiam
949 879 1042 971 apud
1058 882 1218 969 profanos
1232 880 1426 964 adhibetur,
1438 885 1553 951 statim
1571 882 1676 949 mittit

338 993 464 1080 falcem
488 987 544 1053 illc
558 988 629 1056 scil.
648 989 746 1056 homo
764 989 823 1077 qui
835 988 914 1056 iecit
925 990 1123 1071 sementem,
1134 988 1296 1078 quomam
1307 985 1402 1053 adest
1414 988 1676 1075 messis;falcem

343 1095 496 1165 immittit
511 1093 546 1160 iu
560 1117 715 1162 messem.

386 1200 593 1269 Describitur
612 1204 728 1291 itaque
749 1201 787 1265 in
806 1200 870 1267 hac
886 1199 1056 1291 parabola
1078 1208 1173 1269 ortus
1195 1199 1378 1280 Ecclesiae,
1398 1199 1470 1266 eius
1487 1203 1677 1269 incremen-

345 1313 417 1375 tum
437 1313 469 1375 et
484 1306 733 1375 consummatio
749 1308 888 1373 saeculi.
904 1306 1053 1374 Primam
1067 1312 1101 1373 et
1114 1308 1271 1374 ultimam
1284 1312 1434 1396 partem,
1451 1308 1628 1375 exordium
1644 1315 1678 1374 ct

342 1417 687 1496 consummationem,
712 1413 783 1501 ipse
798 1413 948 1480 Christus
963 1413 1078 1502 palam
1098 1413 1223 1481 visibili
1237 1435 1381 1502 corpore
1394 1420 1594 1503 peracturus
1609 1420 1673 1495 est3

344 1543 561 1611 progressum
585 1525 700 1587 autam
722 1524 756 1584 et
782 1520 1031 1586 incrementum
1052 1519 1218 1588 Ecclesiae
1242 1518 1414 1611 usquead
1435 1542 1577 1587 messem
1602 1520 1676 1586 fieri

342 1628 450 1710 docet,
461 1629 546 1694 dum
556 1627 628 1716 ipse
641 1626 711 1692 iam
719 1647 788 1692 nou
795 1625 921 1692 visibili
933 1648 993 1692 sua
1004 1626 1197 1715 praesentia
1212 1647 1297 1713 agro
1310 1627 1362 1693 illi
1371 1628 1537 1698 seminato
1552 1625 1674 1695 adstet.

343 1737 475 1803 Semine
493 1733 566 1800 scil.
589 1733 678 1799 iacto
701 1732 853 1798 ascendit
878 1733 914 1799 in
934 1731 1066 1798 coelum
1086 1731 1248 1822 (Theoph.
1272 1733 1398 1822 lom),
1422 1754 1561 1822 operam
1579 1755 1675 1805 suam

344 1841 531 1919 visibilem,
548 1860 646 1906 suam
665 1836 950 1928 praedicationem
964 1861 1074 1928 quam
1084 1844 1184 1906 antea
1196 1838 1365 1919 exhibuit,
1387 1838 1456 1905 iam
1475 1844 1587 1906 terrae
1601 1839 1678 1906 suh

343 1949 462 2029 traxit;
485 1946 611 2045 quain
637 1967 673 2011 re
689 1945 840 2032 aliquam
863 1945 898 2011 in
920 1967 955 2011 se
975 1945 1134 2035 exprimit
1158 1944 1414 2012 similitudinem
1435 1966 1514 2012 cnm
1533 1946 1676 2012 homine

342 2055 403 2145 qui
428 2053 557 2121 semine
578 2058 690 2118 terrae
718 2052 897 2118 commisso
919 2051 991 2118 abit
1013 2052 1081 2119 alia
1105 2052 1243 2138 negotia
1260 2057 1450 2119 curaturus.
1470 2051 1678 2141 Exprimitur

346 2162 475 2252 pariter
493 2160 545 2226 vis
568 2162 602 2225 et
624 2157 776 2224 efficacia
796 2156 958 2224 fundatae
979 2180 1039 2250 per
1055 2159 1225 2225 Christum
1247 2157 1430 2238 Ecclesiae,
1449 2180 1537 2247 quae
1552 2159 1677 2224 virtute

346 2291 368 2335 a
385 2266 515 2334 Christo
534 2264 600 2332 sibi
618 2264 729 2330 indita
742 2265 862 2330 crescit
881 2269 916 2329 et
935 2265 1064 2331 fructus
1081 2265 1158 2331 fert.
1179 2263 1283 2331 Huius
1300 2270 1416 2332 autem
1429 2265 1594 2332 Ecclesiae
1610 2265 1677 2330 ini-

347 2375 395 2441 tia
407 2394 526 2464 parva,
538 2392 741 2462 progressus
755 2371 791 2436 in
805 2393 837 2437 v.
849 2376 891 2437 28
909 2371 1118 2438 indicantur.
1136 2375 1236 2438 Docet
1249 2372 1363 2461 itaque
1376 2371 1527 2438 Christus
1540 2393 1576 2437 se
1590 2372 1678 2438 iacto

345 2480 568 2548 fundamento
586 2498 812 2559 recessurum,
829 2498 925 2544 suam
941 2478 1124 2545 Ecclesiam
1141 2500 1182 2544 ex
1195 2478 1309 2567 parvis
1322 2477 1431 2544 initiis
1438 2477 1606 2566 paulatim
1620 2499 1677 2544 ca-

337 2601 427 2679 'pere
444 2587 673 2664 incrementa;
694 2583 739 2650 ad
765 2590 899 2673 tempus
918 2584 1035 2651 messis
1053 2585 1077 2652 i.
1097 2606 1128 2652 e.
1144 2584 1181 2650 in
1196 2584 1487 2652 consummatione
1501 2606 1537 2650 se
1551 2585 1677 2650 iterum

345 2699 527 2761 venturum
547 2699 585 2758 ut
606 2692 757 2758 triticum
776 2696 965 2777 congreget
985 2691 1023 2756 in
1042 2690 1166 2758 horrea
1181 2712 1258 2774 sua;
1275 2690 1384 2758 mittet
1398 2689 1525 2779 falcem
1548 2691 1593 2757 cl.
1610 2690 1678 2757 loel

343 2807 435 2882 3,13.
452 2806 555 2888 Αροο.
581 2805 694 2879 1t‚15.

388 2908 481 2974 Sicut
494 2906 657 2995 inpriore
672 2904 837 2993 parabola
856 2903 1035 2971 exhibetur
1049 2925 1153 2993 quam
1170 2904 1278 2971 varios
1298 2903 1435 2971 effectus
1453 2903 1618 2971 habitura
1633 2904 1678 2970 sit

349 3012 558 3103 praedicatio
584 3010 755 3097 evangelii
778 3009 976 3077 hominibus
1005 3010 1111 3090 facta,
1137 3011 1184 3076 ita
1209 3010 1245 3076 in
1267 3009 1332 3077 hac
1359 3000 1620 3097 veluti'gradus
1645 3014 1678 3076 et

345 3125 471 3188 aetates
483 3117 650 3184 Ecclesiae
662 3118 818 3203 generali
828 3115 977 3207 quadam
986 3117 1117 3183 ratione
1127 3116 1387 3184 adumbrantur.
1402 3121 1439 3183 ln
1452 3116 1677 3209 explicatione

346 3248 461 3293 rerum
485 3223 700 3310 singularum
722 3213 822 3289 varia
840 3229 1066 3311 quaeruntur.
1095 3222 1271 3289 Hominem
1293 3223 1353 3312 qui
1372 3224 1475 3291 iaciat
1492 3227 1676 3290 sementem

347 3355 416 3400 csse
434 3332 605 3397 Christum
626 3331 686 3418 qui
707 3329 855 3395 instituit
875 3328 1055 3395 Ecclesiam
1071 3329 1171 3417 eique
1187 3349 1283 3395 suam
1303 3330 1470 3397 commisit
1485 3328 1677 3396 doctrinam

345 3445 379 3507 et
392 3440 461 3504 vim
483 3459 523 3504 ac
542 3435 803 3503 destinationem
820 3433 947 3501 indidit
966 3441 1003 3501 ut
1018 3456 1079 3523 per
1092 3435 1212 3501 orbem
1231 3443 1491 3525 propagaretur,
1509 3437 1590 3503 satis
1605 3457 1678 3502 ma-

346 3545 506 3612 nifestum
522 3549 571 3609 est
584 3548 619 3609 et
633 3541 745 3608 elucet
759 3563 896 3631 quoque
911 3563 951 3607 ex
970 3563 1010 3607 eo
1029 3540 1112 3630 quia
1124 3541 1160 3606 in
1175 3540 1338 3630 parabola
1357 3541 1450 3609 idem
1468 3543 1527 3632 qui
1546 3563 1678 3610 semen·

272 3694 275 3699 ·
346 3659 413 3720 tem
438 3650 585 3717 iaciebat
618 3649 723 3715 etiam
752 3647 865 3729 metit,
893 3648 916 3713 i.
953 3670 984 3714 e.
1012 3648 1060 3712 uti
1086 3647 1123 3713 in
1146 3651 1238 3714 terra
1266 3653 1495 3715 commoratus
1519 3648 1679 3715 fundavit

348 3757 547 3837 Ecclesiam,
575 3755 623 3822 ita
641 3752 753 3820 aderit
770 3753 816 3820 ad
835 3753 1018 3819 Ecclesiam
1042 3774 1139 3819 suam
1163 3754 1197 3819 in
1217 3753 1363 3843 patriam
1378 3754 1558 3822 coelestem
1575 3754 1678 3821 iudu-

345 3864 500 3942 cendam,
516 3860 628 3929 aderit
642 3862 678 3926 in
692 3858 985 3927 consummatione
1003 3860 1213 3926 saeculorum
1226 3860 1352 3927 iterum
1365 3861 1507 3928 visibilis
1520 3862 1557 3928 in
1571 3867 1674 3928 terra.

346 3974 529 4059 Propterea
549 3968 574 4034 ii
598 3990 618 4034 a
637 3966 847 4057 proprietate
862 3965 1046 4055 parabolae
1064 3966 1222 4033 recedere
1238 3965 1399 4034 videntur
1419 3968 1480 4057 qui
1504 3967 1677 4034 hominem
1700 3964 1701 3967 ’

347 4076 400 4143 vel
414 4076 456 4142 de
472 4076 604 4142 Christo
613 4081 646 4140 et
654 4073 696 4139 de
704 4072 998 4161 praedicatoribus
1008 4071 1179 4159 evangelii
1191 4073 1363 4162 explicant
1374 4074 1432 4162 (ol.
1447 4075 1537 4141 laras.
1553 4071 1678 4159 Metel.)

347 4183 400 4249 vel
417 4183 460 4249 de
478 4181 558 4247 solis
576 4178 869 4271 praedicatoribus
887 4178 1013 4266 (Calm.
1038 4178 1161 4265 Pata).
1180 4180 1242 4256 Qui
1259 4180 1430 4247 Christum
1447 4180 1599 4267 intelligi
1616 4202 1678 4248 ne·

346 4296 444 4376 gant,
461 4289 646 4377 praecipue
665 4291 816 4373 arguunt
834 4308 873 4352 ex
889 4308 921 4350 v.
937 4292 997 4367 273
1014 4286 1184 4352 Christum
1204 4286 1294 4352 enim
1310 4308 1379 4353 non
1394 4285 1439 4353 ad
1459 4287 1527 4353 alia
1541 4309 1576 4353 se
1599 4309 1679 4354 oon-

346 4402 477 4463 vertere
497 4395 646 4480 negotia,
657 4413 768 4482 neque
781 4413 898 4458 semen
912 4391 1047 4457 sibisoli
1058 4390 1254 4480 relinquere
1266 4413 1377 4483 neque
1393 4392 1524 4460 nescire
1538 4393 1679 4461 modum

345 4525 413 4593 quo
433 4501 605 4588 germinet
624 4507 657 4566 ct
676 4505 814 4567 crescat.
837 4502 924 4564 Haec
944 4499 1061 4586 utique
1082 4498 1253 4565 verissime
1277 4498 1451 4567 dicuntur.
1476 4506 1517 4567 At
1538 4523 1618 4567 cum
1638 4500 1679 4567 dc

346 4607 510 4700 parabola
523 4612 648 4693 agatur
667 4607 829 4673 dicuntur
843 4610 980 4696 praeter
998 4626 1080 4670 rem.
1098 4607 1182 4671 Nam
1197 4606 1233 4670 in
1247 4606 1412 4694 parabola
1432 4607 1616 4696 praecipue
1631 4612 1680 4674 at-

347 4714 440 4783 tendi
460 4718 597 4802 oportet
619 4712 664 4779 ad
691 4712 775 4801 quid
789 4712 907 4780 tendat
926 4712 1051 4792 orati03
1074 4710 1165 4800 quod
1180 4711 1208 4778 si
1221 4711 1379 4797 habetur,
1396 4736 1464 4780 nou
1479 4735 1564 4803 opus
1579 4719 1680 4782 estut

347 4820 493 4890 maxima
508 4818 678 4908 quaedam
697 4820 916 4887 conformitas
940 4818 1073 4886 exsistat
1089 4819 1177 4884 inter
1196 4819 1347 4906 singulas
1366 4825 1478 4910 partes
1496 4822 1680 4911 parabolae

345 4936 380 4997 et
398 4929 447 4996 rei
462 4926 689 5013 significatae.
707 4927 912 4995 Describitur
930 4928 1046 5017 itaque
1067 4927 1102 4992 iu
1118 4926 1284 5015 parabola
1300 4928 1403 4995 homo
1419 4949 1458 4995 ex
1472 4929 1522 4996 rei
1537 4929 1679 4996 veritate
