3960 5654
9 516 42 533 ’Δ
81 531 84 536 ’
154 568 213 628 ara
539 647 542 653 Ι
669 580 761 626 uine.
785 562 834 634 ιο,
857 561 961 620 ecee.

156 719 264 805 magis
276 714 321 782 ad
337 713 489 778 toramen
503 719 776 802 acusaptaretur.
795 711 857 780 Sed
872 711 1038 778 eiusmodi
1053 710 1237 779 locutiones
1252 710 1482 802 proverbiales

154 825 197 892 de
214 822 395 910 elephante
415 842 447 886 v.
470 841 504 906 g.
521 819 614 906 apud
629 821 770 887 ludaeos
789 821 825 884 in
840 840 903 883 usu
923 826 1035 885 erant.

81 914 85 922 ⁴
197 929 304 997 Etiam
324 927 436 1013 magis
458 925 700 1014 obstupescunt
716 924 874 1012 discipuli
890 946 921 988 v.
939 920 982 991 ‘26
1002 924 1186 1014 quimaqis
1206 923 1479 1004 admirabantur,

152 1040 300 1124 περισσῶς
314 1055 417 1123 supra
434 1032 574 1098 modum
594 1029 813 1110 ἐξεπλήσσοντο
831 1032 925 1119 quasi
946 1033 1013 1097 ictu
1030 1029 1314 1121 percellebantur,
1335 1032 1482 1099 dicentes

153 1139 201 1209 cd
216 1141 410 1232 semetipsos
434 1137 522 1219 (vide
544 1139 619 1207 lect.
642 1141 748 1226 var.);
771 1160 849 1203 cum
872 1137 964 1226 apud
986 1143 1128 1204 Marcum
1149 1158 1326 1225 nunquam
1348 1139 1482 1206 dicatur

152 1248 250 1337 λέγειν
258 1243 429 1334 πρόςτινα,
443 1245 507 1311 nisi
521 1245 579 1311 ubi
588 1248 631 1312 sit
640 1245 712 1334 πρὸς
722 1248 856 1323 ἑαυτούς,
866 1242 939 1331 πρὸς
949 1243 1102 1315 ἀλλήλους
1112 1244 1203 1333 (tr,tr1
1216 1267 1222 1325 ;
1236 1249 1335 1326 8,16;
1352 1246 1480 1334 1131),

2 1327 12 1375 Ι·
45 1382 52 1423 ·,
153 1355 252 1432 lectio
267 1354 362 1441 vulg.
379 1352 514 1419 videtur
529 1353 698 1437 genuina;
721 1365 754 1419 ct
768 1351 843 1441 quis
852 1362 964 1440 potest
980 1352 1093 1418 salvus
1110 1350 1210 1437 fieri?
1224 1351 1311 1417 illud
1327 1356 1378 1413 καί
1393 1358 1427 1418 et
1445 1354 1479 1418 in

153 1460 251 1527 initio
270 1458 548 1546 interrogationis
567 1485 584 1519 ο
610 1481 688 1525 cum
705 1461 738 1524 vi
758 1459 893 1525 auctiva
911 1459 960 1524 ita
979 1460 1130 1548 ponitur,
1155 1463 1192 1523 ut
1208 1459 1235 1523 is
1254 1459 1314 1546 qui
1334 1459 1480 1525 interro·

7 1608 10 1614 ·
69 1590 79 1623 ν
153 1572 214 1654 gat
234 1588 312 1634 cum
334 1565 559 1632 admiratione
583 1565 732 1653 quadam
756 1565 895 1631 alterius
923 1566 1115 1632 orationem
1138 1565 1290 1653 excipere
1313 1586 1353 1630 ex
1373 1586 1482 1654 eaque

123 1707 126 1712 ·
154 1669 405 1741 conclusionem
424 1671 547 1737 ducere
569 1672 781 1763 significetur
805 1693 873 1759 qna
897 1672 1038 1738 alterius
1056 1672 1224 1737 sententia
1246 1671 1440 1738 confutetur
1465 1700 1480 1731 »

155 1776 361 1868 (Kalinerad
370 1782 455 1844 Xen.
469 1782 562 1842 Mem.
576 1784 643 1857 1‚3.
658 1784 698 1844 10
713 1777 805 1866 apud
824 1779 952 1866 Weiss).
966 1777 1076 1843 Verba
1088 1781 1158 1843 lesu
1171 1778 1481 1845 secumrecolentes

154 1891 187 1954 et
200 1885 288 1952 bene
299 1883 541 1974 perspicientes
552 1890 763 1972 quantopere
778 1883 932 1950 homines
947 1883 1082 1949 divitias
1096 1889 1229 1964 ament,
1245 1884 1351 1950 immo
1364 1885 1388 1950 ii
1401 1906 1484 1973 quo

154 2014 221 2082 que
246 2013 302 2058 eas
324 1990 518 2056 desiderent
543 1991 602 2077 qui
627 2012 683 2055 eas
712 1998 883 2078 nequeant
909 1990 1050 2079 adipisci
1074 1990 1207 2078 (Beda),
1234 1992 1425 2057 exclamant
1448 2004 1480 2057 et

155 2098 229 2188 quis
248 2103 313 2165 etc.
333 2096 507 2163 neminem
525 2117 637 2184 posse,
661 2097 689 2162 si
711 2117 764 2162 res
785 2097 832 2162 ita
848 2118 883 2163 se
908 2096 1049 2176 habeat,
1072 2103 1108 2162 ut
1123 2102 1211 2163 lesus
1229 2096 1327 2176 dicit,
1348 2098 1482 2164 salvum

154 2204 238 2273 lieri.
253 2207 321 2282 Qua
332 2202 624 2269 animadversione
632 2202 734 2268 simul
744 2204 1005 2292 explicationem
1015 2211 1148 2289 rogant,
1162 2225 1238 2270 cum
1249 2202 1324 2269 lieri
1336 2211 1484 2292 nequeat

154 2317 192 2379 ut
210 2332 327 2379 omnes
343 2332 364 2375 a
383 2331 490 2396 regno
506 2309 561 2374 Dei
581 2307 804 2375 excludantur
825 2309 917 2397 quod
941 2315 1057 2376 tamen
1074 2333 1092 2376 e
1115 2310 1228 2376 verbis
1242 2311 1365 2376 Christi
1387 2313 1483 2400 sequi

155 2417 344 2486 videbatur.
362 2419 486 2482 Notant
512 2415 590 2482 Vict.
612 2414 756 2505 Theopli.
780 2415 982 2505 discipulos
1006 2422 1121 2505 utpote
1144 2439 1310 2507 pauperes
1334 2439 1403 2483 non
1420 2440 1484 2506 pro

154 2547 205 2608 se,
219 2523 279 2592 sed
290 2545 352 2614 pro
365 2522 524 2590 omnibus
536 2522 733 2589 hominibus
744 2523 846 2588 luisse
858 2524 973 2589 anxios
987 2523 1219 2590 misericordia
1228 2545 1348 2590 eorum
1361 2530 1481 2591 motos.

198 2636 239 2700 Et
253 2630 513 2721 explicationem
528 2649 633 2718 quam
648 2628 708 2695 illa
722 2614 966 2696 exclamatione
980 2631 1079 2696 tacite
1095 2635 1215 2720 petunt
1231 2634 1320 2696 lesus
1337 2631 1483 2697 subiun-

155 2738 207 2826 git
217 2761 250 2805 v.
264 2743 306 2803 27
317 2747 349 2803 et
362 2736 497 2803 intuens
507 2734 582 2801 illos
592 2742 626 2802 et
635 2741 774 2824 aspectu
788 2759 848 2802 suo
860 2758 916 2803 eos
930 2738 999 2802 iam
1009 2737 1144 2822 erigens
1155 2742 1189 2803 et
1203 2738 1380 2804 consolans
1392 2741 1486 2805 Iesus

156 2844 206 2912 ait
224 2865 236 2911 :
254 2842 350 2934 apud
367 2843 520 2909 homines
539 2841 743 2930 impossibile
758 2855 823 2922 est,
843 2842 904 2909 sed
920 2865 989 2910 non
1002 2842 1099 2932 apud
1115 2846 1242 2925 Deum;
1257 2845 1374 2910 omnia
1393 2846 1483 2911 enim

154 2949 328 3042 possibilia
342 2961 422 3014 sunt
437 2949 533 3038 apud
547 2952 674 3030 Deum;
690 2949 712 3015 i.
731 2972 760 3016 e.
779 2950 881 3016 homo
896 2952 965 3016 suis
980 2949 1108 3016 viribus
1121 2951 1257 3016 relictus
1269 2953 1387 3039 utique
1407 2952 1481 3018 ille-

75 3051 77 3054 ’
156 3057 264 3126 cebris
283 3055 482 3123 divitiarum
501 3062 535 3121 et
556 3056 646 3134 vitiis
663 3056 708 3122 ad
727 3078 816 3144 quae
833 3057 910 3122 illae
928 3055 1055 3123 blande
1076 3057 1221 3123 invitant
1238 3058 1393 3124 resistere
1412 3080 1486 3124 non

156 3170 281 3256 potest,
305 3162 387 3251 quia
406 3160 558 3251 pondere
578 3169 720 3228 naturae
741 3169 921 3251 corruptae
937 3163 1066 3229 adime
1085 3162 1210 3238 fertum
1236 3164 1296 3229 sed
1315 3168 1401 3230 [teus
1422 3187 1483 3232 sua

58 3293 61 3299 ’
155 3272 267 3360 gratia
287 3270 441 3336 animum
465 3274 573 3356 potest
591 3268 639 3333 ita
660 3291 779 3335 sanare
800 3273 834 3333 et
845 3269 1037 3335 confortare
1050 3273 1089 3334 ut
1108 3290 1272 3355 generose
1290 3269 1429 3337 calcatis
1443 3294 1482 3338 ac

155 3378 320 3466 superatis
330 3375 708 3463 concupiscentiisinter
719 3375 1042 3464 mediasopesunice
1053 3375 1097 3442 ad
1106 3377 1486 3465 lteumaspiretearum-

156 3507 222 3575 que
232 3505 295 3551 usu
309 3489 400 3548 recto
413 3481 556 3567 gloriam
571 3480 628 3546 [tei
644 3488 677 3546 et
689 3504 785 3547 suam
798 3488 958 3570 procuret
970 3482 1128 3548 salutem.
1150 3487 1250 3549 Docet
1262 3485 1377 3572 itaque
1391 3485 1485 3551 Chri-

157 3597 226 3660 stus
246 3588 360 3677 gratia
375 3588 432 3653 nei
451 3609 550 3653 omne
567 3587 685 3654 salutis
705 3588 990 3677 impedimentum
1011 3590 1179 3655 removeri
1200 3596 1233 3656 et
1247 3613 1287 3657 ea
1309 3590 1484 3658 hominem

158 3698 296 3767 omnino
309 3694 466 3780 indigere
481 3702 519 3759 ut
532 3694 684 3782 pericula
696 3697 799 3761 evitet
811 3718 899 3784 quae
920 3719 960 3762 ex
974 3695 1073 3762 bonis
1089 3697 1303 3763 terrestribus
1319 3705 1394 3764 orta
1410 3699 1486 3764 ani-

160 3827 230 3873 mos
244 3801 402 3871 obsident
415 3806 449 3867 et
463 3807 677 3888 oppugnant.
696 3803 772 3868 Sola
786 3804 901 3890 itaque
917 3804 1030 3889 gratia
1044 3803 1162 3869 divina
1176 3803 1305 3869 tollitur
1319 3803 1363 3869 ab
1378 3803 1487 3871 homi-

159 3913 258 3980 nibus
276 3906 489 3976 inordinatus
508 3907 646 3974 allectus
665 3914 698 3973 et
718 3931 794 3975 usus
814 3909 1024 3976 divitiarum.

203 4016 316 4098 Qualis
334 4015 376 4080 sit
395 4013 453 4080 ille
476 4015 655 4079 thesaurus
673 4016 711 4080 in
731 4016 826 4081 coelo
847 4017 1029 4105 repositus,
1051 4020 1168 4082 Petrus
1188 4018 1381 4083 accuratius
1401 4020 1486 4085 scire

161 4125 245 4193 velle
258 4123 406 4198 videtur;
420 4142 526 4208 quare
539 4122 681 4187 Domino
694 4121 778 4187 dicit
792 4144 799 4187 :
812 4124 955 4189 lecimus
965 4123 1001 4188 id
1009 4121 1100 4211 quod
1115 4122 1318 4190 adolescenti
1333 4126 1485 4207 suasisti;

159 4255 192 4298 v.
213 4236 256 4298 28
275 4242 308 4296 et
331 4228 440 4316 coepit
459 4227 491 4292 ei
511 4231 630 4293 Petrus
649 4226 759 4294 dicere
779 4251 789 4293 ,·
810 4251 884 4295 ecee
904 4250 963 4295 nos
984 4227 1175 4295 dimisimus
1194 4231 1308 4296 omnia
1331 4244 1365 4297 et
1383 4233 1492 4298 secuti

158 4359 273 4406 sumtis
291 4336 343 4402 tel
357 4334 441 4424 quid
457 4356 539 4419 ergo
555 4335 619 4400 erit
635 4333 754 4399 nobis‘l
769 4335 803 4400 id
819 4336 911 4425 quod
927 4335 1019 4423 apud
1033 4337 1146 4403 llatth.
1165 4335 1312 4416 additur,
1330 4337 1387 4403 hic
1402 4360 1488 4427 quo-

160 4467 225 4536 que
242 4466 281 4510 ex
298 4442 451 4508 oratione
473 4446 629 4507 contexta
651 4446 682 4506 et
704 4442 919 4529 responsione
938 4446 1010 4508 lesu
1027 4464 1132 4530 perse
1151 4442 1372 4529 intelligitur,
1395 4467 1427 4511 v.
1446 4450 1488 4511 29

160 4547 365 4641 respondens
381 4550 472 4614 lestis
486 4548 534 4612 cit
551 4569 676 4612 :amen
692 4547 766 4613 dico
784 4547 895 4628 vobis,
913 4570 1011 4614 nemo
1024 4549 1146 4638 estqui
1158 4548 1331 4639 reliquerit
1348 4550 1488 4616 domum

160 4670 220 4728 aut
241 4657 367 4744 fratres
384 4667 447 4720 urit
463 4677 605 4736 sorores,
623 4669 687 4720 aret
703 4668 841 4743 patrem
860 4669 922 4720 uret
942 4667 1103 4736 matrem,
1124 4669 1186 4722 aret
1199 4655 1290 4743 filios
1310 4670 1373 4722 out
1392 4680 1491 4747 apros

159 4776 298 4859 propter·
312 4783 365 4827 me
380 4773 413 4827 et
426 4775 567 4850 propter
581 4763 813 4851 evarzqelium,
832 4769 869 4826 ut
882 4763 952 4829 scil.
978 4762 1064 4828 mihi
1078 4762 1263 4830 adhaereat
1280 4763 1490 4830 doctrinam-

163 4895 229 4964 que
240 4889 350 4937 meam
361 4874 523 4955 sequatur
532 4869 608 4935 etin
617 4890 691 4934 eam
706 4871 780 4935 aliis
788 4870 1059 4936 annuntiandam
1069 4891 1165 4937 suam
1174 4870 1324 4936 conferat
1335 4893 1488 4960 operam.

62 5056 64 5060 ,
164 4985 246 5048 Cum
266 4975 415 5044 Christus
429 4973 565 5040 dixisset
589 4997 597 5042 :
615 4977 692 5042 veni
709 4978 801 5044 enim
819 4999 977 5065 separare
995 4977 1169 5045 bominem
1182 4975 1345 5044 adversus
1357 4984 1490 5065 patrem
