3960 5654
216 494 276 554 rto
733 510 821 556 nanc.
846 494 893 562 lh,
908 493 1023 554 'lt-tt.

221 690 225 698 .
253 643 338 705 Bene
354 640 489 700 advertit
505 642 536 702 S.
553 638 722 719 ‘Gregorius
739 665 748 703 :
763 671 777 700 «
794 644 878 723 qnod
898 649 1165 708 resurrectionem
1186 646 1379 708 dominicam
1396 644 1543 721 discipuli

213 742 302 804 tarde
317 738 537 804 crediderunt.
554 757 617 798 non
634 745 698 800 tani
720 744 847 804 illorum
869 743 1034 802 inlirmitas
1057 763 1151 821 qnam
1170 750 1292 808 nostra.
1312 753 1346 805 ut
1367 747 1408 805 ita
1425 744 1542 811 dicam,

213 841 316 899 lutura
336 838 466 897 firmitas
487 840 556 898 luit.
581 838 651 914 lpsa
672 858 808 918 namque
832 843 1019 901 resurrectio
1041 842 1101 901 illis
1122 841 1344 904 dubitantibus
1365 861 1420 920 per
1441 841 1544 920 multa

212 941 398 1013 argumenta
420 942 593 996 monstrata
611 943 673 1007 est,
695 957 773 1015 quae
796 938 871 997 dum
893 956 950 998 nos
968 941 1106 1016 legentes
1127 941 1346 1019 agnoscimus,
1363 940 1438 1016 quid
1458 937 1544 999 aliud

211 1034 355 1110 quamde
372 1034 499 1094 illorum
516 1033 716 1095 dubitatione
732 1036 925 1095 solidamur?
940 1039 1041 1096 llinus
1055 1040 1142 1097 eiiim
1159 1038 1237 1097 mihi
1251 1038 1347 1097 Maria
1363 1037 1544 1115 llagdalene

210 1132 368 1209 praestitit
387 1150 466 1209 quae
487 1131 581 1189 citius
598 1134 733 1193 credidit
753 1150 848 1210 quarn
868 1135 1005 1194 Thomas
1022 1136 1076 1212 qni
1098 1136 1151 1195 diu
1168 1136 1333 1196 dubitavit.
1355 1134 1408 1194 llle
1422 1135 1543 1194 etenim

211 1221 386 1290 dubitando
400 1231 567 1289 vulnerum
586 1231 747 1291 cicatrices
763 1232 865 1308 tetigit
880 1233 962 1293 etde
980 1239 1084 1293 nostro
1101 1240 1227 1310 pectore
1242 1233 1414 1293 dubietatis
1432 1233 1544 1291 rulnus

211 1329 389 1406 amputavit
410 1352 423 1380 n
443 1326 541 1406 (hom.
561 1328 592 1386 in
609 1346 718 1406 evang.
737 1329 835 1403 ⁶29.l);
855 1331 1002 1391 similiter
1018 1333 1047 1387 S.
1070 1329 1138 1395 len.
1160 1348 1254 1392 serm.
1273 1330 1541 1410 73(a1.71)n.3;

213 1425 251 1484 dl.
268 1427 391 1499 atauo.

255 1610 300 1671 Ex
319 1603 593 1694 apparitionibus
617 1625 705 1691 quae
732 1603 812 1691 ipsis
833 1607 993 1692 apostolis
1018 1606 1145 1671 fiebant
1169 1629 1273 1673 unam
1297 1613 1543 1672 commemorat

165 1716 169 1723 '
208 1710 420 1798 evangelista
445 1731 513 1797 qua
532 1709 669 1775 demum
697 1709 762 1774 illis
781 1713 891 1776 omnis
916 1712 1086 1778 dubitatio
1108 1720 1264 1801 exempta
1283 1719 1317 1778 et
1337 1712 1472 1777 sublata
1493 1720 1543 1777 est

210 1841 242 1884 v.
262 1825 302 1886 rt
318 1816 494 1883 novbsime
512 1815 632 1901 ὕστερον
652 1821 765 1904 postea
789 1816 885 1904 (Feb.
913 1819 1018 1883 Malu.
1042 1816 1196 1897 Soteris,
1217 1814 1296 1904 Fit.)
1319 1817 1543 1883 recumbenti-

210 1923 360 1990 basillis
384 1921 542 1988 undecim
567 1922 734 2010 apperuit
758 1935 790 1988 et
817 1923 1036 2012 exprobravit
1060 1923 1335 1990 incredulitatem
1363 1947 1481 1989 eorum
1511 1938 1543 1990 et

208 2031 373 2097 duritiam
392 2028 515 2109 cordis,
537 2027 781 2117 discipulorum
798 2030 1142 2096 indoleminrlocilem
1158 2040 1191 2096 et
1206 2031 1353 2104 tardam,
1377 2033 1424 2096 nti
1442 2031 1539 2111 alias,

208 2138 257 2204 ita
277 2137 333 2204 hio
350 2159 487 2226 quoque
506 2136 715 2221 evangelista
738 2136 850 2202 verbis
868 2145 920 2202 sat
945 2138 1109 2224 gravibus
1135 2137 1249 2217 ellert;
1268 2143 1370 2224 atque
1388 2138 1543 2225 prolecto

208 2248 390 2333 postquam
406 2247 492 2308 lesus
506 2242 639 2330 saepius
657 2241 742 2308 adeo
761 2243 849 2309 clare
870 2243 1035 2332 praedixit
1051 2267 1084 2310 se
1103 2252 1337 2310 surrecturum
1354 2245 1453 2308 tertia
1468 2243 1540 2323 die,

207 2356 282 2418 erat
301 2350 419 2416 merito
439 2348 703 2438 exspectandum
721 2350 887 2437 apostolos
903 2352 971 2416 visa
989 2352 1187 2438 impletione
1201 2352 1349 2416 aliorum
1366 2351 1541 2417 vaticinio-

208 2479 286 2524 rum
300 2455 399 2523 facile
419 2457 538 2521 nuntio
563 2456 604 2520 de
626 2458 870 2523 resurrectione
889 2478 958 2521 esse
982 2456 1183 2522 credituros.
1208 2464 1318 2535 Quare
1342 2478 1417 2522 eanr
1443 2458 1540 2523 Chri-

206 2565 249 2631 sti
266 2563 563 2653 reprehensionem
577 2564 718 2628 omnino
736 2564 845 2628 meriti
865 2571 960 2639 sunt,
985 2565 1067 2652 quio
1081 2563 1122 2628 iis
1140 2564 1203 2651 qui
1216 2562 1369 2629 uiderunt
1388 2585 1465 2628 eum
1491 2586 1541 2628 re-

206 2671 392 2738 surrexisse
406 2693 474 2736 uon
494 2669 710 2736 crediderunt
719 2692 731 2751 ,·
744 2678 912 2758 (quaerunt
923 2670 965 2736 de
980 2693 1047 2758 qna
1057 2671 1271 2759 apparitione
1289 2670 1345 2735 hie
1360 2671 1539 2737 referatur.

207 2778 320 2867 Aliqui
337 2777 380 2842 ob
407 2777 582 2842 novissime
603 2783 635 2841 et
656 2797 695 2858 ea
721 2798 808 2863 quae
840 2786 1031 2864 sequuntur
1050 2799 1119 2842 esse
1144 2777 1297 2842 ultimam
1320 2784 1398 2842 ante
1424 2797 1542 2842 aseen-

207 2885 336 2950 sionem
368 2884 500 2948 [tomini
536 2884 728 2948 existimant
762 2884 900 2970 (Potin).
932 2882 995 2948 Sed
1014 2884 1135 2968 ὕστερον
1155 2903 1231 2948 eam
1262 2884 1434 2947 notionem
1474 2905 1542 2948 non

206 2989 329 3071 habet3
347 2989 426 3055 dein
447 2990 530 3054 haec
545 2988 762 3075 exprobratio
782 2998 872 3053 certe
900 3011 964 3053 non
997 2990 1083 3053 lacta
1107 2996 1156 3053 est
1180 2994 1358 3077 postquam
1376 2992 1465 3053 lesus
1480 3011 1543 3077 per

207 3096 437 3187 quadraginta
454 3096 524 3161 dies
542 3097 583 3159 iis
601 3117 637 3160 se
655 3096 768 3160 tivum
786 3095 944 3182 praebuit
960 3097 992 3158 in
1012 3096 1125 3160 inultis
1139 3096 1353 3180 argumentis
1372 3117 1542 3183 apparens

207 3203 255 3269 eis
275 3209 308 3269 et
334 3203 476 3290 loquens
501 3201 542 3266 de
571 3222 677 3285 regno
696 3203 751 3266 [lei
782 3205 861 3283 (Act.
889 3204 965 3280 l,3l.
993 3207 1030 3266 El
1056 3223 1133 3266 cnm
1159 3203 1222 3266 hoc
1241 3200 1315 3266 loco
1335 3203 1487 3266 narratio
1501 3203 1542 3266 sit

206 3309 306 3376 valde
334 3310 522 3383 succincta,
549 3308 642 3372 nullo
666 3308 769 3372 morlo
791 3330 923 3373 necesse
942 3317 990 3372 est
1015 3329 1184 3373 assumere
1206 3330 1245 3372 ea
1261 3329 1348 3395 quae
1371 3329 1402 3372 v.
1428 3314 1466 3373 15
1489 3307 1542 3373 di-

207 3422 331 3483 cuntur
356 3415 399 3480 ad
428 3414 568 3480 eandem
592 3415 763 3503 pertinere
787 3415 1049 3503 apparitionem.
1084 3415 1135 3478 uti
1163 3414 1252 3478 inter
1272 3436 1303 3478 v.
1328 3420 1367 3478 19
1388 3423 1420 3477 et
1441 3437 1471 3477 v.
1500 3421 1541 3481 20

207 3522 344 3609 longius
359 3523 519 3610 temporis
537 3522 685 3608 spatium
699 3521 894 3600 intercedit,
914 3523 958 3585 ita
978 3542 1114 3609 quoque
1129 3521 1259 3585 interv.
1282 3527 1320 3586 rt
1337 3531 1369 3584 et
1385 3542 1416 3585 v.
1437 3527 1488 3598 15,
1505 3520 1541 3586 id

206 3628 298 3718 quod
319 3629 420 3693 eliam
441 3629 565 3693 inserto
584 3641 617 3691 et
638 3627 726 3692 (lircil
744 3630 789 3693 eis
811 3627 899 3692 haud
925 3628 1066 3692 obscure
1087 3625 1251 3692 innuitur.
1276 3630 1360 3691 Cum
1383 3626 1542 3694 rrrtdecim

206 3736 437 3815 nominentur,
459 3740 580 3822 putant
599 3734 708 3822 aliqui
728 3734 782 3800 dic
800 3743 917 3800 octavo
938 3743 1012 3822 post
1030 3735 1311 3798 resurrectionem
1329 3733 1454 3798 laetam
1471 3756 1542 3800 esse

206 3843 295 3909 hanc
325 3841 589 3931 apparitionem3
619 3864 658 3906 eo
684 3843 773 3906 enim
802 3851 952 3928 tempore
985 3841 1112 3905 Thoura
1140 3861 1276 3928 quoque
1305 3847 1481 3928 praesente
1509 3847 1542 3906 et

207 3948 367 4015 tredecim
391 3947 534 4013 aderaut
553 3956 586 4012 et
602 3948 718 4034 aliqua
746 3948 961 4035 reprehensio
980 3947 1066 4011 lacta
1092 3954 1139 4010 est
1158 3944 1253 4032 (Ful).
1279 3945 1416 4031 Multi).
1435 3954 1541 4023 Quam

207 4057 352 4123 maxime
375 4056 558 4121 convenire
585 4054 730 4131 videtur,
755 4063 791 4118 ut
814 4055 848 4118 in
871 4056 981 4141 prima
1001 4052 1216 4140 apparitione
1237 4057 1328 4117 lesus
1347 4075 1403 4117 eos
1424 4073 1541 4140 repre-

204 4163 364 4230 henderit
381 4162 422 4227 de
435 4183 553 4227 eorum
573 4160 826 4232 incredulitate:
846 4161 944 4247 proin
961 4162 1032 4246 ipso
1049 4159 1103 4223 ilie
1126 4160 1381 4224 resurrectionis
1400 4181 1540 4248 vespere

206 4269 314 4357 (loan.
337 4276 448 4348 uodo.
472 4273 548 4334 Luc,
571 4268 746 4353 ‘tullii-w)
769 4288 877 4353 neque
897 4267 1005 4330 obstat
1026 4265 1117 4352 quod
1134 4267 1261 4330 Thema
1276 4265 1413 4330 absente
1430 4267 1540 4333 solum

205 4375 323 4443 decem
350 4375 493 4464 apostoli
523 4383 717 4464 praesentes
743 4381 854 4440 erant:
885 4395 961 4436 nam
993 4370 1146 4436 uiidecim
1178 4393 1298 4436 nomen
1329 4378 1378 4437 est
1404 4371 1539 4459 collegii

205 4482 297 4571 quod
316 4484 470 4571 usurpari
487 4487 595 4570 potest
609 4483 669 4545 etsi
683 4503 770 4544 unus
785 4480 894 4558 abest3
910 4481 955 4543 ita
973 4466 1095 4538 «lutea
1106 4477 1224 4544 eodem
1239 4478 1338 4543 modo
1353 4478 1542 4545 adhibetur

205 4611 244 4655 eo
269 4594 421 4676 ternpore
441 4611 508 4676 qno
525 4610 590 4652 non
613 4594 711 4653 erant
731 4587 791 4650 nisi
811 4586 969 4649 undecim
991 4587 1046 4665 gel.
1074 4591 1177 4650 lt‘or.
1200 4592 1276 4664 15,5
1302 4607 1439 4670 graece:
1464 4585 1540 4651 virle

207 4693 368 4783 Carnem,
386 4697 572 4759 Comnrent.
597 4697 631 4758 in
653 4702 665 4758 l
684 4699 757 4759 Cor.
778 4717 809 4781 p.
831 4692 920 4777 t53).
939 4697 1046 4767 Quare
1065 4693 1146 4757 haec
1162 4692 1329 4756 sententia
1345 4692 1541 4758 salishahet

204 4801 456 4893 probabilitatis
474 4802 573 4888 (Lep.
597 4804 720 4886 donzy,
741 4800 828 4887 llisp.
848 4797 997 4886 Scirepq,
1018 4797 1110 4871 Filsst.
1136 4796 1315 4863 Contendit
1341 4798 1444 4863 ll'eisr
1464 4820 1539 4863 earn

204 4909 378 4994 designari
392 4907 641 4995 apparitionem
658 4930 744 4994 qnae
761 4907 872 4972 llattlr.
898 4912 997 4971 &tilii
1020 4913 1187 4981 narretur,
1209 4911 1241 4970 et
1259 4905 1481 4992 conqueritur
1501 4928 1540 4971 eo
