3960 5654
180 508 253 566 tlt
714 520 809 565 >uano
835 503 884 574 15,
907 504 1010 565 nino.

240 653 434 722 Ostenditur
455 652 635 742 impletum
660 677 730 721 esse
757 660 820 721 :et
841 653 1046 721 interficient
1064 678 1142 721 eum
1166 653 1409 742 (9,30;10,3t)
1434 676 1464 719 v.
1488 662 1531 721 2¹4

195 775 227 830 et
247 757 481 846 crueifipentes
501 761 591 848 (vide
610 762 686 828 lect.
710 761 800 849 vor.)
821 766 856 824 et
876 762 1082 847 crucifigunt
1096 783 1174 827 eum
1193 761 1244 825 vel
1263 769 1440 851 postquam
1457 782 1533 825 cru-

193 867 375 935 cifixerunt
387 888 483 949 eun13
498 866 541 934 de
559 867 661 933 modo
677 864 922 944 crucifixionis,
939 868 980 933 de
994 889 1136 934 numero
1149 867 1325 934 clavorum
1340 922 1347 946 ‚
1365 870 1407 934 de
1423 869 1532 934 erucis

190 973 305 1038 forma
325 971 484 1060 pluribus
499 975 555 1059 egi
577 974 612 1038 in
633 977 821 1041 Commeat.
844 974 957 1041 llatth.
980 979 1004 1038 ll
1023 995 1056 1061 p.
1075 982 1139 1040 519
1159 996 1251 1061 seq.;
1274 973 1458 1040 diuiserunt
1478 996 1534 1040 oe-

193 1077 353 1144 sta'mento
376 1080 449 1146 eius
472 1080 642 1146 mittentes
660 1091 783 1146 sortem
807 1100 910 1166 sriper
927 1081 973 1147 er's
990 1080 1066 1168 quis
1086 1080 1173 1169 quiet
1187 1079 1336 1161 tolleret;
1354 1081 1396 1144 de
1412 1104 1481 1168 qua
1497 1103 1532 1146 re

191 1185 327 1274 plenius
343 1193 506 1252 narratur
521 1191 615 1253 loan.
638 1192 751 1266 tana.
769 1190 828 1265 nt3
853 1207 884 1251 v.
902 1194 943 1253 25
960 1199 1033 1252 erat
1056 1201 1170 1253 utitem
1191 1185 1273 1251 toro
1290 1188 1388 1251 tertio
1404 1198 1436 1250 ct
1456 1209 1533 1250 cru-

195 1290 378 1384 cifixerunt
398 1314 493 1364 eumr
514 1291 706 1377 designatio
728 1293 890 1379 temporis
910 1294 937 1358 si
957 1313 1032 1358 cum
1057 1314 1097 1357 ea
1116 1299 1337 1381 comparatur
1355 1315 1460 1382 quam
1483 1294 1532 1358 lo-

193 1398 306 1484 gimus
327 1404 419 1466 loan.
444 1404 544 1477 19,1t
568 1421 576 1463 :
599 1399 684 1464 bora
708 1397 806 1486 quasi
827 1404 920 1463 sexta
940 1403 973 1463 et
993 1397 1076 1463 dicit
1092 1399 1245 1487 (Pilatus)
1267 1399 1397 1465 ludaeis
1421 1423 1428 1467 :
1456 1422 1533 1466 ecce

193 1511 253 1572 rex
266 1512 389 1588 vester,
410 1509 459 1569 est
477 1505 558 1570 satis
573 1503 725 1570 difficilis
741 1504 794 1569 vel
816 1526 905 1591 vaga
924 1504 979 1591 (de
1003 1527 1071 1593 qua
1100 1528 1134 1571 re
1155 1511 1268 1595 postea
1288 1505 1468 1594 pluribus).
1488 1511 1532 1572 Ex

193 1611 234 1677 iis
253 1632 342 1699 quae
362 1609 509 1696 legimus
522 1611 638 1678 llatth.
655 1614 821 1687 mas-tt
842 1616 875 1677 et
893 1614 970 1677 Luc.
994 1617 1159 1692 naar-tt
1175 1619 1310 1701 oportet
1328 1612 1534 1677 concludere

194 1718 366 1785 Christum
383 1739 454 1783 esse
469 1717 562 1783 cruci
580 1716 718 1783 allisum
733 1715 850 1805 aliquo
868 1719 1029 1806 temporis
1047 1719 1155 1807 spatio
1170 1726 1250 1784 ante
1268 1720 1386 1784 boram
1404 1725 1533 1784 sextam

195 1824 219 1890 i.
237 1847 267 1891 e.
289 1828 369 1890 ante
383 1822 541 1889 tenebras
554 1824 710 1903 obortas3
728 1844 808 1889 nam
823 1823 923 1912 plura
939 1832 1153 1913 peraguntur
1168 1831 1352 1913 antequam
1371 1824 1534 1891 tenebrae

193 1932 372 2017 ingruant.
395 1934 552 1996 Ceterum
569 1936 647 2018 post
666 1929 728 1996 illa
743 1929 842 1995 Pilati
860 1930 963 1995 verba
986 1953 994 1997 :
1018 1953 1095 1997 ecce
1112 1953 1169 1997 rex
1185 1939 1296 1997 vester
1313 1932 1415 2019 tapud
1438 1936 1535 1997 loan—

194 2039 283 2116 nem)
303 2036 405 2102 etiam
422 2036 521 2124 plura
540 2034 653 2101 fiunt:
675 2034 845 2102 clamores
870 2035 1071 2103 ludaeorum
1094 2036 1249 2126 repetiti,
1269 2042 1356 2104 lesus
1376 2036 1535 2103 educitur

194 2142 355 2209 baiulans
378 2163 532 2220 crucem,
561 2142 763 2227 angariatur
792 2143 929 2217 Simon,
955 2146 1041 2209 lesus
1063 2143 1251 2232 alloquitur
1279 2144 1454 2222 mulieres,
1479 2143 1533 2209 via

195 2254 269 2315 erat
283 2247 500 2315 conficienda
513 2269 534 2314 a
549 2248 677 2337 palatio
693 2248 793 2313 Pilati
807 2248 851 2314 ad
866 2249 1072 2331 Calvariam;
1089 2273 1195 2338 quare
1210 2252 1310 2317 etiam
1330 2250 1420 2338 quod
1437 2255 1535 2316 loan-

195 2378 257 2422 nes
275 2354 358 2421 dieit
372 2354 415 2421 de
433 2355 519 2421 bora
537 2354 609 2420 fere
628 2361 733 2436 sexta,
753 2355 801 2421 ita
820 2355 961 2421 debebit
975 2356 1131 2442 intelligi,
1154 2365 1192 2423 ut
1210 2358 1372 2446 temporis
1386 2358 1535 2445 spatium

195 2485 266 2530 non
290 2462 377 2530 adeo
400 2461 505 2528 breve
534 2448 749 2551 concipiatui
774 2467 853 2527 ante
877 2462 997 2528 horam
1023 2469 1148 2529 sextam
1164 2465 1189 2545 ¹,
1213 2466 1411 2552 praesertim
1430 2465 1534 2529 etiam

196 2554 384 2659 propterea'
391 2570 473 2658 quia
484 2590 552 2634 non
561 2568 677 2635 statim
693 2574 768 2658 post
782 2568 1035 2635 crucifixionem
1043 2570 1307 2636 tenebraeortae
1321 2576 1409 2635 sunt.
1425 2575 1534 2647 Quare

197 2677 301 2742 etiarn
322 2677 416 2764 quod
439 2681 581 2742 loannes
603 2674 686 2742 dicit
713 2697 801 2762 vago
823 2675 975 2763 quodam
1002 2677 1104 2743 modo
1130 2678 1261 2767 concipi
1288 2678 1401 2742 iletret.
1421 2680 1534 2765 Neque

196 2782 232 2848 id
248 2782 378 2848 mirum
397 2789 459 2863 est,
475 2803 553 2849 cum
573 2782 716 2871 apostoli
732 2804 801 2848 non
818 2781 985 2848 haberent
998 2783 1120 2849 solaria
1135 2784 1188 2850 vel
1204 2784 1378 2869 horologia
1393 2792 1427 2849 et
1441 2785 1534 2848 insu-

196 2911 259 2978 per
288 2889 424 2954 duratio
451 2889 558 2955 horae
587 2888 775 2955 seeundum
805 2890 901 2954 varia
924 2890 1005 2954 anni
1024 2895 1179 2979 tempora
1204 2913 1273 2955 nou
1292 2898 1376 2955 esset
1399 2890 1532 2955 eadem.

228 3104 251 3150 1.
272 3103 298 3152 S.
315 3103 438 3151 loannem
461 3100 538 3150 horas
554 3103 746 3164 computassea
765 3100 826 3150 solis
847 3105 920 3155 ortu.
937 3099 973 3149 ita
992 3107 1019 3149 ut
1040 3101 1102 3150 hora
1123 3105 1193 3151 sexta
1216 3103 1249 3151 sit
1263 3116 1292 3151 ex
1310 3107 1396 3151 nostro
1413 3101 1535 3164 loquendi

197 3182 273 3232 modo
288 3182 351 3231 bora
369 3181 499 3239 meridiei,
510 3180 576 3230 bora
597 3187 634 3239 12,
647 3184 747 3230 eertum
762 3184 809 3230 est.
827 3181 865 3230 ad
880 3180 946 3230 banc
959 3181 1025 3230 enim
1048 3182 1169 3231 rationem
1185 3183 1267 3231 sotum
1283 3184 1401 3245 congruit
1417 3188 1457 3236 to
1474 3184 1536 3230 bora

196 3266 282 3321 sexta,
295 3275 362 3326 quae
378 3274 437 3310 cum
452 3261 502 3311 iter
517 3258 581 3310 illud
597 3260 693 3310 iactum
710 3260 744 3310 sit
759 3275 845 3310 mense
866 3261 998 3310 novembri
1014 3261 1052 3311 ret
1067 3262 1194 3312 decembri
1214 3277 1263 3310 non
1281 3267 1362 3323 poliat
1378 3276 1432 3311 essi·
1454 3277 1537 3325 neque

196 3342 260 3392 hora
274 3345 347 3392 sexta
359 3341 487 3391 matutina
507 3353 591 3404 neque
603 3340 761 3405 vespertina3
779 3341 839 3390 item
860 3355 883 3390 v.
900 3348 929 3390 52
944 3341 1005 3390 liora
1024 3341 1131 3405 septima
1152 3344 1242 3406 nequit
1263 3356 1318 3391 esse
1336 3358 1365 3391 cx
1386 3341 1474 3390 eadem
1496 3356 1535 3391 ra·

196 3423 267 3473 tione
283 3422 389 3486 septima
404 3421 532 3470 matutina
546 3423 592 3470 aut
611 3422 766 3484 vespertina.
783 3422 890 3471 Romani
905 3435 1007 3484 quoque
1023 3434 1070 3471 usu
1087 3422 1201 3485 populari
1216 3427 1242 3471 et
1257 3424 1383 3471 comumni
1400 3423 1476 3471 boras
1492 3436 1536 3470 nu-

197 3501 331 3553 merebant
345 3516 360 3551 a
372 3502 435 3551 solis
442 3505 501 3551 ortu
510 3499 544 3550 ad
555 3514 674 3551 oceasum
686 3501 729 3564 (ei.
739 3502 887 3565 impositor,
898 3506 912 3551 t
925 3503 1001 3551 series
1012 3502 1061 3551 vol.
1074 3506 1088 3551 t
1102 3517 1126 3565 p.
1139 3507 1193 3558 39&
1207 3518 1230 3565 p.
1241 3506 1285 3550 ³97
1299 3505 1396 3552 mentio
1410 3503 1438 3551 tit
1447 3503 1534 3551 solarii

199 3581 297 3633 romani
312 3581 425 3643 antiqui,
439 3583 464 3629 in
474 3595 528 3640 quo
540 3581 660 3632 meridies
670 3580 788 3644 signatur
799 3595 905 3631 nomem
918 3582 969 3642 vt).
980 3583 1043 3630 Nota
1057 3586 1118 3630 sunt
1130 3595 1196 3644 quae
1209 3582 1283 3630 babet
1302 3583 1436 3641 Martialis,
1449 3582 1535 3645 Epigr.

198 3667 239 3721 4,ss
256 3680 262 3712 :
280 3661 367 3711 Prima
388 3661 530 3710 salutantes
552 3664 631 3725 atque
653 3659 733 3711 altera
758 3661 875 3710 continet
896 3661 972 3721 liora,
995 3663 1101 3711 Exercet
1120 3676 1211 3710 raucos
1233 3663 1308 3710 tertia
1330 3662 1487 3718 causidicos,
1508 3663 1534 3710 lu

197 3742 315 3806 quintam
330 3741 417 3791 varios
431 3740 548 3791 extendit
559 3744 640 3791 Roma
654 3739 754 3791 labores
768 3744 817 3790 etc,
833 3745 917 3805 Atque
931 3741 1028 3791 Plinius
1039 3741 1101 3791 haec
1112 3741 1187 3791 babet
1199 3758 1209 3792 .·
1224 3743 1307 3805 ipsum
1320 3743 1388 3791 (ticin
1402 3743 1446 3791 atii
1460 3743 1536 3792 aliter

197 3822 374 3872 observavere.
393 3820 527 3884 Babylonii
549 3821 616 3871 iuter
635 3821 701 3871 duos
723 3821 786 3871 solis
807 3825 925 3879 exortus,
942 3821 1107 3871 ,athenienses
1120 3823 1186 3870 inter
1201 3822 1267 3871 duos
1281 3835 1401 3878 occasus.
1418 3823 1536 3871 Umbria

199 3901 305 3952 meridie
324 3903 350 3952 in
370 3900 518 3961 meridiem,
532 3902 632 3964 vulqus
650 3914 727 3951 omrre
749 3915 767 3951 o
784 3903 844 3951 tuce
863 3901 901 3951 ad
918 3903 1058 3958 tenebras,
1083 3901 1227 3950 sacerdotes
1246 3903 1340 3951 rouraui
1361 3908 1386 3950 et
1405 3904 1449 3965 qui
1469 3903 1536 3952 diem

199 3982 287 4033 tiniere
307 3982 423 4041 civilem,
440 3982 502 4031 item
525 3980 640 4045 Aegyptii
664 3985 690 4031 et
712 3981 871 4045 Hipparchus
898 3995 912 4031 a
935 3981 1016 4031 media
1035 3986 1106 4030 noete
1129 3982 1154 4030 in
1180 3981 1288 4031 mediam
1309 3987 1370 4042 tuat.
1398 3983 1456 4030 trist.
1480 3987 1537 4039 259

199 4063 232 4112 al.
250 4065 297 4117 771.
313 4064 409 4112 Verum
427 4061 496 4111 bisce
511 4074 615 4125 quoque
628 4061 731 4110 omissis
747 4062 801 4124 ipsa
822 4074 861 4110 res
873 4062 995 4125 loquitur.
1012 4063 1074 4110 Nam
1091 4062 1120 4110 ut
1137 4061 1228 4122 [octus
1243 4068 1282 4111 est
1296 4063 1354 4110 dies
1367 4062 1483 4110 habitum
1499 4065 1537 4110 ost

198 4142 337 4193 concilium
347 4141 550 4206 synedristarum
561 4142 631 4205 (Luc.
645 4147 689 4199 22,
700 4142 750 4204 oo).
763 4141 824 4191 dein
841 4142 958 4191 Gbristus
973 4139 1100 4191 adductus
1115 4141 1147 4190 ad
1162 4141 1283 4199 Pilatum,
1298 4144 1414 4204 sequitur
1428 4156 1537 4191 arcusa-

200 4224 250 4282 tio‚
262 4223 426 4287 interrogatio
439 4222 530 4280 Pilati.
546 4221 660 4271 mittitur
679 4223 750 4270 lesus
769 4221 802 4270 ad
818 4222 958 4279 Herodem,
972 4221 1016 4285 qui
1032 4235 1091 4270 eum
1106 4221 1195 4270 multis
1209 4222 1368 4270 sermonibus
1384 4223 1535 4285 interrogat.

200 4301 301 4364 illudit,·
325 4303 467 4353 remittitur
484 4302 517 4352 ad
538 4301 666 4358 Pilatum,
681 4301 727 4364 qui
751 4300 861 4364 explicat
883 4315 966 4365 neque
990 4315 1016 4350 se
1042 4315 1122 4365 neque
1146 4302 1270 4351 tlerodem
1294 4316 1394 4351 causam
1421 4303 1537 4349 invenire

199 4397 279 4447 quare
300 4383 382 4434 turbis
400 4383 522 4447 proponit
546 4386 631 4432 lesum
650 4385 675 4431 et
691 4381 845 4440 Barabbam3
857 4382 953 4431 interea
972 4382 1115 4431 sacerdotes
1135 4383 1288 4446 persuadent
1308 4383 1386 4443 plebi,
1403 4388 1431 4430 ut
1451 4387 1539 4444 putant

200 4463 350 4521 barabbam.
366 4462 441 4521 Quod
465 4463 580 4526 repetitis
598 4462 755 4512 clamoribus
772 4461 812 4520 tit3
827 4466 889 4510 tunc
909 4463 978 4511 lesus
997 4462 1151 4524 flagellatur;
1167 4464 1245 4526 spinis
1264 4469 1401 4510 euronium·
1418 4468 1442 4509 et
1463 4464 1539 4510 variis

200 4542 312 4592 modisa
334 4543 459 4593 militibus
479 4543 606 4594 illuditur.
627 4543 750 4606 Sequitur
766 4541 826 4591 dein
848 4542 873 4590 id
888 4542 958 4605 quod
975 4548 1059 4591 narrat
1076 4546 1182 4591 loannes
1204 4549 1303 4601 titt-tt
1319 4549 1341 4589 vt
1359 4549 1417 4590 tuin·
1433 4542 1536 4591 demum

200 4622 268 4673 liora
284 4626 365 4687 quusi
382 4629 470 4675 sexto.
489 4626 543 4673 lam
559 4637 620 4674 reto
636 4623 768 4688 quomodo
782 4623 844 4672 baec
864 4623 950 4672 omnia
970 4622 1021 4671 sieri
1042 4624 1075 4672 ita
1094 4625 1223 4687 potuerint
1245 4629 1270 4671 nt
1289 4639 1302 4670 a
1324 4624 1432 4671 iziiiicitiii
1451 4621 1538 4670 tiatiito

201 4717 283 4766 nsque
302 4702 335 4753 ad
354 4704 432 4753 rerba
446 4704 522 4754 Pilati
539 4718 597 4754 ecee
611 4718 656 4755 rex
671 4709 757 4754 vester
772 4704 815 4753 rix
831 4716 881 4752 una
895 4701 1023 4752 eittuxerit
1038 4704 1114 4764 bora,
1130 4706 1207 4752 immo
1223 4718 1254 4752 ne
1275 4718 1323 4751 unu
1345 4702 1448 4765 quidem
1466 4717 1536 4764 prar-

204 4793 300 4843 terierit
315 4792 391 4851 hora,
410 4793 485 4856 plane
499 4793 648 4844 incredibile
667 4799 714 4844 est.
731 4795 797 4857 Ergo
811 4784 874 4843 hora
886 4792 961 4856 quasi
979 4798 1049 4842 sexta
1066 4794 1153 4858 nequit
1167 4807 1221 4843 esse
1242 4793 1301 4842 liora
1315 4798 1329 4837 u
1349 4788 1357 4863 ¹
1374 4791 1498 4840 umtutina
1513 4796 1536 4840 et

203 4883 296 4932 mirum
311 4887 350 4933 est
365 4896 379 4932 a
396 4882 531 4943 Wieseler,
544 4883 600 4933 Keil
620 4883 728 4949 aliisque
746 4883 900 4947 propugnari
916 4885 1035 4933 loannem
1056 4897 1126 4934 more
1148 4898 1253 4932 romano
1275 4897 1287 4931 a
1308 4882 1387 4931 inedia
1410 4885 1483 4930 nocto
1503 4881 1533 4929 ait

203 4963 310 5015 mediam
328 4966 429 5014 noctem
444 4962 521 5012 boras
536 4968 706 5027 computasse.
