3960 5654
313 452 371 512 102
870 467 958 512 mac.
981 451 1011 520 3,
1034 445 1083 505 20.

645 608 667 673 b)
689 611 870 665 Accusatio
890 615 931 665 de
950 608 1136 664 Beelzebub
1155 609 1310 675 amo-30.

348 787 421 852 3:20.
438 787 472 835 Et
487 780 647 831 veniuntad
662 781 788 843 domum;
805 789 833 832 et
847 796 950 833 conve·
1039 776 1110 840 3,20.
1133 775 1179 828 liat
1204 775 1306 846 ἔρχεται
1325 772 1357 835 εἰς
1380 773 1461 827 οἴκου·
1490 770 1532 824 καί
1556 773 1641 841 συνέρ-

315 878 356 926 nit
382 877 481 925 lterum
506 870 600 927 turba,
626 871 666 920 ita
694 876 723 922 ut
753 884 808 921 non
837 874 951 934 possent
1002 880 1073 931 χεται
1102 865 1175 916 πάλιν
1200 864 1215 916 d
1243 862 1334 933 ὄχλος,
1364 866 1427 916 ὥστε
1455 859 1490 934 μὴ
1523 860 1641 912 δύνασθαι
1722 855 1726 863 ’

313 977 404 1027 neque
423 972 522 1023 panem
539 957 715 1010 manducare.
740 961 784 1009 21.
808 959 842 1008 Et
866 972 950 1022 quum
1002 951 1089 1012 αὐτοὺς
1109 953 1171 1023 μηδὲ
1189 954 1263 1023 ἄρτον
1277 957 1377 1020 captiv.
1398 956 1442 1006 ai.
1463 951 1504 1004 καί
1523 949 1640 1002 θκοιίσαν·

314 1051 458 1102 audissent
471 1049 663 1106 micuerunt
678 1053 774 1099 tenere
788 1060 852 1096 eum
860 1048 950 1106 ;‹iice-
1002 1058 1040 1100 τες
1058 1040 1081 1092 οί
1104 1044 1162 1112 παρ’
1186 1041 1261 1094 atreo
1284 1038 1387 1104 ἐξῆλθον
1411 1045 1532 1110 κρατῆσαι
1555 1037 1640 1090 atriv-

313 1136 948 1195 bantenim:Quoniaminiuroremversusest.
1002 1127 1091 1198 ἔλεγον
1110 1131 1172 1201 γὰρ,
1192 1132 1231 1182 tn
1250 1128 1342 1194 ἐξέστη.
1357 1132 1400 1181 22.
1419 1129 1472 1181 Καὶ
1489 1129 1513 1181 οἱ
1526 1146 1642 1200 {pappa-

348 1226 391 1274 22.
424 1225 457 1275 Et
486 1227 606 1286 scribae,
636 1227 683 1290 qui
709 1224 742 1273 ab
775 1224 952 1286 ierosolymis
1001 1220 1051 1278 ταῖς
1068 1219 1092 1271 οἱ
1111 1219 1159 1273 ἀπὸ
1173 1217 1353 1287 Ἱεροσολύμων
1373 1217 1523 1280 καταθαντες
1537 1217 1640 1283 ἔλεγον,
1715 1215 1717 1218 ⁴

313 1314 528 1374 descenderant,
545 1315 694 1365 dicebant:
712 1312 850 1370 Quoniam
869 1313 951 1363 Beel·
1001 1307 1040 1358 θτι
1056 1307 1207 1369 Βεελζεθοθλ
1223 1305 1292 1376 ἔχει,
1309 1306 1364 1373 καὶ,
1380 1306 1419 1357 θτι
1439 1304 1464 1357 ὲν
1480 1312 1518 1376 τῷ
1536 1308 1642 1378 ἄρχοντι

313 1402 401 1454 zebub
416 1404 513 1464 habet,
529 1407 557 1454 et
572 1405 638 1467 quia
651 1403 679 1450 in
700 1402 825 1464 principe
837 1401 951 1452 daemo-

312 1493 420 1542 niorum
434 1495 508 1542 eiicit
521 1491 678 1542 daemonia.

348 1580 392 1630 23.
419 1579 452 1632 Et
479 1580 638 1630 convocatis
665 1579 719 1638 eis,
751 1579 780 1627 in
811 1579 952 1642 parabolis

313 1668 422 1721 dicebat
441 1671 495 1719 iilis
517 1681 524 1716 :
551 1666 697 1726 Quomodo
726 1670 818 1730 potest
839 1673 952 1718 satanas

313 1765 439 1810 satanam
453 1756 570 1808 eiicere?
590 1756 634 1804 tt.
656 1755 690 1805 nt
708 1756 733 1804 si
747 1769 865 1819 regnum
880 1757 907 1804 in
921 1768 952 1805 se

311 1848 459 1906 dividatur,
475 1858 532 1895 non
545 1847 636 1909 potest
651 1857 772 1907 regnum
787 1843 856 1895 iliud
865 1848 949 1894 stare.

312 1935 356 1986 25.
375 1936 409 1985 Et
428 1935 453 1985 si
474 1935 573 1985 domus
587 1946 671 1996 super
691 1935 870 1996 semetipsam
891 1933 951 1982 dis-

312 2027 456 2089 pertiatur,
479 2036 534 2072 non
562 2025 653 2086 potest
673 2021 773 2071 domus
793 2022 841 2071 iiia
866 2023 949 2072 stare.

312 2113 356 2164 26.
374 2113 444 2163 Etsi
460 2115 572 2162 satanas
586 2111 793 2161 consurrexerit
811 2112 839 2159 in
853 2114 952 2161 semet·

1002 1401 1050 1447 τῶν
1073 1397 1208 1467 δαιμονίων
1233 1393 1349 1448 tutatio
1376 1394 1407 1447 τθ
1436 1394 1561 1465 δαιμόνια.
1596 1399 1640 1450 23.

1002 1484 1044 1536 καί
1070 1484 1299 1555 προσκαλεσάμενος
1326 1483 1414 1545 αθτοθς
1439 1481 1464 1552 tr
1490 1482 1643 1555 παραθυλαῖς

1004 1573 1091 1645 ἔλεγεν
1110 1574 1207 1639 αὐτοῖς,
1228 1573 1283 1636 Πῶς
1294 1574 1395 1626 δύναται
1409 1575 1515 1635 σατανᾶς
1533 1575 1642 1625 σαταναῖν

1003 1663 1144 1728 {additum
1165 1666 1209 1716 2l.
1230 1662 1273 1716 aut
1291 1662 1333 1714 ἐὰν
1355 1661 1468 1732 βασιλεία
1487 1659 1528 1734 ἐφ’
1554 1660 1642 1727 terrei

1002 1753 1118 1823 μερισθῇ,
1147 1750 1176 1802 οὗ
1208 1751 1311 1804 θθναται
1339 1751 1459 1817 σταθῆναι
1481 1749 1497 1817 ί]
1530 1749 1643 1821 βασιλεία

1002 1840 1092 1907 ἐκείνη·
1118 1843 1163 1895 25.
1188 1840 1231 1892 καί
1254 1838 1296 1892 ὲθν
1320 1838 1386 1893 οἰκία
1417 1837 1457 1910 ἐφ’
1485 1836 1573 1905 ἑαυτὴν
1598 1860 1644 1911 με·

1002 1930 1088 2001 proin,
1114 1928 1143 1980 οὗ
1167 1929 1298 1995 δυνήσεται
1320 1927 1336 1995 ἡ
1359 1929 1424 1981 οίκία
1447 1926 1527 1995 ίκείνη
1547 1935 1643 1986 στῆναι·

1003 2021 1046 2071 26.
1066 2018 1108 2069 καί
1127 2017 1148 2070 τί
1165 2017 1180 2069 d
1199 2020 1307 2080 σατανᾶς
1325 2017 1413 2084 ἀνίστη
1439 2015 1480 2088 tp*
1498 2017 1585 2070 ἑαυτὸν
1604 2019 1646 2070 καὶ

1002 2104 1133 2177 ἐμερίσθη,
1162 2106 1191 2160 οὗ
1219 2107 1321 2159 δύναται
1347 2110 1448 2173 στῆναι,
1478 2105 1545 2158 ἀλλὰ
1575 2106 1645 2169 rito<

311 2205 416 2266 ipsum,
440 2201 601 2264 dispertitus
624 2204 680 2257 est,
705 2203 733 2248 et
764 2211 820 2249 non
850 2200 952 2263 poterit
1003 2194 1067 2265 ἔχει.
1094 2200 1137 2250 27.
1163 2195 1221 2247 ἀλλ’
1249 2195 1278 2249 οὗ
1306 2196 1407 2249 δύναται
1435 2195 1514 2258 οὐδεὶς
1540 2195 1573 2259 ιίς
1598 2195 1644 2262 τὴν

313 2295 400 2349 stare,
420 2290 468 2340 sed
485 2288 568 2338 tinem
588 2288 680 2338 habet.
699 2288 742 2336 27.
757 2287 846 2338 Nemo
861 2293 952 2351 potest
1002 2283 1082 2336 οἰκίαν
1101 2289 1143 2337 τοῦ
1163 2284 1264 2355 ἰσχυροῦ
1283 2284 1402 2338 εἰσελθὼν
1421 2284 1451 2337 τὰ
1475 2285 1549 2353 σκεύη
1568 2285 1644 2338 αθτοῦ

312 2391 380 2429 vasa
394 2379 473 2429 tortis
485 2380 629 2440 ingressus
643 2379 672 2426 in
687 2376 800 2426 domum
815 2375 950 2440 diripere,
1001 2374 1146 2443 διαρπάσαι,
1166 2371 1209 2426 ἐὰν
1225 2377 1258 2445 μὴ
1276 2379 1373 2445 πρῶτον
1386 2375 1429 2427 τὸν
1450 2373 1551 2445 ἰσχυρὸν
1565 2375 1643 2448 θήσῃ,

313 2469 368 2519 ntsl
382 2470 458 2531 prius
472 2466 572 2518 iortem
586 2466 697 2529 alliget,
716 2470 744 2515 et
759 2468 825 2514 tunc
839 2465 952 2515 domum
1002 2462 1044 2514 καὶ
1071 2463 1126 2516 τίιι
1153 2465 1197 2521 τὴν
1225 2462 1305 2515 οἰκίαν
1330 2462 1406 2516 αὐτοῦ
1432 2464 1567 2533 διαρπάσει.
1598 2467 1642 2520 28.

312 2559 373 2609 eius
385 2557 505 2620 diripiet.
523 2555 565 2606 28.
583 2557 672 2606 Amen
692 2554 753 2605 diro
771 2554 864 2612 vobis,
881 2567 953 2617 quo·
1003 2550 1068 2620 ἀμὴν
1087 2552 1155 2621 λέγω
1172 2552 1247 2621 opo,
1268 2553 1307 2605 ὅτι
1332 2553 1413 2605 πάντα
1431 2552 1578 2622 ἀφεθήσεται
1596 2556 1646 2614 τοῖς

313 2648 388 2696 niam
410 2648 505 2697 omnia
526 2645 700 2694 dimittentur
721 2642 787 2693 siliis
809 2644 952 2693 hominurn
1002 2640 1065 2702 οίοῖς
1097 2647 1144 2694 τῶν
1178 2640 1313 2712 ἀνθρώπων
1346 2642 1377 2694 rt
1411 2641 1576 2713 ἁμαρτήματα
1604 2643 1647 2695 καί

313 2738 440 2800 peccata,
457 2739 485 2785 et
497 2734 688 2797 blasphemiae
702 2733 804 2797 quibus
820 2733 953 2796 blaspbe·
1003 2730 1028 2782 αί
1048 2729 1201 2800 βλασφημίαι
1219 2732 1265 2784 ὅσα
1289 2729 1332 2783 ἐὰν
1358 2732 1577 2802 βλαοφημιξοωαιν·
1600 2735 1641 2787 29.

313 2825 471 2874 maverint:
1002 2821 1028 2881 θς
1054 2819 1082 2871 θ’
1118 2821 1147 2873 ἂν
1177 2820 1346 2893 βλασφημήσῃ
1375 2823 1407 2883 τίς
1434 2820 1463 2874 τὸ
1487 2821 1594 2892 ,Πνεῦμα
1617 2821 1646 2874 τθ

349 2912 393 2963 29.
411 2912 464 2971 Qui
479 2915 571 2962 autem
586 2911 824 2974 blasphemaverit
839 2912 867 2960 in
888 2911 953 2975 Spi-
1003 2907 1106 2977 Ἀγιον,
1137 2907 1181 2961 οὗα
1209 2908 1263 2981 ἔχει
1290 2910 1375 2979 ἄφεσιν
1409 2908 1442 2971 είς
1473 2910 1515 2963 τὸν
1552 2907 1643 2974 nitiva,

313 3003 395 3051 ritum
410 3000 623 3059 Sanctum,non
636 2998 749 3049 habebit
760 3000 953 3050 remissionem
1003 2996 1066 3048 ἀλλ’
1108 2997 1196 3068 ἔνοχός
1239 2996 1304 3050 ἔστιν
1348 2997 1450 3050 αἰωνίου
1496 2999 1646 3070 ἁμαρτήμα-

314 3093 342 3140 in
355 3094 509 3147 aetornum,
523 3088 572 3138 sed
583 3100 649 3138 reus
658 3089 711 3137 erit
725 3090 832 3138 aeterni
843 3088 951 3146 delicti;
1003 3105 1057 3149 τος,
1094 3089 1137 3142 30.
1167 3088 1205 3140 ὅτι
1243 3085 1346 3160 ἔλεγον,
1375 3091 1473 3158 πνεῦμα
1506 3087 1646 3159 ἀκάθαρτον

350 3180 393 3230 30.
414 3180 547 3242 quoniam
573 3173 702 3226 dicebant
724 3190 731 3224 :
755 3179 884 3240 spiritum
905 3179 953 3226 im·
1004 3173 1068 3245 ἔχει.

313 3268 447 3318 mnndum
461 3267 553 3317 habet.
976 3276 980 3318 ι
1039 3314 1043 3322 ,

353 3437 384 3486 ίιι
399 3449 425 3485 v.
443 3436 472 3484 ‘li
492 3449 563 3499 pauc
573 3449 619 3501 μετ
629 3449 703 3482 αυιοο
713 3435 757 3484 vel
770 3449 824 3500 περι
837 3437 1019 3501 αυτουνείπαρ
1029 3451 1109 3497 eorm
1120 3437 1246 3500 discipuli
1262 3451 1311 3501 eg;
1328 3438 1456 3501 discipuli
1470 3440 1513 3488 sui
1528 3443 1575 3502 gat
1590 3439 1646 3489 dub

315 3527 377 3584 wii;
394 3525 416 3575 D
433 3539 473 3571 και
482 3540 522 3572 ort
533 3538 640 3586 ηκουσαν
651 3538 705 3588 rupi
718 3539 792 3571 auron
800 3539 824 3572 οι
833 3540 986 3591 γραμματεις
999 3540 1039 3573 και
1054 3541 1079 3573 οι
1090 3522 1186 3586 tumn
1199 3528 1265 3577 item
1281 3528 1302 3577 lt
1312 3528 1373 3592 pter
1381 3530 1409 3577 et
1423 3540 1485 3576 cum
1501 3528 1647 3579 audissent

316 3614 351 3665 de
370 3627 404 3664 eo
418 3612 525 3663 scribae
546 3614 574 3662 et
588 3614 686 3672 ceteri,
707 3625 758 3675 go;
778 3613 800 3662 D
823 3608 947 3670 ιξιαιαται
965 3629 1066 3678 αυιους,
1083 3611 1196 3665 abdii’
1209 3617 1218 3664 i
1230 3618 1397 3680 qexsentiat
1411 3628 1469 3666 eos.
1486 3616 1518 3666 ln
1531 3630 1559 3668 ν.
1576 3616 1608 3667 26
1622 3617 1645 3666 D

316 3718 464 3770 μεμερισται
479 3718 507 3767 ep
522 3717 622 3761 ιαυτον;
638 3703 679 3765 iq
697 3701 859 3765 dispertitus
879 3705 923 3753 est
945 3716 1030 3767 super
1046 3717 1089 3763 se;
1106 3707 1135 3755 et
1149 3717 1205 3754 non
1221 3705 1325 3768 poterit
1343 3710 1418 3755 stare
1437 3717 1555 3768 regnum
1569 3707 1645 3763 eius;

315 3796 381 3844 item
394 3793 416 3842 D
432 3805 448 3841 a
463 3792 479 3841 b
494 3788 537 3855 g¹.
555 3792 586 3841 in
602 3805 628 3842 v.
646 3791 680 3840 29
696 3806 794 3838 αιωνιιο
808 3806 910 3855 αριαεως
925 3787 1053 3843 io²rn
1067 3806 1122 3842 uno
1136 3794 1151 3844 9
1165 3793 1192 3843 ai
1207 3795 1281 3857 pier;
1299 3793 1393 3844 iudicii
1405 3794 1415 3842 i
1427 3795 1465 3845 toi
1476 3808 1523 3857 syr
1536 3793 1609 3860 (uir).

360 3954 429 4016 Mox
444 3954 518 4037 post
529 3947 727 4014 electionem
741 3949 972 4036 apostotorum
988 3953 1075 4015 iesus
1088 3949 1242 4035 longiore
1261 3971 1416 4016 sermone
1429 3973 1530 4040 quem
1547 3972 1646 4017 mon·

318 4063 434 4123 tanum
446 4055 557 4122 dicere
572 4055 809 4121 consuevimus
820 4054 1004 4144 discipulos
1014 4063 1047 4122 et
1057 4055 1175 4123 turbas
1182 4056 1313 4140 docuit,
1328 4059 1377 4123 uti
1392 4062 1468 4124 Luc.
1482 4063 1561 4140 6,20
1574 4080 1643 4148 seq.

316 4163 472 4229 retertur.
492 4167 586 4229 Hunc
601 4182 791 4228 sermonem
808 4165 936 4228 liarcus
952 4183 1021 4229 non
1035 4170 1296 4242 commemorat;
1314 4185 1434 4230 verum
1454 4168 1561 4231 lesum
1584 4187 1646 4232 no-

315 4270 367 4336 bis
380 4269 524 4336 osiendit
537 4274 760 4335 revertentem
777 4268 918 4335 domum
933 4270 956 4335 i.
976 4291 1006 4336 e.
1025 4270 1059 4335 in
1076 4270 1332 4359 Capharnaum,
1353 4270 1402 4335 uti
1417 4292 1571 4338 sermone
1591 4294 1645 4339 ex·

317 4377 407 4466 pleto
427 4378 531 4443 etiam
548 4382 624 4442 Luc.
646 4382 699 4456 r‚1
724 4380 897 4442 narratur.
923 4381 1031 4464 Atque
1051 4375 1108 4442 hic
1124 4375 1268 4465 apostoli
1287 4398 1326 4443 ex
1350 4399 1419 4443 una
1437 4386 1532 4467 parte
1548 4384 1647 4446 testes

315 4491 394 4548 sunt
415 4488 542 4571 quanto
565 4482 676 4549 studio
696 4488 730 4549 et
752 4483 884 4548 fervore
910 4483 1030 4549 turbae
1050 4483 1200 4563 irruant,
1228 4504 1268 4548 cx
1285 4483 1392 4551 altera
1415 4500 1529 4552 autem
1550 4492 1645 4574 parte

315 4591 417 4655 etiam
441 4589 662 4676 experiuntur
685 4612 724 4655 er
743 4589 826 4679 ipsis
846 4593 919 4656 lesu
938 4590 1055 4655 amicis
1077 4589 1260 4656 nonnullos
1280 4589 1422 4658 minime
1442 4594 1512 4658 eins
1536 4614 1556 4658 a
1579 4597 1645 4658 Deo

317 4697 509 4761 missionem
527 4694 681 4777 credere,
704 4697 809 4762 immo
830 4695 974 4776 scribas,
1000 4696 1085 4782 legis
1104 4697 1229 4786 peritos
1248 4720 1288 4763 cx
1307 4696 1505 4775 Ierusalem,
1529 4698 1645 4788 palam

318 4802 490 4869 affirmare
508 4824 586 4867 eum
602 4802 737 4871 loedere
757 4804 841 4870 inito
860 4826 937 4870 cum
953 4804 1108 4894 principe
1124 4803 1330 4872 daemonum
1343 4807 1482 4895 eiusque
1502 4827 1565 4895 ope
1586 4829 1647 4872 sua
