3960 5654
909 334 999 379 nanc.
1022 322 1052 392 1,
1077 322 1183 382 15-19.
1653 322 1710 382 119

294 478 297 484 ’
381 469 549 537 dicatione
567 472 721 540 auditum
737 473 787 535 est
800 467 955 555 auterre,
972 470 1145 538 oblivione
1165 464 1311 535 obruere
1325 473 1359 536 et
1375 467 1488 535 delere
1502 468 1624 535 studet.
1642 473 1708 536 Cur

380 581 493 644 autem
513 579 611 646 facile
630 577 764 644 auferre
778 576 899 663 possit,
917 576 1004 643 ratio
1020 574 1193 642 indicatur
1207 573 1298 642 eirca
1312 575 1420 658 emm,
1443 602 1459 636 ιι
1483 574 1619 642 illorum
1634 575 1706 642 scil.

380 683 514 753 animus
534 685 699 752 adinstar
715 682 964 772 viaepublicae
980 687 1047 761 est,
1062 681 1098 746 in
1118 702 1188 770 qua
1199 681 1293 771 quod
1310 681 1386 769 quis
1401 681 1538 770 reliquit
1550 704 1625 771 spes
1640 704 1707 749 non

381 796 431 858 est
443 797 481 858 ut
492 797 567 881 post
583 787 701 853 horam
717 790 880 877 reperiat;
894 787 1131 879 primaitaque
1146 787 1248 854 huius
1260 786 1342 852 mali
1355 808 1457 852 causa
1470 788 1600 853 incuria
1613 796 1662 854 est
1675 794 1709 854 et

297 886 303 897 ⁸
380 895 620 984 negligentia»
636 894 781 982 (Patr.);
798 897 880 961 item
897 894 980 962 Vict.
1000 893 1060 980 qui
1075 893 1150 959 viae
1161 898 1403 982 comparantur
1413 893 1568 960 socordes
1582 900 1661 959 sunt
1674 901 1708 962 et

381 1003 612 1089 negligentem
628 1001 728 1068 aliter
743 998 889 1088 Tlteopfi.
909 1022 922 1067 .·
938 999 998 1089 qui
1016 999 1214 1065 hominibus
1225 999 1362 1088 placere
1375 999 1503 1081 volunt,
1521 1001 1547 1065 ii
1563 1005 1641 1066 sunt
1655 1000 1709 1066 via

380 1105 576 1176 conculcata
604 1131 624 1174 a
650 1107 780 1187 multis3
810 1104 950 1194 quando
978 1106 1071 1172 enim
1100 1106 1176 1196 quis
1201 1107 1318 1172 omnia
1336 1106 1418 1172 facit
1442 1112 1479 1172 ut
1503 1107 1583 1172 huic
1606 1112 1638 1173 et
1656 1107 1706 1172 illi

380 1214 530 1303 placeat,
550 1216 612 1281 iste
631 1237 651 1281 a
669 1211 784 1279 multis
806 1212 1042 1293 conculcatum
1062 1211 1137 1280 Cei.
1154 1233 1236 1278 vero
1254 1233 1310 1278 eos
1329 1210 1503 1298 designari
1520 1218 1631 1279 censet
1647 1213 1707 1302 qui

381 1343 449 1388 non
466 1321 682 1407 intelligunt,
703 1346 720 1379 ιι
738 1340 806 1386 non
822 1323 978 1408 penetrat
994 1318 1137 1385 verbum
1155 1319 1255 1405 regni
1270 1319 1421 1386 coelestis
1441 1320 1489 1385 ita
1503 1325 1540 1385 ut
1552 1318 1704 1396 credant3

381 1429 416 1494 in
434 1428 487 1494 his
501 1427 592 1494 enim
613 1426 733 1515 primis
750 1424 847 1491 nulla
860 1429 910 1491 est
923 1426 1063 1492 omnino
1083 1424 1308 1512 germinatio,
1327 1430 1441 1515 utpote
1459 1425 1637 1492 deficiente
1652 1426 1705 1492 in·

381 1534 515 1601 tellectu
535 1534 596 1622 qui
614 1536 663 1598 est
681 1531 890 1621 principium
910 1531 989 1597 fidei
1011 1558 1041 1598 ».

424 1639 576 1707 Alterum
596 1660 703 1726 genus
720 1659 837 1706 eorum
858 1643 923 1717 est,
945 1638 981 1704 in
997 1658 1144 1727 quorum
1162 1637 1287 1704 animis
1304 1637 1449 1705 verbum
1472 1638 1529 1705 Dei
1549 1639 1710 1729 recipitur

382 1746 541 1836 quidem,
558 1752 593 1813 at
606 1744 737 1812 radices
749 1765 816 1810 non
831 1744 906 1831 agit
916 1743 983 1811 alte
994 1768 1026 1811 v.
1047 1749 1086 1810 16
1100 1755 1133 1811 et
1143 1744 1270 1811 fit'sunt
1285 1743 1438 1812 similiter
1447 1745 1551 1812 simili
1563 1744 1708 1834 explica·

381 1855 471 1921 tione
485 1853 547 1942 qui
553 1873 653 1942 super
659 1864 797 1942 petrosa
808 1851 1035 1932 seminantur,
1053 1878 1070 1912 ιι
1082 1851 1247 1917 seminari
1259 1849 1384 1919 dicitur
1397 1873 1511 1918 semen
1525 1851 1616 1942 quod
1631 1853 1710 1918 iaci-

381 1967 448 2042 tur,
457 1960 540 2026 item
551 1959 784 2047 agerinquem
798 1956 931 2038 iacitur,
939 1957 1235 2046 quemadmodum
1243 1958 1438 2048 aspergitur
1451 1980 1541 2047 aqua
1554 1964 1586 2025 et
1597 1980 1710 2048 asper-

381 2067 474 2152 gitur
484 2066 585 2132 homo
600 2093 615 2125 ιι
634 2065 837 2152 (Erasmus),
853 2063 1002 2154 quicum
1014 2063 1188 2132 audierint
1196 2063 1352 2145 verbum,
1366 2066 1481 2132 statim
1494 2087 1571 2133 cum
1583 2065 1709 2154 quadie

381 2171 557 2263 accipiunt
567 2171 670 2252 illud,
687 2171 730 2238 cl.
745 2194 777 2237 v.
792 2170 937 2238 5statim
953 2176 1107 2238 exortum
1121 2177 1187 2251 est,
1200 2194 1232 2237 v.
1252 2178 1292 2238 17
1307 2184 1339 2238 et
1348 2194 1417 2238 non
1426 2170 1550 2238 tabem
1562 2172 1709 2238 radicem

381 2281 417 2346 in
431 2302 483 2360 se,
498 2277 559 2346 sed
577 2277 778 2369 temporales
790 2290 870 2344 sunt
882 2277 906 2344 i.
927 2299 956 2345 e.
975 2277 1120 2346 verbum
1138 2279 1175 2343 in
1191 2300 1310 2345 eorum
1324 2279 1456 2345 animos
1472 2300 1538 2345 non
1553 2280 1632 2345 satis
1648 2301 1708 2368 pe-

382 2391 511 2470 netrat,
536 2407 604 2453 non
623 2385 768 2451 firmiter
786 2383 967 2464 adhaeret,
993 2391 1072 2451 sunt
1090 2383 1266 2472 πμόωιαιμοι
1283 2385 1499 2475 temporarii,
1514 2385 1557 2452 ad
1577 2392 1709 2474 tempus

381 2493 484 2561 breve
499 2491 711 2560 solummodo
725 2491 888 2558 durantes
901 2490 958 2579 (cl.
976 2497 997 2557 2
1012 2495 1089 2559 Cor.
1109 2496 1188 2574 t‚1s
1211 2512 1218 2559 :
1243 2513 1330 2581 quae
1351 2490 1511 2558 videntur
1525 2491 1704 2580 πρόσιιιιμα,

382 2622 470 2692 quae
486 2622 552 2666 non
568 2592 862 2679 videnturaidna,
879 2599 980 2665 llebr.
999 2598 1114 2685 1135)
1127 2602 1204 2666 Luc.
1222 2604 1301 2680 8,13
1321 2620 1329 2666 :
1346 2597 1390 2665 ad
1404 2605 1539 2688 tempus
1551 2598 1707 2682 credunt;

382 2706 502 2773 deinde
515 2720 588 2772 orta
604 2704 823 2772 tribulatione
835 2718 868 2772 et
878 2704 1258 2795 persecutionepropter
1270 2703 1427 2786 verbum,
1440 2705 1482 2772 cl.
1498 2729 1530 2772 v.
1545 2706 1711 2793 liquando

383 2813 636 2892 exortusestsol‚
647 2818 679 2878 et
687 2811 960 2879 tribulationeset
969 2812 1222 2901 persecutiones
1234 2812 1385 2898 imagine
1395 2817 1506 2879 aestus
1518 2835 1713 2902 proponun-

383 2926 439 2988 tur
450 2921 583 3011 saepius
598 2921 663 3007 (Ps.
683 2922 829 2998 1o‚s.1s.
850 2924 942 3000 25‚t.
960 2917 1008 3008 5),
1026 2918 1202 3007 confestim
1214 2917 1503 3000 scandalizantur,
1521 2920 1556 2985 in
1571 2919 1712 2986 offendi-

382 3027 497 3094 culum
515 3028 712 3116 impingunt
728 3030 762 3091 et
775 3024 952 3107 labuntur,
970 3023 1072 3091 afide
1088 3024 1265 3092 deficiunt.
1285 3024 1439 3092 Secundo
1455 3026 1528 3092 loco
1544 3033 1620 3115 post
1636 3025 1711 3092 dia-

384 3133 499 3200 bolum
510 3140 683 3221 tamquam
695 3154 796 3200 causa
808 3132 862 3198 vel
872 3131 1001 3199 occasio
1011 3133 1130 3198 ruinae
1140 3138 1377 3223 proponuntur
1387 3133 1501 3199 variae
1510 3133 1713 3200 calamitates

383 3246 416 3308 ct
442 3242 711 3330 persecutiones,
741 3261 829 3327 quae
848 3239 968 3327 utique
988 3238 1028 3304 iis
1047 3261 1117 3305 non
1136 3238 1261 3304 desunt
1285 3237 1344 3327 qui
1368 3239 1423 3327 pie
1444 3239 1561 3305 volunt
1580 3240 1704 3306 vivere.

383 3346 550 3413 Praedicit
564 3347 677 3435 itaque
690 3344 781 3412 hisce
796 3367 932 3434 quoque
943 3345 1094 3411 Christus
1106 3346 1179 3411 fore
1193 3350 1230 3410 ut
1242 3345 1397 3411 homines
1409 3345 1597 3435 probentur
1611 3347 1711 3412 variis

383 3452 636 3536 afflictionibus,
660 3452 711 3518 uti
728 3472 851 3519 aurum
866 3450 901 3517 in
922 3452 1075 3534 fornace3
1095 3452 1156 3540 qui
1177 3452 1284 3538 igitur
1304 3450 1432 3518 infirmi
1451 3459 1529 3518 sunt
1547 3458 1580 3519 et
1592 3453 1708 3519 incon-

383 3565 507 3627 stantes
525 3565 558 3626 et
576 3557 688 3625 timidi
707 3559 731 3626 i.
753 3580 783 3626 e.
806 3558 867 3647 qui
886 3558 992 3625 animi
1011 3558 1211 3625 firmitatem
1229 3564 1262 3624 et
1281 3557 1387 3624 robur
1406 3580 1475 3623 non
1494 3559 1658 3626 hauriunt
1673 3583 1711 3627 ex

383 3666 562 3753 evangelio
587 3666 779 3733 doctrinam
798 3665 921 3731 Christi
941 3666 1019 3731 totis
1041 3666 1147 3732 animi
1167 3665 1297 3732 viribus
1315 3664 1474 3753 amplexi,
1498 3687 1573 3732 mox
1592 3673 1707 3732 exorta

384 3777 579 3861 tempestate
599 3771 758 3839 deficient
777 3776 810 3838 et
828 3771 949 3837 misere
969 3772 1143 3859 peribunt.

426 3879 537 3946 Tertio
555 3878 629 3944 loco
647 3879 894 3968 impedimento
912 3883 993 3945 sunt
1010 3878 1110 3945 saluti
1129 3901 1232 3947 curae
1252 3881 1354 3947 huius
1375 3880 1463 3946 vilae
1482 3901 1521 3945 ac
1544 3879 1709 3946 sollicitu-

381 3986 523 4053 dineset
538 3986 650 4052 variae
664 3984 867 4076 cupiditates
884 3984 1010 4074 quibus
1027 3986 1135 4052 animi
1160 3987 1340 4054 hominum
1362 3986 1543 4077 pulsantur
1563 4008 1594 4052 v.
1621 3992 1661 4053 18
1680 3999 1714 4052 et

382 4091 449 4161 alii
460 4104 540 4159 sunt
558 4092 667 4182 quiin
685 4092 793 4182 spinis
810 4094 1022 4159 seminantur
1039 4089 1079 4165 εἰς
1094 4085 1152 4166 τὰς
1166 4089 1296 4167 ἀκάνθας
1308 4095 1342 4160 in
1358 4093 1489 4183 spinas,
1511 4095 1559 4160 uti
1576 4116 1606 4159 v.
1626 4101 1657 4174 7,
1677 4092 1715 4159 tn·

383 4212 462 4267 sunt
474 4199 535 4289 qui
545 4196 680 4265 verbum
692 4199 838 4266 attdt'unt
853 4213 885 4266 et
899 4221 1083 4266 aerumnae
1096 4202 1226 4268 saeculi
1235 4202 1354 4282 huiuS‚
1373 4203 1513 4290 μέριμναι
1528 4223 1629 4266 curae
1642 4201 1715 4289 qui·

384 4309 448 4375 hus
471 4306 626 4373 homines
648 4306 850 4373 indiversus
870 4314 983 4396 partes
1003 4307 1241 4375 distrahuntur
1261 4315 1294 4375 et
1312 4308 1409 4398 quasi
1436 4307 1635 4374 dividuntur
1657 4306 1710 4394 (cl.

387 4426 402 4482 1
429 4419 503 4482 Cor.
530 4420 608 4495 7,3t
633 4419 666 4478 et
684 4414 812 4481 divisus
838 4421 887 4481 est
909 4408 1116 4503 μεμέρισται),
1140 4415 1382 4484 sollicitudines
1406 4416 1507 4483 huius
1531 4416 1709 4505 temporis,

386 4524 523 4607 mundi,
541 4538 572 4592 et
584 4523 735 4613 deceptio
751 4523 949 4592 divitiarum
966 4525 1072 4593 ἁπίιτιι
1088 4524 1192 4605 fraus,
1207 4523 1319 4591 llatth.
1338 4529 1439 4604 1322
1453 4523 1604 4603 fallacia;
1624 4553 1638 4581 «
1652 4521 1714 4587 lal-

385 4633 474 4700 laces
495 4639 572 4700 sunt
593 4632 674 4721 quia
697 4632 876 4700 nobiscum
900 4632 960 4699 diu
983 4652 1186 4723 permanere
1211 4653 1279 4699 non
1299 4637 1453 4721 possunt,
1480 4631 1615 4697 fallaces
1637 4636 1715 4696 sunt

384 4763 472 4829 quae
494 4740 615 4807 mentis
634 4744 766 4807 nostrae
780 4738 935 4829 inopiam
949 4763 1018 4808 non
1032 4738 1208 4830 expellunt
1225 4767 1240 4799 ιι
1266 4739 1316 4828 (S.
1339 4738 1542 4828 Gemonios,
1566 4739 1656 4805 hom.
1679 4737 1713 4804 in
