3960 5654
188 486 246 548 166
719 500 810 549 manc.
833 488 863 556 6,
887 487 989 546 11-16.

185 638 351 705 brahatur
370 656 494 700 nomen
511 638 582 701 lesu
601 661 664 727 per
676 661 777 728 quem
795 635 935 725 apostoli
950 640 1019 704 tam
1039 639 1125 705 mira
1139 659 1179 703 ac
1197 635 1351 705 benefica
1372 656 1520 724 perage-

183 745 283 826 bant,
298 745 345 809 ita
358 746 395 806 ut
409 747 443 807 et
456 741 599 810 llerodes
613 752 646 811 et
660 746 764 812 aulici
775 743 834 835 qui
847 739 890 807 de
901 742 1003 810 rebus
1016 743 1184 836 religiosis
1198 743 1339 810 minime
1351 740 1524 811 curabant.

182 852 251 918 iam
269 849 366 939 quasi
383 847 480 914 inviti
501 872 588 940 quae
608 853 728 917 fierent
750 853 910 938 ignorare
930 871 997 916 non
1017 853 1164 942 possent.
1186 848 1331 924 Herodes
1357 839 1516 937 antipas,

182 956 270 1022 filius
297 954 435 1021 Herodis
457 959 564 1043 regis,
592 957 758 1024 Galilaeae
780 961 812 1022 et
834 959 975 1023 Peraeae
991 966 1064 1024 erat
1084 954 1254 1022 tetrarcha
1275 953 1406 1041 (llatth.
1425 961 1515 1034 tt,1.

180 1068 259 1129 Luc.
277 1067 351 1143 3,1;
365 1063 454 1149 9‚7);
472 1063 666 1152 appellatur
682 1086 750 1138 rex,
766 1061 816 1127 uti
831 1062 945 1129 llatth.
964 1071 1041 1145 tta
1052 1083 1200 1153 quoque,
1219 1083 1258 1127 ex
1273 1062 1522 1128 consuetudine

181 1167 308 1257 patriae
334 1175 367 1234 et
388 1169 547 1236 liberiore
560 1190 623 1234 usu
648 1172 740 1236 vocis
756 1168 889 1257 (Vici).
914 1172 999 1246 Quia
1015 1176 1113 1259 pater
1134 1166 1297 1235 eluserat
1317 1188 1377 1233 rex
1392 1173 1428 1233 et
1446 1168 1518 1256 ipse

180 1295 314 1364 quoque
328 1274 581 1353 dominabatur,
595 1280 686 1343 certe
696 1296 776 1343 voce
785 1275 944 1364 populari
955 1273 1194 1365 appellabatur
1213 1293 1287 1353 rex3
1315 1301 1332 1335 a
1348 1273 1523 1340 lsraelitae

180 1378 413 1473 finitimaeque
433 1387 552 1470 gentes
568 1380 651 1448 alios
673 1402 808 1470 quoque
826 1381 1000 1472 principes
1014 1381 1073 1470 qui
1089 1379 1192 1448 alicui
1210 1381 1345 1467 regioni
1363 1381 1449 1447 citra
1464 1401 1518 1446 re-

179 1487 273 1574 gium
299 1511 425 1555 nomen
445 1487 680 1575 imperitarent
701 1508 797 1574 reges
822 1489 997 1578 appellare
1018 1488 1173 1554 solebant
1196 1515 1211 1546 i>
1239 1487 1382 1574 (Potr.);
1405 1493 1523 1553 censet

178 1594 313 1662 Scltoriz
328 1600 474 1661 llarcum
497 1594 587 1680 regis
603 1594 753 1684 posuisse
773 1615 897 1661 nomen
913 1596 994 1683 quia
1008 1617 1048 1661 eo
1063 1595 1201 1660 nomine
1216 1593 1388 1684 principes
1402 1586 1517 1660 orien-

179 1701 263 1769 tales
277 1705 403 1768 Romae
419 1699 631 1767 vocabantur
645 1722 733 1790 quae
748 1701 935 1790 appellatio
951 1708 1137 1787 tyranuum
1157 1700 1361 1787 designabat
1378 1700 1517 1788 qualem

179 1813 306 1874 llarcus
324 1828 464 1897 quoque
484 1807 650 1873 Herodem
664 1807 842 1889 describit;
861 1807 1002 1896 insuper
1016 1810 1141 1874 Romae
1161 1811 1281 1874 notum
1297 1805 1398 1872 111111
1414 1809 1523 1872 llero-

179 1913 258 1981 dem
277 1914 461 1998 instigante
479 1913 666 1979 llerodiade
682 1918 824 1981 ltomam
840 1915 969 1980 venisse
991 1913 1095 2002 (anuo
1110 1913 1165 2000 39)
1188 1919 1224 1978 11
1240 1912 1375 1999 regium
1393 1933 1517 1979 nomen
1605 1964 1608 1971 .

179 2020 243 2087 sibi
265 2020 487 2086 tribueretur.

223 2126 355 2192 (lumin
372 2149 404 2192 v.
425 2133 465 2191 16
480 2125 618 2192 demum
631 2132 793 2214 sequatur
807 2126 890 2216 quid
906 2125 1053 2192 llerodes
1065 2126 1197 2206 dixerit,
1215 2125 1351 2193 videtur
1365 2126 1431 2192 hoc
1445 2125 1524 2192 loco·

178 2231 279 2299 lectio
294 2229 398 2319 ἔλεγον
413 2230 572 2298 dicebant
595 2254 700 2320 quam
721 2234 758 2300 S.
780 2236 868 2322 Auq.
889 2231 1057 2321 (decons.
1078 2253 1200 2319 evang.
1229 2238 1321 2313 2‚t3.
1342 2231 1399 2320 91)
1423 2230 1516 2298 Beda

178 2360 316 2429 quoque
338 2338 468 2404 hahent
489 2337 545 2425 (de
558 2338 634 2404 aliis
648 2338 726 2405 vide
742 2339 820 2405 lect.
840 2339 929 2425 var.)
950 2335 1210 2428 praeterenda¹,
1228 2345 1266 2405 ut
1279 2338 1352 2406 scil.
1371 2337 1526 2405 llerodes-

178 2445 323 2512 aliorum
349 2443 523 2512 sententiis
548 2445 673 2511 auditis
695 2467 793 2512 suam
818 2451 1005 2535 proponat,
1026 2445 1061 2511 id
1082 2445 1297 2535 quodetiam
1321 2445 1524 2512 narratione·

180 2556 285 2619 lucae
305 2551 567 2619 commendatur
589 2573 596 2619 :
618 2557 650 2618 et
671 2551 861 2619 haesitabat
880 2573 920 2618 eo
939 2551 1033 2641 quod
1050 2550 1221 2619 diceretur
1240 2574 1260 2618 a
1279 2551 1486 2642 quibusdam
1506 2573 1514 2620 :

178 2661 260 2748 quia
277 2663 419 2726 loannes
432 2659 577 2725 surrexit
592 2681 612 2725 a
630 2659 773 2725 mortuis
786 2658 868 2747 (9,7.
885 2659 938 2748 8);
956 2666 1023 2725 tres
1039 2659 1227 2726 sententiae
1247 2663 1513 2748 proponuntur:

178 2765 260 2855 quio
270 2767 413 2832 loannes
426 2764 573 2855 baptista
586 2765 770 2832 resurrexit
784 2789 807 2832 a,
820 2765 963 2832 mor-tuis
975 2779 1007 2832 et
1018 2778 1197 2856 propterea
1213 2764 1354 2832 virtutes
1371 2787 1521 2855 operari--

179 2871 457 2955 turinillo;dum
469 2872 606 2939 vivebat
617 2878 774 2954 loannes,
788 2873 921 2937 nullum
932 2871 1041 2939 edidit
1052 2872 1256 2939 miraculum
1268 2873 1370 2959 (loan.
1388 2875 1514 2959 teat),

179 2999 262 3065 ergo
280 2978 510 3067 opinabantur
529 3000 608 3046 cum
629 2985 736 3046 morte
756 2978 884 3045 iniusta
909 2985 997 3045 esset
1013 2979 1165 3046 sublatus
1184 3000 1262 3045 eum
1281 2978 1317 3044 iu
1336 2979 1440 3045 vitam
1461 3000 1516 3045 re-

179 3084 278 3151 diisse
293 3085 413 3151 altiore
424 3085 575 3175 potentia
587 3087 809 3166 instructum;
825 3108 856 3151 v.
877 3093 917 3153 15
931 3084 998 3151 olii
1008 3094 1123 3151 aretem
1136 3083 1304 3165 dicebant,
1322 3087 1404 3174 quia
1419 3084 1516 3151 Elias

179 3203 243 3271 est,
259 3213 349 3280 quae
362 3192 480 3280 opinio
491 3192 573 3258 olim
583 3214 721 3282 quoque
730 3192 772 3259 de
785 3197 906 3258 loanne
919 3192 1065 3282 baptista
1076 3191 1272 3259 obtinuerat
1284 3192 1389 3280 (loen.
1407 3192 1513 3281 131),

179 3320 272 3364 1111
290 3298 333 3364 de
350 3303 421 3364 lesu
441 3298 637 3387 aliquorum
657 3298 781 3365 animis
802 3298 1007 3364 inhaerebat
1025 3305 1058 3364 et
1075 3298 1176 3364 simul
1190 3297 1396 3365 documento
1410 3303 1461 3365 est
1477 3320 1525 3366 eo·

180 3410 333 3494 tempore
352 3410 581 3494 exspectatum
599 3427 670 3497 esse
693 3404 827 3471 Messiae
852 3404 1037 3470 adventum
1055 3404 1183 3494 quippe
1203 3409 1282 3471 ante
1302 3426 1407 3494 quem
1427 3405 1516 3472 Elias

179 3510 381 3600 praecedere
396 3510 656 3599 crederetur(cl.
674 3518 765 3591 9,10.
782 3511 895 3577 llatth.
911 3517 1043 3596 17,10);
1062 3511 1127 3576 atii
1137 3533 1212 3578 vero
1228 3510 1412 3577 dicebant:
1432 3512 1515 3600 quia

176 3616 342 3708 propheta
357 3630 421 3697 est,
436 3617 535 3707 quasi
545 3640 632 3684 unus
645 3639 688 3684 ea·
696 3617 894 3707 prophetia·
907 3623 1025 3684 notum
1038 3619 1130 3684 euim
1140 3625 1214 3684 erat
1228 3618 1418 3708 prophetas
1428 3639 1514 3708 quo·

180 3746 247 3814 que
262 3728 424 3814 potestate
444 3724 688 3791 miraculorum
704 3723 912 3813 quandoque
935 3746 1005 3791 esse
1020 3725 1216 3805 instructos;
1239 3725 1352 3791 recole
1370 3745 1458 3814 quae
1473 3724 1524 3791 de·

180 3830 253 3899 Elia
274 3835 307 3897 et
327 3830 433 3896 Eliseo
451 3837 649 3911 narrantum
672 3853 704 3896 v.
729 3838 770 3897 16
786 3852 853 3920 qao
868 3830 987 3897 audito
1004 3830 1152 3897 Herodes
1166 3831 1217 3898 ait
1232 3853 1244 3897 .·
1260 3834 1361 3920 queri
1380 3853 1441 3920 eqo
1456 3831 1522 3897 dc·-

181 3936 306 4004 collooi
316 3939 493 4018 loannem,
504 3937 561 4003 tic
569 3961 590 4004 a
601 3936 744 4004 mortuis
756 3937 941 4003 resurrexit
945 3961 959 4015 ;
972 3937 1107 4026 pessimi
1116 3936 1277 4005 facinoris
1286 3937 1352 4005 sibi
1363 3938 1516 4005 conscius

180 4050 214 4110 et
227 4045 452 4111 conscientiae
472 4043 618 4110 stimulis
632 4044 785 4131 agitatus
797 4045 834 4109 in
856 4065 931 4111 eam
947 4043 1092 4110 inclinat
1110 4046 1314 4112 sententiam
1331 4067 1400 4136 qua
1415 4066 1515 4111 suum

179 4150 288 4218 scelus
304 4153 482 4219 acumine
502 4151 636 4218 vindice
651 4151 771 4241 puniri
785 4150 956 4217 existimat
971 4150 1028 4239 (ci.
1050 4152 1165 4218 llatth.
1183 4151 1289 4240 M)-
1306 4156 1420 4242 Neque
1436 4173 1515 4218 cum

212 4367 234 4413 1.
252 4365 329 4414 Notat
344 4365 394 4415 iam
419 4367 492 4415 lans.
507 4380 517 4414 .·
531 4377 598 4428 quae
618 4363 695 4414 lectio
709 4363 791 4427 magis
809 4364 928 4428 congruit
950 4363 1091 4413 narrationi
1105 4365 1188 4414 Lucae
1199 4367 1225 4414 et
1248 4363 1334 4414 ordini
1348 4364 1426 4414 etiam
1447 4363 1516 4427 apud

178 4444 292 4494 11111111
307 4446 400 4508 ipsum.
416 4444 549 4503 Quomodo
572 4444 641 4495 enim
658 4443 755 4508 alioqui
771 4445 902 4504 convenit,
928 4446 956 4494 ut
970 4447 1105 4508 postquam
1120 4443 1196 4495 semel
1219 4444 1346 4495 sententia
1362 4443 1469 4494 Herodis
1483 4442 1515 4494 de

177 4524 234 4574 Iesu
245 4537 364 4587 expressa
377 4525 435 4584 1111,
448 4524 541 4576 deinde
550 4524 660 4574 aliomm
675 4523 811 4574 sententiis
827 4524 985 4587 interpositis
999 4523 1136 4574 inferretur
1150 4543 1157 4575 ε
1172 4538 1224 4590 quo
1235 4523 1323 4574 audito
1335 4523 1447 4574 Herodes
1461 4524 1522 4573 aitt·

178 4602 223 4652 llla
238 4605 307 4653 enim
324 4604 402 4654 rerba
416 4606 480 4656 satis
496 4605 645 4670 significant
657 4604 777 4669 superius
794 4604 902 4654 aliorum
926 4604 1078 4654 seutentiam
1095 4608 1195 4655 tantum
1220 4618 1275 4655 esse
1289 4604 1409 4668 positam.
1430 4605 1463 4653 111
1486 4605 1513 4658 S.

176 4683 298 4734 Thomam
314 4697 418 4748 quoque
433 4686 468 4735 ita
486 4685 573 4749 legisse
589 4689 661 4750 patet
674 4685 797 4750 exipsius
811 4684 997 4735 commentario
1013 4702 1020 4734 1
1035 4689 1062 4735 11
1073 4684 1199 4745 dicebaut,
1215 4685 1310 4750 iuquit,
1323 4683 1420 4734 scilieet
1434 4683 1515 4748 aliqui

176 4763 208 4814 de
222 4763 297 4814 turba
315 4781 338 4812 u.
355 4765 405 4821 Qui
422 4764 558 4816 lectionem
571 4764 678 4816 dicebat
690 4765 803 4815 retinent
816 4763 906 4814 dicunt
921 4763 1047 4815 Herodem
1062 4764 1158 4815 auditis
1166 4765 1277 4815 aliorum
1291 4763 1427 4814 sententiis
1441 4778 1518 4815 suam

176 4841 270 4893 iterum
284 4841 425 4895 affirmasse
440 4850 465 4895 et
482 4849 614 4910 tamquam
629 4859 716 4895 reram
738 4844 789 4895 illis
807 4845 964 4909 opposuisse.
983 4847 1079 4895 Verum
1092 4860 1123 4896 ex
1141 4847 1208 4895 Luca
1223 4848 1309 4909 potest
1324 4843 1437 4894 dubitari
1452 4858 1518 4895 num

176 4921 203 4972 in
217 4935 246 4973 aa
257 4924 384 4974 sententia
398 4924 461 4975 adeo
479 4925 586 4977 tirmiter
600 4926 750 4990 perstiterit.
