3960 5654
107 421 109 424 Ι
139 470 197 531 tm
445 423 450 430 ·
664 436 765 528 nanc(
782 465 831 538 to,
854 464 939 524 5-10.

138 620 281 690 durities
301 616 441 686 cervicis
457 637 545 704 quae
569 617 668 684 toties
685 618 720 683 in
742 615 918 703 Scriptura
937 616 1065 706 populo
1087 614 1322 702 exprobratur.
1344 617 1470 700 Moyses
1561 613 1564 621 “

138 728 253 818 itaque
270 722 442 814 permisit,
460 743 531 788 non
545 730 681 812 sponte,
702 722 760 788 sed
774 726 908 787 coactus
923 744 991 811 quo
1006 720 1096 788 mala
1110 721 1300 787 vitarentur
1319 720 1466 801 maiora,

139 855 257 902 verum
275 829 460 896 divortium
480 830 546 896 illis
565 828 792 897 circumdedit
811 830 1000 918 praeceptis
1017 824 1142 917 quibus
1159 828 1329 896 sanctitati
1349 827 1469 893 matri-

139 939 245 1007 monii
263 957 325 1025 pro
341 935 479 1003 ratione·
489 937 650 1024 temporis
665 933 918 1015 consuleretur;
936 936 982 1002 ita
998 956 1030 999 v.
1048 954 1084 1019 g.
1107 931 1230 998 mulier
1246 934 1387 1002 dimissa
1400 933 1469 999 iam

138 1066 208 1113 non
224 1047 358 1131 poterat
377 1041 420 1108 ad
439 1043 553 1109 virum
571 1041 799 1107 dimittentem
821 1046 1000 1106 revertere.
1022 1039 1073 1104 Uti
1093 1037 1179 1105 bene
1201 1041 1346 1128 explicat
1370 1042 1469 1118 Vict,

137 1149 315 1242 permissio
335 1149 419 1214 haec
438 1148 657 1237 consequitur
675 1149 832 1211 naturam
860 1152 893 1213 et
916 1145 1068 1212 indolem
1092 1145 1214 1212 veteris
1234 1146 1381 1213 foederis
1404 1148 1469 1212 im·

136 1254 338 1347 perlectam3
357 1257 409 1320 lex
423 1255 515 1320 enim
536 1276 602 1319 non
622 1250 786 1319 afferebat
808 1274 923 1319 veram
940 1252 1047 1317 animi
1061 1253 1272 1319 sanctitatem
1288 1274 1352 1319 nec
1368 1274 1469 1343 prae-

73 1391 75 1396 ’
138 1360 250 1428 stabat
272 1360 426 1429 remedia
449 1358 511 1425 illa
528 1360 681 1449 potentia
705 1357 831 1446 quibus
858 1360 892 1425 in
922 1379 1010 1424 novo
1036 1359 1170 1426 loedere
1197 1357 1470 1449 perturbationes

138 1467 333 1536 animorum
352 1490 392 1534 ac
410 1464 572 1533 libidines
591 1469 789 1532 coercentur
806 1471 839 1532 et
857 1471 1076 1553 superantur.

183 1577 265 1642 Dein
277 1574 377 1641 docet
392 1574 428 1639 in
443 1571 518 1660 ipsa
534 1572 603 1638 iam
619 1572 790 1638 creatione
805 1592 998 1661 expressam
1013 1593 1083 1638 esse
1095 1570 1305 1639 voluntatem
1325 1578 1358 1637 et
1375 1568 1469 1636 ordi-

138 1681 313 1748 nationem
336 1681 393 1745 Dci
413 1677 454 1744 de
469 1678 600 1744 unitate
621 1699 660 1743 ac
682 1676 979 1744 indissolubilitate
995 1678 1203 1745 matrimonii
1224 1700 1255 1743 v.
1274 1683 1294 1744 6
1316 1676 1359 1743 ab
1372 1677 1468 1743 initio

138 1799 253 1854 autem
268 1797 444 1852 creaturae
459 1784 650 1850 masculum
663 1794 695 1850 et
707 1783 875 1871 seminam
887 1786 972 1873 fecit
983 1806 1037 1850 eos
1050 1782 1166 1873 (beas)
1183 1789 1264 1851 Gen.
1283 1790 1379 1865 ¹22⁷}
1396 1784 1468 1850 viro

137 1915 242 1962 unam
251 1891 434 1958 adductam
448 1912 519 1956 esse
531 1890 710 1956 mulierem
722 1897 859 1972 notant,
875 1911 944 1956 non
954 1891 1161 1979 complures;
1177 1912 1283 1980 quare
1295 1890 1470 1957 matrimo-

137 2001 234 2067 nium
250 2020 327 2064 cum
346 2021 412 2064 una
429 2019 500 2063 esse
516 1997 703 2063 ineundum
719 1996 906 2083 designari.
925 2001 1015 2063 Hanc
1030 2003 1144 2063 autem
1159 1997 1324 2063 unionem
1342 1998 1470 2064 debere

138 2127 208 2174 esse
233 2111 436 2194 perpetuam
457 2124 567 2191 neque
588 2104 732 2193 arbitrio
752 2104 900 2170 hominis
918 2103 1005 2170 solvi
1024 2102 1219 2171 declaratur
1238 2126 1272 2171 v.
1292 2112 1311 2170 7
1328 2116 1471 2193 propter

137 2213 213 2291 tac,
230 2215 341 2301 potest
355 2209 495 2298 quidem
510 2209 631 2276 referri
646 2208 691 2277 ad
706 2233 737 2276 v.
756 2217 788 2292 6,
807 2211 888 2299 quia
904 2215 989 2277 [leus
1009 2211 1057 2277 ita
1070 2210 1244 2277 bominem
1267 2211 1413 2288 creavit,
1435 2216 1472 2276 ut

138 2341 178 2386 ex
199 2317 324 2384 unione
344 2338 486 2383 sexuum
506 2337 614 2403 genus
633 2317 826 2383 humanum
851 2323 1116 2406 propagaretur;
1141 2338 1260 2384 verum
1282 2317 1387 2384 satius
1406 2317 1472 2384 erit

139 2446 263 2492 nexum
282 2421 446 2514 explicari
461 2444 501 2488 ex
523 2421 596 2489 loco
612 2422 703 2489 unde
722 2422 828 2489 verba
844 2422 1043 2513 deprompta
1065 2432 1144 2490 sunt
1157 2427 1238 2491 Gen.
1256 2429 1349 2506 ΗΕ,
1367 2424 1470 2491 relin-

137 2545 218 2622 quet
229 2531 329 2598 tomo
338 2543 475 2619 patrem
485 2551 584 2596 suzam
599 2542 631 2595 et
642 2541 786 2595 matrem
801 2541 834 2595 et
846 2529 1043 2596 adhaerebit
1057 2530 1105 2597 ad
1115 2552 1255 2596 uxorem
1268 2552 1367 2597 suam
1378 2530 1470 2620 (vide

138 2638 214 2706 lect.
227 2659 319 2719 var.;
334 2637 469 2703 videtur
479 2637 637 2703 ultimum
654 2636 846 2703 membrum
857 2634 1010 2703 additum
1023 2659 1061 2703 ex
1073 2637 1186 2704 llattb.
1202 2642 1235 2702 et
1249 2639 1344 2726 LXX)
1357 2659 1388 2702 v.
1403 2643 1423 2705 8
1438 2652 1471 2704 et

140 2757 240 2811 erunt
257 2745 324 2810 duo
345 2743 503 2809 incarne
523 2765 592 2808 aena
610 2739 650 2815 εἰς
664 2746 762 2830 σάρκα
776 2737 845 2830 μίαν
861 2744 897 2809 in
921 2765 1058 2810 carnem
1087 2765 1209 2824 unam,
1237 2751 1286 2811 est
1306 2743 1470 2812 hebraica

140 2850 257 2941 phrasi
272 2850 401 2916 dictum
417 2873 480 2939 pro
493 2872 532 2916 co
548 2849 641 2939 quod
654 2854 702 2916 est
715 2858 816 2916 erunt
830 2849 899 2916 duo
914 2872 984 2918 una
998 2873 1094 2932 earo,
1110 2851 1199 2917 sicut
1213 2873 1245 2917 v.
1265 2873 1300 2937 g.
1319 2850 1446 2917 dieitur
1461 2872 1468 2918 ε

139 2957 248 3025 factus
258 2962 306 3023 est
317 2955 425 3022 Adam
436 2958 471 3022 in
485 2957 636 3023 animam
650 2956 820 3023 viventem
833 2955 954 3045 (lans.)
966 2962 999 3024 et
1016 2959 1051 3023 in
1062 2956 1133 3024 dub
1146 2957 1275 3043 legitur
1292 2955 1446 3024 eomodo
1460 2979 1467 3024 :

139 3071 240 3131 erunt
252 3063 320 3129 duo
336 3084 405 3129 una
420 3083 511 3128 caro.
531 3067 638 3138 Quare
654 3063 807 3151 sequitur
822 3084 829 3129 :
847 3064 962 3152 itaque
977 3063 1047 3129 cam
1065 3085 1134 3130 non
1148 3076 1228 3130 sunt
1241 3063 1308 3130 duo
1328 3063 1389 3129 sed
1401 3085 1471 3129 una

140 3191 235 3250 cara,
248 3191 355 3236 unum
372 3169 444 3236 scil.
459 3169 668 3257 principium
685 3169 892 3257 completum
908 3170 952 3235 ad
965 3169 1067 3235 finem
1082 3192 1103 3236 a
1118 3173 1184 3236 Deo
1198 3170 1408 3250 institutum,
1425 3168 1470 3236 ad

141 3275 406 3366 propagandum
422 3297 543 3361 genus.
563 3280 632 3341 lam
649 3277 676 3339 si
691 3275 760 3341 sint
776 3297 846 3341 una
861 3298 957 3357 caro,
973 3298 1041 3342 una
1054 3277 1149 3364 quasi
1170 3282 1293 3344 natura
1307 3300 1327 3343 a
1347 3279 1415 3342 Deo
1433 3278 1470 3343 in

141 3404 218 3450 eam
236 3384 403 3449 unitatem
418 3381 570 3462 condita,
589 3383 690 3447 etiam
705 3383 862 3471 sequitur
877 3404 907 3449 v.
926 3389 946 3449 9
964 3382 1059 3471 quod
1072 3405 1150 3472 erpo
1169 3386 1257 3449 Deus
1272 3383 1467 3464 contenuit,

140 3490 239 3557 bomo
258 3511 327 3556 non
344 3501 496 3578 separet‚·
516 3489 772 3554 matrimonium
793 3489 942 3555 bominis
966 3489 1107 3556 arbitrio
1124 3488 1337 3556 subtractum
1353 3495 1420 3572 est;
1441 3492 1469 3556 si

139 3596 291 3663 instituto
305 3600 448 3661 naturae
461 3600 618 3660 suntuna
630 3616 722 3675 caro,
740 3616 817 3661 cum
830 3596 934 3663 bomo
945 3618 1013 3662 non
1025 3597 1068 3662 sit
1082 3595 1240 3663 dominus
1251 3596 1470 3663 institutionis

139 3702 185 3770 ab
200 3703 274 3792 ipsa
292 3706 413 3767 natura
433 3701 557 3781 factae,
575 3700 677 3767 etiam
690 3702 853 3768 unionem
874 3701 969 3769 illam
988 3725 1057 3769 non
1071 3708 1182 3792 potest
1193 3702 1336 3769 solvere.
1354 3703 1390 3769 ld
1403 3703 1470 3792 ipsi

141 3815 280 3877 naturae
298 3807 465 3874 conditori
484 3806 746 3896 relinquendum
765 3812 824 3873 est.

184 3919 329 3983 Revocat
348 3916 464 4004 itaque
483 3913 635 3980 Christus
656 3915 912 3981 matrimonium
933 3913 977 3982 ad
1005 3916 1183 4004 pristinam
1198 3914 1292 3982 illam
1313 3917 1349 3982 in
1373 3938 1469 3983 crea-

139 4023 229 4090 tione
249 4043 441 4111 expressam
471 4022 643 4087 notionem
665 4021 803 4088 unitatis
829 4027 863 4088 et
883 4021 1201 4089 indissolubilitatis.
1228 4025 1296 4089 Hac
1316 4022 1470 4091 doctrina

139 4127 401 4196 admirationem
423 4126 668 4217 discipulorum
693 4150 764 4195 esse
789 4129 1009 4195 vehementer
1029 4128 1205 4195 excitatam
1229 4130 1358 4219 quippe
1382 4151 1469 4219 quae

139 4236 180 4302 iis
193 4236 295 4303 nimis
313 4235 399 4302 dura
416 4233 602 4316 videretur,
618 4235 707 4302 clare
724 4235 865 4301 docetur
887 4235 979 4324 apud
1005 4237 1121 4302 Matth.
1146 4242 1245 4317 19‚10
1267 4257 1344 4302 cum
1365 4234 1470 4304 disci-

139 4342 210 4432 puli
231 4342 347 4408 dicant
366 4363 374 4409 :
396 4343 423 4407 si
440 4343 487 4407 ita
502 4348 551 4409 est
567 4363 669 4408 causa
689 4341 838 4407 hominis
854 4364 931 4408 cum
946 4364 1066 4422 uxore,
1088 4364 1158 4409 non
1174 4343 1311 4432 expedit
1325 4344 1465 4410 nubere.

139 4447 286 4515 Eandem
312 4448 561 4538 discipulorum
586 4447 848 4513 admirationem
863 4449 966 4514 etiam
992 4453 1119 4515 Marcus
1143 4448 1321 4539 perspicue
1340 4449 1470 4518 indicat

139 4576 179 4622 eo
196 4555 269 4642 ipso
285 4555 366 4642 quia
381 4555 520 4644 quando
536 4561 632 4621 erant
647 4555 709 4620 soli
726 4576 804 4620 cum
820 4556 960 4621 Domino
976 4555 1089 4622 denuo
1104 4553 1147 4621 de
1163 4557 1226 4622 bac
1237 4578 1273 4623 re
1288 4558 1467 4623 Dominum

137 4661 366 4746 interrogant,
402 4661 492 4727 unde
523 4663 601 4727 satis
627 4665 719 4752 patet
747 4682 822 4726 eam
852 4660 1042 4728 doctrinam
1070 4684 1139 4728 esse
1167 4663 1378 4752 propositam
1403 4664 1469 4729 illis

138 4767 278 4835 minime
298 4766 366 4832 tale
389 4767 522 4857 aliquid
541 4768 760 4858 opinantibus
781 4791 811 4833 v.
835 4773 874 4833 10
889 4780 922 4833 et
943 4768 980 4834 in
999 4768 1098 4835 dama
1117 4765 1159 4842 εἰς
1173 4768 1229 4838 τὴν
1248 4764 1343 4832 οἰκίαν
1357 4770 1394 4836 in
1408 4770 1467 4836 do-

137 4896 231 4941 mum
259 4873 331 4939 scil.
365 4894 443 4939 cum
474 4875 658 4957 venissent3
685 4877 727 4942 cl.
763 4881 840 4956 7,t;
874 4873 999 4942 similia
1023 4875 1187 4943 eiusmodi
1218 4876 1467 4965 brachylogiae
