3960 5654
896 327 984 371 nnuc.
1010 315 1040 387 t,
1061 315 1127 375 3-t.
1625 281 1680 373 ist

349 460 463 550 plena,
478 461 521 531 dc
535 464 659 533 balneo
674 462 728 529 vel
742 459 915 548 baptismo
932 462 1123 530 secundum
1138 459 1319 527 lectionem
1339 456 1539 547 ῥαντίσωνται
1553 480 1620 525 non
1636 466 1686 527 cst

345 589 456 637 sermo
468 572 490 638 ¹.
506 575 545 639 ut
556 571 689 637 videtur
701 568 780 633 satis
792 569 972 656 probabile
983 568 1180 659 pharisaeos
1191 566 1254 633 sibi
1270 567 1372 633 ritum
1384 566 1572 633 faciliorem
1585 587 1683 632 exco-

346 676 486 762 gitasse,
512 682 615 767 proui
635 673 739 740 etiam
761 674 797 739 in
817 672 942 742 lotione
964 695 1132 740 manuum
1150 673 1216 740 sibi
1237 674 1487 740 constituerunt
1511 672 1686 762 propriam

345 783 587 851 caerimoniam
602 802 691 869 quae
704 781 784 847 satis
799 781 899 848 lacile
917 780 1038 871 peragi
1054 787 1206 870 poterat;
1233 793 1266 846 et
1286 778 1357 845 ulio
1372 779 1482 845 neteltu
1504 793 1582 844 stou
1596 800 1683 869 quoe

345 889 469 957 trodim
492 899 572 952 suni
597 886 665 954 illis
688 908 838 967 seruare,
866 910 954 977 quae
974 887 1191 954 observanda
1213 892 1452 975 susceperunt,
1478 884 1682 975 baptisttzoto

297 992 299 995 ’
344 994 492 1061 calicum
504 1005 536 1059 et
551 1016 725 1061 urceorum
735 1006 768 1060 et
777 1007 1071 1071 aeramentorum,
1090 1015 1249 1059 vasorum
1262 1014 1462 1072 aeneorum,
1475 1006 1509 1058 et
1520 993 1681 1058 lectorum

342 1101 413 1170 seii.
432 1100 686 1179 tricliniarium3
704 1101 820 1166 omnia
832 1101 918 1167 haec
933 1122 1024 1189 aqua
1044 1099 1209 1165 eluebant
1227 1107 1411 1189 antequam
1431 1099 1471 1164 iis
1489 1105 1677 1181 uterentur,

344 1208 425 1295 quia
437 1207 577 1274 fortasse
592 1208 711 1274 calices
726 1212 759 1273 ct
773 1228 854 1274 vasa
869 1208 986 1295 aliqua
1002 1207 1213 1274 animalcula
1230 1205 1410 1272 immunda
1427 1211 1537 1272 essent
1557 1209 1681 1272 attacta

342 1313 395 1379 vel
422 1313 503 1403 quia
521 1315 661 1381 tortasse
680 1312 806 1403 aliquis
825 1312 1025 1380 immundus
1045 1312 1171 1379 lectum
1193 1313 1374 1399 tetigisset;
1403 1311 1551 1398 intelligi
1579 1311 1680 1377 lectos

280 1477 285 1485 .
342 1419 379 1487 iu
398 1420 523 1511 quibus
542 1420 587 1487 ad
606 1441 761 1486 mensam
780 1419 1032 1487 accumbebant
1050 1421 1220 1487 sententia
1237 1426 1287 1486 est
1305 1419 1532 1509 plurimorum
1559 1416 1676 1506 (Mold.

342 1529 428 1616 Lep.
445 1525 662 1614 recentiores)
676 1547 767 1615 quac
776 1532 932 1593 contexta
946 1527 1100 1594 oratione
1115 1525 1291 1606 suadetur,
1307 1525 1369 1592 etsi
1383 1521 1472 1594 κλίνη
1489 1524 1577 1592 etde
1593 1522 1680 1592 lecto

342 1632 510 1700 triclinari
533 1638 566 1698 et
588 1630 630 1698 de
653 1631 720 1699 alio
745 1632 945 1700 adhibetur.
971 1631 1144 1699 Eiusmodi
1170 1632 1245 1699 lecti
1273 1654 1363 1723 aqua
1390 1631 1676 1721 aspergebantur,

341 1738 478 1822 calices,
498 1760 578 1805 vasa
590 1738 906 1824 immergebantur;
925 1759 1033 1828 quare
1052 1737 1233 1827 βαπτισμός
1246 1761 1346 1805 sensu
1360 1737 1510 1829 quodam
1524 1735 1679 1824 generali

337 1845 552 1934 porquiiont's
565 1844 721 1912 adhiberi
736 1845 873 1912 videtur
890 1844 944 1911 vel
960 1846 999 1933 (si
1016 1846 1195 1935 proprium
1217 1846 1365 1913 retinere
1381 1844 1557 1932 malueris)
1573 1866 1677 1930 zeug-

341 1951 462 2019 matice
479 1958 517 2018 ut
535 1952 723 2041 loquuntur
740 1951 784 2019 ad
804 1953 909 2018 lectos
929 1953 1089 2018 trabitur.

377 2168 457 2228 Quod
468 2169 568 2219 dicitur
581 2183 606 2216 ν.
620 2169 634 2219 3
646 2169 731 2237 πυγμῇ
748 2166 866 2236 νίψωνται
882 2182 977 2233 pugno
993 2171 1088 2220 lavant
1104 2183 1219 2229 manus,
1236 2170 1350 2232 ingenia
1363 2172 1545 2232 interpretum
1560 2167 1677 2218 muitum

338 2259 471 2309 exercuit.
489 2253 604 2322 Titeoplt.
621 2256 698 2308 arati.
718 2256 761 2324 (ad
777 2258 875 2308 Matth.
900 2258 970 2321 153)
986 2265 1132 2322 exponunt
1145 2256 1203 2326 ἄχρι
1217 2263 1260 2308 τοῦ
1273 2253 1384 2325 ἀγκῶνος
1398 2271 1488 2322 usquc
1504 2259 1540 2307 ad
1552 2258 1676 2308 cubitum

340 2347 447 2406 lavare;
466 2344 581 2410 Theopit.
597 2348 745 2397 enimait:
761 2342 846 2414 πυγμὴ
859 2343 907 2414 γὰρ
923 2344 1023 2413 λέγεται
1039 2343 1069 2396 rb
1080 2342 1130 2397 ἀπὸ
1142 2347 1187 2396 τοῦ
1203 2343 1313 2416 ἀγκῶνος
1325 2344 1385 2413 ἄχρι
1402 2342 1444 2395 καὶ
1461 2348 1510 2394 τῶν
1527 2343 1608 2412 ἄκρων
1619 2341 1676 2393 δακ-

339 2431 435 2496 τὸλων,
452 2429 535 2502 πυγμὴ
552 2435 683 2486 dicituro
705 2434 778 2486 nexu
803 2437 909 2486 brachii
933 2449 1022 2499 usquc
1038 2436 1073 2486 ad
1095 2442 1236 2488 extremos
1251 2436 1365 2500 digitos.
1387 2436 1491 2486 Verum
1507 2436 1576 2485 baec
1590 2432 1676 2498 expil-

337 2525 410 2575 catto
422 2525 496 2575 vaiet
508 2523 542 2574 de
556 2536 688 2575 mensura
697 2526 817 2588 quadam
830 2526 1030 2589 longitudinis,
1046 2525 1081 2575 de
1091 2525 1200 2586 cubito,
1217 2537 1289 2589 quae
1304 2536 1436 2575 mensura
1450 2521 1535 2590 πυγών
1550 2535 1675 2573 commu-

339 2614 410 2663 niter
424 2613 533 2674 dicitur,
549 2615 637 2664 rarius
657 2610 742 2680 πυγμὴ
758 2617 787 2665 et
808 2616 836 2663 in
860 2627 891 2664 se
918 2613 948 2664 i8
968 2609 1104 2672 inustione
1126 2616 1260 2665 continet.
1280 2613 1336 2664 Sed
1350 2614 1385 2664 de
1410 2613 1458 2663 tali
1479 2624 1609 2662 mensura
1630 2611 1675 2660 hic

338 2715 431 2753 sermo
445 2716 501 2753 non
516 2705 559 2752 est
572 2715 664 2766 nequa
678 2716 732 2753 vox
746 2711 851 2767 partem
872 2699 947 2753 iiiam
965 2703 1071 2753 lirachii
1092 2716 1182 2767 usque
1198 2701 1233 2752 ad
1256 2706 1397 2754 extremos
1411 2702 1516 2765 digitos
1537 2698 1675 2766 significat

339 2789 389 2841 sed
403 2792 494 2840 solum
513 2806 648 2855 pugnum,
669 2804 782 2842 manum
804 2795 833 2841 in
847 2805 973 2856 pugnum
997 2794 1185 2856 compositam
1206 2793 1250 2842 vei
1273 2795 1454 2842 contractam.
1476 2791 1565 2841 Porro
1578 2790 1674 2853 nequit

337 2881 471 2942 explicari
486 2880 625 2944 quomodo
640 2893 706 2930 casu
717 2880 812 2931 dativo
822 2883 940 2945 exprimi
953 2883 1043 2944 possit
1054 2895 1134 2944 utque
1145 2882 1181 2930 ud
1195 2881 1328 2938 cubituum·
1341 2894 1377 2931 an
1390 2892 1440 2944 per
1451 2879 1563 2929 modum
1578 2878 1673 2929 adrer-

338 2967 377 3018 bii
389 2968 563 3019 cubitaliter?
577 2969 612 3019 ad
627 2969 701 3033 quod
712 2970 785 3018 iant.
802 2975 895 3029 notat,
912 2970 998 3036 πυγμῇ
1014 2983 1153 3034 nusquam
1169 2971 1286 3034 reperiri
1301 2969 1374 3033 apud
1389 2969 1512 3020 Graecos
1526 2967 1673 3018 adverbia-

339 3056 506 3121 literaeque
521 3071 536 3107 e
551 3059 732 3108 substantivis
746 3057 808 3108 steri
822 3059 960 3109 eiusmodi
973 3059 1107 3109 adverbia
1121 3072 1139 3109 a
1153 3059 1247 3109 dativo
1261 3059 1417 3122 desumpta.
1441 3057 1543 3108 lisdem
1566 3055 1673 3107 duobus

339 3144 491 3197 delectibus
503 3148 611 3198 laborat
623 3160 735 3210 quoque
743 3148 895 3211 explicatio
908 3161 914 3197 :
932 3161 1021 3216 usqpe
1029 3148 1065 3198 ad
1080 3149 1238 3198 iuncturam
1251 3161 1351 3198 manus
1362 3161 1425 3198 cum
1445 3147 1560 3197 brachio
1575 3142 1674 3212 (lipht-

339 3232 407 3297 ἶσοι,
421 3235 471 3284 Ed.
488 3231 509 3282 ti
525 3249 551 3299 p.
572 3234 611 3301 ¹¹l
635 3236 677 3284 vei
700 3248 788 3299 usque
812 3237 848 3286 ad
870 3239 1027 3288 iuncturam
1046 3237 1200 3300 digitorum
1221 3237 1256 3286 ad
1275 3248 1389 3287 manum
1405 3234 1595 3303 (schoettgen),
1617 3246 1673 3298 qua

339 3324 524 3387 explicatione
536 3337 627 3388 noque
642 3325 736 3374 dativo
755 3337 847 3388 neque
862 3328 940 3376 vocis
957 3328 1064 3377 notioni
1079 3324 1191 3376 satisiit.
1213 3326 1289 3376 liaeo
1303 3329 1396 3375 tamen
1411 3326 1554 3375 nonnullis
1568 3324 1672 3388 placuit

338 3413 406 3474 quia
421 3415 550 3476 congruit
562 3426 625 3464 cum
635 3414 720 3463 variis
738 3417 893 3477 praeceptis
908 3415 1059 3465 rabbinicis
1074 3429 1101 3464 v.
1122 3428 1151 3478 g.
1169 3416 1198 3463 in
1210 3418 1328 3465 tractatu
1343 3415 1378 3465 dc
1393 3415 1498 3465 lotione
1516 3425 1646 3463 manuum
1664 3425 1670 3460 :

339 3513 438 3551 manus
449 3502 612 3565 polluuntur
623 3502 790 3552 allevantur
805 3516 894 3566 usque
911 3504 946 3553 ad
961 3504 1110 3554 articulum
1127 3502 1196 3586 (Ρηῃ
1211 3511 1262 3564 'tm
1277 3507 1356 3553 tract.
1378 3516 1439 3567 cap.
1457 3503 1518 3564 w,
1533 3502 1671 3552 Surenitu·

338 3590 395 3637 sine
410 3589 447 3638 Vi
463 3603 489 3654 p.
506 3590 570 3649 toa
588 3591 644 3639 alia
657 3590 721 3641 vide
735 3589 869 3654 Ligntt'oot
884 3592 920 3642 ad
935 3593 1020 3643 Marc.
1041 3593 1101 3653 t,3;
1123 3593 1282 3656 schoettgen
1301 3592 1472 3642 adeundam
1492 3593 1598 3650 locum;
1621 3590 1669 3640 Ed.

339 3678 364 3727 11
379 3693 406 3742 p.
427 3679 477 3744 iti.
495 3680 585 3729 Aliam
604 3680 819 3743 explicationem
840 3684 957 3732 tentavit
975 3683 1103 3749 Wetttetn
1127 3695 1211 3744 quam
1229 3680 1410 3732 liotenmtitter
1432 3682 1538 3744 aliique
1555 3681 1670 3744 adopta-

339 3774 403 3817 runt
419 3781 425 3816 :
441 3781 553 3818 manum
568 3769 663 3818 iurare
678 3769 764 3836 πυγμῇ
782 3765 884 3828 ὕδατος,
902 3787 913 3816 t
934 3785 969 3821 cx
989 3772 1147 3836 praeceptis
1162 3773 1237 3821 enim
1258 3770 1435 3820 rabbinorum
1461 3771 1607 3820 minimum
1622 3769 1671 3819 ‹lc-

337 3855 420 3905 bebai
434 3856 559 3906 adhiberi
574 3861 732 3922 quartarius
743 3860 803 3908 sive
818 3863 918 3923 quarta
932 3872 997 3923 pars
1015 3861 1072 3923 logi
1093 3873 1166 3925 quae
1181 3862 1305 3911 continet
1319 3872 1402 3910 ovum
1420 3872 1482 3909 cum
1498 3858 1612 3909 dimidio
1627 3858 1671 3907 rel

338 3942 485 3995 drachmas
499 3959 589 4010 aquae
600 3949 707 3997 circiter
723 3949 820 4010 viginti
836 3952 958 4012 septem;
970 3953 999 3998 et
1015 3951 1042 3997 in
1056 3956 1136 4000 tract.
1157 3948 1192 3999 de
1208 3951 1313 4000 lotione
1328 3961 1460 3998 manuum
1478 3948 1516 4005 i,i
1538 3951 1671 4011 :quarta-

338 4033 395 4082 rius
409 4046 499 4096 aquae
512 4034 666 4086 destinatus
682 4040 723 4086 est
737 4037 865 4087 manibus
880 4049 930 4100 pro
946 4051 1003 4086 uno
1019 4037 1148 4097 liominc;
1166 4042 1244 4088 tract.
1260 4037 1359 4087 sabbat
1371 4036 1419 4087 lol.
1437 4035 1470 4085 8‘2
1483 4049 1500 4085 a
1515 4036 1581 4086 dicit
1592 4035 1671 4086 rabbi

338 4120 451 4172 Cbasda
471 4135 477 4169 :
501 4123 604 4172 lavanti
629 4125 695 4173 nrihi
717 4132 823 4188 quanta
845 4131 978 4189 caperent
993 4127 1093 4190 pugilli
1115 4128 1170 4176 mei
1189 4139 1263 4190 aqua
1286 4126 1423 4176 dederunt
1437 4125 1555 4176 coelitus
1574 4126 1672 4188 plenos

338 4211 460 4274 pugillus
473 4210 640 4262 lelicitatis·
666 4213 824 4276 (Wettteini.
851 4215 913 4273 Qua
933 4216 1109 4279 expositione
1131 4216 1242 4266 dativus
1263 4215 1434 4273 deciaratur,·
1458 4221 1487 4264 at
1510 4213 1671 4264 diistciiiimc

338 4299 412 4349 credi
425 4303 517 4363 potest
529 4313 596 4350 voce
610 4299 695 4367 πνγμή
708 4303 850 4366 designari
866 4308 894 4353 et
909 4306 1028 4367 intelligi
1042 4317 1126 4368 posse
1142 4305 1297 4368 pauxillum
1309 4316 1409 4367 aquae.
1431 4302 1525 4362 Quare
1540 4317 1601 4353 cum
1615 4304 1670 4367 plc-

338 4390 430 4452 risque
443 4391 625 4438 recentiorum
639 4392 906 4456 sotumrelinquitut·
921 4398 951 4442 ut
967 4398 1108 4443 vertamus
1123 4407 1129 4441 z
1147 4406 1243 4457 pugno
1259 4405 1359 4442 manus
1374 4393 1482 4452 lavare,
1500 4405 1572 4455 quae
1587 4394 1670 4442 inter·

338 4479 454 4540 prelatio
470 4476 585 4541 (pugillo
600 4478 693 4530 latare
704 4481 811 4548 manus)
825 4483 880 4531 iam
896 4482 1015 4532 habetur
1030 4484 1201 4532 inversione
1216 4487 1311 4531 vetere
1328 4481 1428 4540 iatinn,
1445 4481 1507 4531 ride
1523 4482 1585 4531 lect.
1608 4493 1667 4531 rar.

370 4666 390 4709 i.
404 4659 477 4716 Quod
493 4659 536 4709 alii
553 4660 711 4724 explicabant
728 4681 733 4710 :
749 4662 780 4711 dc
803 4662 858 4713 loro
874 4669 963 4728 rittptn
987 4679 1037 4714 non
1054 4663 1194 4714 comedunt
1211 4663 1258 4713 nisi
1281 4675 1309 4713 ea
1324 4666 1399 4713 antea
1414 4663 1524 4714 laverint
1539 4663 1666 4724 (iiuinoel,

336 4740 486 4803 Olsbausen,
501 4743 592 4803 Lange,
611 4742 694 4803 iileelti
707 4743 862 4794 refutatione
875 4759 925 4795 non
938 4744 1042 4808 indiget.
