3960 5654
905 357 995 400 utne.
1021 345 1070 413 ll,
1094 346 1157 405 7-9.
1641 340 1699 401 293

365 488 493 554 lactum
509 497 617 579 potest
629 491 788 575 intelligi,
807 488 902 556 nulla
917 495 1145 583 repugnantia
1161 496 1223 569 est,
1241 511 1302 555 nec
1317 489 1345 556 si
1360 490 1447 556 alius
1461 490 1556 557 aliud
1566 496 1599 556 et
1609 488 1702 555 aliud

364 594 451 661 alius
470 603 728 672 commemoret,
754 604 883 684 quanto
906 601 1019 666 minus
1036 601 1095 666 ubi
1121 596 1207 663 alius
1233 617 1356 676 unum,
1377 596 1463 662 alius
1484 604 1699 686 utrumque»

365 701 415 788 (S.
437 708 525 794 stup
553 705 596 770 de
619 724 711 768 cons.
732 723 783 768 ev.
810 709 902 784 266.
926 708 1023 794 1271?
1051 708 1209 770 Ceterum
1235 702 1311 768 vide
1340 723 1427 790 quae
1455 701 1498 767 ad
1518 703 1616 770 Zach.
1644 709 1701 784 9,9

365 809 565 896 (Commeat.
592 810 627 873 in
649 810 772 896 Proph.
808 812 891 878 min.
920 816 944 879 ll
967 835 999 901 ρ.
1031 816 1093 876 321
1123 810 1211 896 seq.)
1236 813 1269 872 et
1296 808 1341 875 ad
1361 807 1476 873 llatth.
1503 813 1583 890 2151
1611 808 1702 874 dicta

364 923 452 983 sunt.

408 1026 601 1099 Quoautem
612 1019 1703 1110 Dominuscommodiusethonorificentiussederet(lans.)super

365 1126 515 1216 pullum,
545 1127 726 1218 imponunt
742 1128 796 1194 illi
819 1131 1017 1197 vestimenta
1044 1151 1120 1208 saco,
1142 1126 1250 1218 pallia
1273 1127 1346 1193 scil.
1368 1125 1421 1192 vel
1436 1128 1601 1192 amictum
1619 1126 1703 1193 exti-

363 1254 474 1313 mum;
490 1247 522 1300 ct
544 1234 629 1301 sedit
647 1256 749 1322 super
772 1258 858 1302 erem,
882 1236 1081 1325 Exemplum
1106 1234 1352 1322 discipulorum
1374 1231 1496 1299 turbae
1515 1238 1705 1321 sequuntur

362 1345 395 1405 et
408 1362 533 1426 magno
559 1342 688 1406 honore
704 1363 743 1406 ac
764 1341 957 1408 reverentia
969 1342 1101 1408 Christo
1113 1362 1277 1430 pompam
1304 1344 1428 1428 parant
1444 1338 1702 1429 triumphalem.

363 1449 554 1513 Cernuntur
570 1447 681 1512 subito
708 1448 856 1536 quodam
876 1448 1038 1515 instinctu
1065 1453 1099 1514 et
1126 1447 1244 1513 alilatu
1265 1445 1431 1535 impulsae
1457 1445 1502 1512 ad
1523 1445 1704 1512 maximam

364 1553 501 1620 honoris
530 1553 816 1639 significationem
838 1554 969 1620 Christo
996 1553 1245 1630 exhibendam3
1263 1553 1298 1619 in
1320 1575 1389 1641 quo
1412 1552 1524 1618 studio
1547 1552 1633 1619 adeo
1649 1574 1703 1618 re·

362 1659 502 1748 pentino
517 1666 550 1725 et
565 1659 698 1726 ardenti
713 1659 950 1749 deprehendes
963 1668 1094 1750 quanta
1113 1661 1267 1750 potentia
1282 1665 1372 1726 lesus
1391 1659 1502 1725 valeat
1514 1661 1548 1725 in
1558 1659 1702 1725 animos.

363 1765 437 1832 Vult
453 1767 544 1830 enim
560 1765 665 1832 semel
680 1788 760 1832 cum
783 1766 965 1833 festivitate
985 1766 1137 1855 quadam
1158 1766 1253 1832 illam
1278 1765 1414 1851 ingredi
1432 1764 1554 1831 urbem
1573 1767 1627 1831 cui
1642 1786 1704 1854 po-

361 1872 529 1938 tissimum
549 1873 710 1938 vaticinia
724 1873 894 1939 messiane
907 1872 987 1939 data
999 1880 1078 1939 sunt
1091 1880 1125 1939 et
1144 1872 1348 1939 adversariis
1361 1874 1429 1938 suis
1442 1874 1585 1961 quinon
1598 1871 1703 1936 alium

363 1978 510 2044 Messium
524 1984 685 2067 exoptant
712 1978 776 2044 nisi
798 1980 988 2065 gloriosum
1013 1978 1146 2068 aliquid
1164 2000 1246 2045 suae
1262 1979 1447 2045 maiestatis
1461 1978 1653 2058 ostendere;
1670 1982 1705 2042 et

361 2106 454 2165 ecce,
476 2085 655 2174 repentina
673 2085 871 2151 animorum
891 2085 1091 2152 incitatione
1112 2085 1283 2175 plurimae
1304 2085 1424 2151 turbae
1445 2083 1487 2151 ad
1506 2085 1702 2150 sollemnem

361 2191 490 2257 cultum
511 2197 544 2257 et
565 2190 818 2258 venerationem
838 2193 950 2280 qualis
975 2193 1125 2259 hassiam
1145 2192 1243 2257 decet
1266 2192 1477 2280 conspirant.
1506 2196 1593 2277 Ergo
1616 2194 1703 2256 lesus

361 2303 448 2364 nutu
471 2298 653 2364 voluntatis
673 2319 752 2365 suae
771 2299 903 2364 animos
922 2299 1040 2387 populi
1063 2300 1153 2384 regit
1171 2320 1211 2364 ac
1236 2319 1298 2387 pro
1320 2296 1432 2365 lubitu
1450 2298 1607 2374 inllectit;
1627 2319 1659 2361 v.
1681 2301 1702 2363 8

360 2403 463 2469 multi
487 2417 603 2470 autem
635 2405 832 2470 uestimenta
856 2426 918 2470 suu
945 2416 1138 2470 straverunt
1166 2404 1202 2469 in
1225 2400 1357 2484 cimela
1378 2391 1698 2483 renotationem

362 2510 539 2575 imitantur
560 2510 651 2576 enirn
677 2518 710 2576 et
730 2519 895 2599 superant
916 2510 1147 2599 apostolorum
1172 2509 1389 2576 devotionem
1416 2511 1552 2597 (lans.);
1570 2510 1699 2576 honore

362 2616 455 2703 regio
471 2617 562 2682 viam
585 2615 783 2682 calcandam
806 2622 1029 2706 praeparant,
1047 2616 1140 2706 quod
1155 2616 1235 2697 fuit,
1255 2624 1291 2681 ut
1309 2616 1383 2684 Cui.
1405 2615 1501 2698 dicit,
1523 2613 1621 2682 valde
1636 2614 1702 2680 mi·

362 2722 487 2804 rabile;
517 2744 694 2811 nunquam
721 2722 838 2789 [laridi
865 2722 1093 2812 triumphanti
1110 2728 1169 2788 aut
1188 2723 1360 2789 Salomoni
1379 2723 1456 2789 talis
1477 2723 1588 2789 honor
1608 2721 1699 2787 exhi-

361 2828 451 2895 bitus
470 2835 537 2910 est,
563 2836 596 2895 et
622 2834 714 2895 tanto
735 2828 927 2895 mirabilius
945 2829 1037 2918 quod
1056 2852 1095 2895 ex
1118 2829 1303 2918 improviso
1319 2830 1446 2895 factum
1462 2835 1511 2896 est
1526 2834 1590 2895 Deo
1609 2827 1702 2895 insti·

360 2942 463 3021 gente
477 2936 614 3003 turbam
632 2935 675 3002 ad
692 2935 767 3002 boc.

406 3048 507 3108 Porro
522 3042 555 3107 in
575 3041 722 3131 publicis
746 3064 785 3108 ac
806 3042 1028 3108 sollemnibus
1043 3024 1180 3129 gaudiis
1194 3064 1304 3108 ramos
1318 3042 1442 3108 virides
1461 3049 1594 3129 gestare
1612 3041 1699 3109 sole-

360 3148 463 3228 bant;
484 3148 531 3215 ita
559 3156 575 3214 1
599 3149 704 3214 llaoh.
733 3155 827 3225 13,51
850 3147 1015 3214 mundata
1039 3171 1118 3215 arce
1138 3172 1158 3215 a
1181 3148 1530 3215 contaminationibus
1549 3152 1697 3215 intrave-

361 3262 440 3321 runt
454 3255 487 3319 in
503 3275 580 3320 earn
594 3276 674 3320 curn
690 3253 790 3320 laude
800 3265 835 3320 et
850 3253 1155 3343 ramispalmarum
1169 3262 1203 3320 et
1213 3256 1350 3342 hymnis
1358 3264 1390 3321 et
1404 3256 1561 3336 canticis;
1573 3255 1700 3344 pariter

361 3367 381 3425 2
408 3361 511 3427 llach.
541 3369 619 3437 10,7
642 3383 720 3427 cum
743 3361 870 3427 laetitia
897 3360 1117 3427 celebrabant
1134 3362 1409 3451 purificationem
1434 3362 1551 3453 templi
1567 3363 1700 3448 thyrsos

361 3475 395 3533 et
416 3489 530 3532 ramos
551 3467 676 3534 virides
702 3476 735 3533 et
756 3467 888 3557 palmas
906 3468 1135 3556 praeferentes
1160 3468 1190 3534 ei
1215 3471 1275 3557 qui
1301 3470 1514 3557 prosperavit
1539 3466 1698 3534 mundari

362 3575 471 3639 locum
489 3596 601 3639 suurn.
625 3579 733 3650 Quare
753 3575 786 3640 in
803 3574 868 3639 hac
890 3596 1026 3663 quoque
1042 3574 1271 3641 sollemnitate
1286 3582 1319 3641 et
1343 3574 1469 3641 laetitia
1488 3575 1545 3641 alii
1561 3573 1699 3665 quidem

361 3688 567 3770 acceperunt
588 3703 699 3747 ramos
719 3681 912 3770 palmarum
937 3681 1041 3768 (ioan.
1067 3682 1199 3770 1213),
1233 3682 1296 3748 alii
1321 3695 1435 3747 uectem
1465 3681 1604 3768 frondes
1623 3703 1700 3747 cae·

360 3786 538 3853 debunlde
557 3786 735 3854 arboribus
754 3800 786 3853 et
803 3788 996 3853 sternebant
1010 3789 1046 3852 in
1060 3789 1118 3854 oia
1136 3776 1289 3862 ὁτιὸάδας
1306 3783 1451 3872 κόψαντες
1470 3787 1503 3849 ἐκ
1522 3793 1582 3850 τῶν
1601 3785 1699 3876 ἀγρῶν

360 3894 385 3959 i.
407 3916 436 3958 e.
454 3913 564 3958 ramos
576 3901 610 3959 et
624 3893 762 3959 frondes
780 3916 819 3960 ex
838 3894 932 3979 agris
949 3894 1124 3983 etoampis
1138 3895 1351 3974 exciderunt3
1373 3885 1481 3968 aaa
1500 3895 1637 3984 proprie
1651 3900 1701 3961 est

361 3999 554 4085 stragulum
577 4022 595 4064 e
615 3999 717 4079 loliis,
745 3999 990 4078 arundinibus,
1015 4001 1176 4067 mollibus
1195 4001 1354 4088 virgultis
1383 4003 1526 4084 lactum3
1550 4009 1700 4068 ceterum

363 4105 439 4171 vide
458 4106 533 4171 lect.
556 4128 645 4186 var.;
665 4106 718 4171 hic
739 4125 819 4172 vero
838 4094 994 4178 στιῖάδκς
1011 4106 1052 4172 de
1069 4110 1173 4173 ramis
1185 4115 1219 4174 et
1236 4107 1392 4194 virgultis
1410 4107 1560 4194 intellige
1576 4106 1700 4195 quibus

364 4212 480 4300 utique
496 4217 673 4299 tamquam
686 4214 840 4298 stragulo
856 4213 907 4278 usi
920 4219 1014 4292 sunt,
1037 4219 1071 4279 et
1094 4237 1173 4279 eum
1195 4215 1229 4280 in
1251 4236 1349 4280 usum
1367 4235 1478 4279 ramos
1492 4213 1697 4280 exciderant.

363 4318 413 4386 b'ti
429 4317 526 4384 decet
545 4317 846 4406 triumphatorem,
865 4323 955 4385 lesus
978 4319 1013 4385 in
1028 4320 1144 4386 media
1168 4320 1387 4386 iubilantiunr
1411 4327 1444 4386 et
1463 4320 1702 4387 exsultantium

363 4424 465 4492 turba
483 4425 701 4513 progreditur
724 4448 756 4490 ν.
774 4432 793 4490 u
816 4425 926 4515 etqui
944 4425 1127 4514 praeibunt
1142 4439 1174 4493 et
1191 4427 1254 4516 qui
1267 4425 1496 4516 sequebantur
1509 4426 1705 4493 clunrubunt

363 4532 508 4598 dicentes
536 4553 547 4598 .·
576 4533 756 4613 Hosunnu,
785 4555 816 4599 v.
850 4539 891 4598 10
920 4532 1115 4600 berredictus
1139 4533 1201 4622 qui
1222 4534 1312 4600 uertit
1331 4534 1367 4598 iu
1391 4534 1528 4620 nomine
1548 4533 1703 4617 Duritia&

364 4638 468 4705 verba
488 4637 692 4727 deprompta
708 4644 786 4705 sunt
804 4661 843 4703 ex
861 4642 911 4704 Ps.
936 4646 1071 4718 trias.
1099 4647 1161 4720 ath
1181 4639 1382 4706 acclamatio
1399 4645 1449 4706 est
1463 4641 1702 4707 exsultantium

365 4751 398 4811 et
416 4744 614 4834 adprecatio
629 4744 765 4826 salutis;
780 4745 952 4827 hosanna,
968 4745 1100 4813 codices
1115 4747 1209 4833 vulg.
1228 4747 1342 4813 lerunt
1354 4768 1492 4826 osanna,
1507 4749 1556 4812 uti
1570 4768 1705 4837 quoque
