3960 5654
918 370 1010 416 naec.
1035 356 1065 427 9,
1089 355 1198 416 11-12.
1667 360 1726 422 237

392 527 512 574 verum
526 507 570 575 sit
588 503 695 572 Elium
710 507 812 574 etiam
828 525 898 570 esse
916 525 1173 595 praecursorem
1190 505 1295 595 primi
1313 505 1367 571 sui
1380 504 1562 588 adventus;
1586 506 1628 573 cl.
1644 511 1722 574 huc.

395 619 484 694 l‚l·l.
504 641 520 674 a
535 616 618 679 Sunt
639 611 698 701 qui
721 614 844 702 putent
864 610 970 678 verba
992 611 1081 677 sicut
1099 611 1266 700 scriptum
1291 623 1341 677 est
1356 609 1448 677 dicta
1465 634 1536 679 esse
1550 612 1593 679 de
1613 613 1726 680 verbis

390 720 486 788 Elios
500 717 592 785 venit
604 716 739 808 illisque
756 717 1018 785 commemorari
1030 717 1214 784 Malachiae
1230 717 1428 784 vaticinium
1441 717 1483 782 de
1498 722 1624 786 Ioanne
1639 719 1726 811 hap·

390 827 467 894 tista
493 823 593 914 (3‚l);
610 830 713 915 atquc
729 823 810 889 huic
828 823 983 913 opinioni
1004 822 1112 890 latina
1132 823 1342 913 exemplaria
1362 824 1520 891 vaticana
1537 832 1727 892 consonant

389 933 425 999 in
440 930 565 1020 quibus
578 931 682 998 verba
695 942 727 997 et
742 929 901 1018 fecerunt
920 931 975 997 illi
991 952 1230 1019 quaecumque
1246 929 1427 996 voluerunt
1441 931 1530 996 notis
1544 932 1727 1020 parenthe-

388 1058 461 1105 seos
475 1036 606 1104 inclusa
624 1040 716 1104 sunt.
734 1040 895 1104 Attamen
910 1036 1094 1103 difficultas
1110 1036 1221 1103 omnis
1240 1035 1411 1125 disparet,
1432 1036 1462 1102 si
1480 1058 1671 1125 pronomen
1685 1059 1723 1104 eo

309 1181 314 1191 ·
388 1165 458 1210 non
473 1143 516 1210 de
532 1143 679 1234 baptista
696 1141 756 1209 sed
774 1142 816 1209 de
832 1143 903 1209 Elia
921 1142 1053 1209 dictum
1068 1142 1126 1225 sit;
1159 1164 1276 1209 sensus
1291 1142 1384 1209 euim
1410 1143 1439 1209 is
1458 1145 1523 1209 erit
1542 1165 1550 1211 :
1573 1144 1726 1211 lecerunt

388 1249 506 1316 loanni
530 1269 766 1340 quaecumque
789 1246 989 1332 voluerunt,
1022 1249 1109 1315 sicut
1130 1249 1296 1340 scriptum
1318 1252 1368 1315 est
1389 1248 1431 1315 de
1457 1249 1544 1332 Elia,
1571 1249 1635 1316 hoc
1656 1257 1722 1334 est,

388 1355 513 1425 similia
527 1378 645 1425 eorum
659 1377 748 1446 quac
761 1358 799 1423 in
811 1355 993 1445 scripturis
1006 1357 1113 1423 sacris
1124 1355 1269 1443 legimus
1283 1361 1404 1423 contra
1422 1354 1530 1422 Eliam
1546 1357 1725 1425 commissa

388 1483 474 1543 esse;
495 1462 706 1545 Eliaeenim,
725 1462 788 1529 etsi
801 1463 830 1528 is
845 1466 985 1529 necatus
1000 1484 1067 1528 non
1084 1462 1203 1537 luerit,
1219 1461 1408 1548 imaginem
1420 1464 1584 1529 tamenin
1599 1468 1724 1531 Ioanne

388 1590 579 1659 expressam
609 1590 649 1636 eo
671 1590 807 1658 quoque
838 1567 1010 1650 videmus,
1038 1568 1132 1658 quod
1157 1569 1214 1635 hic
1236 1590 1305 1634 non
1327 1590 1422 1634 secus
1443 1590 1483 1635 ac
1502 1568 1560 1635 ille
1580 1568 1613 1658 (3
1637 1574 1721 1658 Reg.

389 1681 464 1757 19,1
484 1675 571 1765 seq.)
591 1698 654 1766 pro
681 1674 739 1741 [lei
760 1673 894 1761 legibus
917 1673 1069 1741 tutandis
1096 1675 1133 1741 iu
1159 1675 1305 1741 furentis
1328 1674 1478 1742 feminae
1505 1675 1723 1745 offensionem

387 1786 490 1871 atque
503 1782 626 1849 'odium
647 1783 831 1848 incurrerit
852 1781 896 1848 ab
916 1803 1025 1870 eaque
1043 1780 1250 1848 omnimodis
1271 1781 1461 1868 exagitatus
1480 1781 1575 1848 etad
1604 1804 1723 1850 necem

389 1889 561 1978 quaesitus
573 1890 616 1954 sit
634 1917 649 1949 »
666 1887 792 1977 (Patr.)
809 1892 918 1977 Atque
936 1888 984 1953 ita
1002 1886 1090 1954 illud
1105 1887 1272 1977 scriptum
1289 1894 1339 1954 est
1353 1885 1395 1954 de
1416 1910 1455 1954 eo
1472 1888 1594 1956 merito
1608 1889 1724 1956 conci-

386 1995 486 2085 piunt
497 1996 648 2085 Scheqq,
664 1993 759 2084 Bisp.
773 1993 929 2074 Schonz,
944 1993 1036 2074 Keil,
1062 1994 1178 2061 Weiss.

426 2203 467 2261 At
488 2201 591 2262 variae
610 2195 835 2279 proponuntur
852 2201 1030 2260 sententiae
1051 2200 1090 2260 de
1110 2217 1207 2260 sensu
1231 2218 1259 2259 v.
1285 2202 1333 2258 ll.
1359 2199 1459 2271 Quam
1479 2217 1577 2278 supra
1596 2199 1669 2260 dedi
1691 2207 1725 2263 et

386 2316 481 2377 quam
497 2299 530 2359 in
544 2297 688 2360 medium
704 2297 905 2377 protulerunt
924 2295 1058 2378 Theoph.
1075 2295 1175 2356 Eutlr.
1193 2297 1323 2375 aliique,
1339 2295 1427 2357 Icus.
1444 2304 1533 2358 vocat
1547 2297 1623 2358 satis
1637 2315 1724 2360 coac·

386 2401 469 2471 tam3
481 2397 603 2458 mavult
616 2396 668 2457 ille
684 2395 775 2474 sequi
788 2395 978 2456 sententiam
996 2392 1110 2470 Bedoe,
1126 2393 1211 2470 Alo,
1225 2411 1289 2472 qua
1304 2394 1481 2473 explicatur
1496 2413 1502 2454 :
1518 2400 1550 2455 et
1560 2396 1723 2474 quomodo

387 2495 542 2573 scriptum
558 2499 606 2556 cst
620 2495 653 2555 in
666 2494 783 2554 Filium
798 2493 950 2565 hominis,
965 2500 1000 2554 ut
1014 2493 1116 2554 multa
1131 2491 1282 2572 patiatur,
1297 2492 1343 2551 ito
1358 2491 1473 2552 eveniet
1488 2492 1526 2568 ci,
1544 2493 1613 2553 scil.
1627 2494 1722 2556 Eliae.

386 2594 425 2652 At
444 2592 477 2653 id
500 2592 647 2672 supplere
667 2592 760 2671 plane
780 2591 986 2653 arbitrarium
1012 2595 1070 2651 est.
1094 2591 1156 2650 Alii
1176 2591 1319 2669 legentes
1338 2588 1425 2656 καθώς
1443 2591 1721 2669 interpretantur:

386 2689 472 2751 Elias
487 2695 638 2752 venturus
653 2691 799 2751 restituet
815 2689 937 2760 omnia,
955 2689 1039 2749 sicut
1051 2689 1206 2767 scriptum
1225 2694 1275 2749 est
1292 2688 1331 2749 dc
1347 2688 1426 2749 Filio
1442 2688 1582 2749 hominis
1598 2695 1671 2764 etc,
1688 2697 1723 2752 ut

386 2788 580 2868 intelligatur
598 2789 752 2850 Dominus
769 2787 850 2847 velle
866 2787 1055 2847 confirmare
1077 2786 1173 2846 fidem
1193 2787 1351 2865 passionis
1371 2803 1445 2847 suae
1462 2804 1499 2847 ea
1519 2786 1581 2847 fide
1597 2788 1722 2849 venturi

387 2886 473 2947 Eliae
489 2893 520 2947 et
536 2886 702 2947 ostendere
717 2892 890 2963 utrumque
907 2902 977 2945 esse
995 2884 1193 2945 credendum
1208 2888 1239 2944 et
1255 2885 1358 2945 Ellam
1373 2888 1542 2946 venturum
1557 2890 1636 2946 etse
1652 2902 1721 2947 esso

386 2985 590 3045 moriturum.
605 2986 651 3045 lta
663 2984 831 3062 concipere
848 2982 1001 3043 videntur
1012 2981 1165 3043 Erasmus
1181 2988 1214 3043 et
1229 2978 1297 3044 Coi.
1306 2987 1360 3059 ,at
1373 2999 1410 3042 ea
1420 2983 1633 3060 explicatione
1647 3000 1721 3062 par-

386 3082 485 3143 ticula
497 3090 526 3141 et
541 3081 658 3143 dicitur
672 3098 855 3160 superesse,
873 3098 932 3140 nec
952 3081 1028 3140 satis
1044 3097 1223 3160 congruum
1243 3084 1293 3140 est
1307 3097 1344 3141 ex
1359 3080 1490 3141 oraculo
1505 3080 1545 3141 de
1558 3081 1627 3141 Elia
1641 3081 1722 3143 velle

385 3181 572 3242 confirmare
585 3181 767 3259 passionem
783 3178 910 3241 Christi.
927 3180 1047 3238 lterum
1062 3178 1155 3237 aliter
1170 3178 1272 3256 iungit
1287 3175 1349 3237 Fit.
1366 3178 1477 3239 dicens
1492 3183 1577 3239 arcte
1592 3179 1676 3239 inter
1688 3197 1722 3241 se

385 3278 497 3339 referri
512 3297 541 3338 v.
557 3280 593 3338 ll
608 3276 833 3339 et12:eodem
844 3276 941 3336 modo
958 3294 1021 3353 quo
1038 3277 1255 3353 scriptumest
1270 3274 1309 3335 dc
1324 3273 1404 3335 Filio
1417 3275 1594 3336 hominis...
1606 3276 1722 3338 eodem

386 3376 481 3437 modo
496 3376 586 3436 vobis
608 3375 680 3436 dico
696 3375 796 3435 Ellam
812 3375 974 3434 venisse...
991 3375 1075 3434 sicul
1090 3374 1247 3450 scriptum
1266 3374 1307 3432 sit
1322 3373 1361 3433 de
1383 3390 1432 3434 eo.
1449 3376 1568 3434 Vcrum
1583 3392 1660 3435 num
1675 3373 1721 3433 καὶ

384 3497 478 3541 πως...
494 3473 563 3532 ἀλλὰ
581 3474 625 3533 ita
640 3473 712 3534 licet
733 3473 956 3550 interpretari?
971 3471 1034 3532 alii
1051 3471 1175 3532 malunt
1195 3470 1478 3550 interrogationem
1497 3471 1581 3531 finiri
1596 3478 1722 3533 senten-

385 3574 429 3633 tia
445 3591 452 3632 :
469 3577 501 3633 ct
513 3571 674 3650 quomodo
690 3571 845 3650 scriptum
861 3575 908 3630 est
924 3570 964 3630 dc
980 3570 1061 3630 Filio
1077 3561 1237 3629 hominis?
1253 3569 1294 3630 ita
1307 3575 1342 3630 ut
1354 3568 1453 3629 veluti
1469 3587 1657 3649 responsum
1670 3588 1721 3631 se-

386 3675 504 3750 quatur
520 3689 527 3730 :
543 3675 576 3731 ul
600 3669 701 3729 multa
723 3669 862 3747 patiatur
881 3674 913 3729 el
934 3685 990 3746 pro
1013 3668 1113 3728 nihilo
1138 3671 1304 3745 reputetur
1325 3665 1521 3747 (ἓξουδενηθῇ);
1543 3667 1587 3728 ita
1605 3665 1721 3750 Schcqq

386 3768 517 3847 aliique.
541 3768 650 3846 Neque
672 3772 780 3827 tamen
801 3765 832 3825 id
854 3766 1068 3826 necessarium
1088 3772 1152 3839 est.;
1174 3772 1280 3843 potest
1305 3767 1391 3826 enim
1413 3762 1458 3823 tva
1480 3784 1542 3843 qua
1565 3765 1720 3844 particula

386 3868 482 3927 etiam
507 3867 714 3945 imperativus
738 3863 925 3943 exprimitur
950 3863 1144 3942 quandoque
1164 3862 1216 3940 (cs.
1244 3865 1332 3938 5333
1367 3861 1471 3923 Wincr
1493 3864 1512 3923 l.
1538 3881 1565 3924 c.
1589 3864 1718 3942 ἕω),

386 3966 466 4025 hene
482 3965 521 4025 ad
535 3963 791 4041 interrogationis
805 3954 996 4023 sententiam
1011 3960 1171 4038 coniungi.
1189 3996 1227 4002 -
1243 3962 1288 4021 Ex
1300 3960 1358 4022 hac
1371 3978 1500 4041 quoque
1514 3961 1719 4039 responsione

386 4078 481 4142 quam
498 4064 615 4123 Marcus
631 4062 726 4122 relert
741 4060 946 4139 perspicuum
963 4065 1012 4120 est
1026 4059 1187 4120 Christum
1203 4076 1269 4119 non
1284 4077 1401 4138 negare
1415 4059 1514 4119 Eliam
1530 4075 1599 4119 esse
1612 4064 1721 4120 rentu-

386 4178 472 4230 rum,
490 4159 545 4220 sed
559 4159 589 4220 id
604 4160 734 4220 omnino
746 4159 913 4218 affirmare.
932 4159 1078 4218 Ceterum
1096 4158 1168 4217 vida
1183 4175 1264 4235 quae
1279 4157 1429 4217 adnotavi
1443 4159 1475 4217 in
1490 4157 1669 4218 Comment.
1687 4157 1719 4218 in

388 4259 502 4337 Proph.
520 4260 598 4318 min.
611 4259 634 4317 ll
651 4277 681 4336 p.
699 4259 757 4318 485
775 4274 841 4334 seq.
859 4260 889 4316 el
906 4257 944 4314 ad
963 4256 1071 4316 llatth.
1090 4257 1193 4328 lma.

689 4448 715 4513 l)
736 4448 885 4499 sanatur
905 4459 989 4510 puer
1008 4447 1246 4498 daemoniacus
1264 4443 1416 4510 ara-28.

424 4621 546 4684 9‚l3.1lr
568 4623 683 4672 veniens
703 4620 738 4670 ad
762 4620 916 4682 discipulos
940 4632 1021 4680 suos,
1114 4617 1186 4678 9,l3.
1213 4613 1260 4666 Καὶ
1283 4613 1397 4674 ἐλθόντες
1422 4613 1482 4683 πρὸς
1508 4613 1563 4674 τοὺς
1594 4610 1718 4681 μαθητὰς,

388 4711 456 4776 νςίάἰι
468 4712 576 4762 turham
591 4723 720 4775 magnam
733 4710 806 4761 clrca
821 4722 884 4770 eos,
901 4715 929 4760 ct
948 4709 1023 4759 Scri·
1076 4701 1151 4757 εἶδαν
1175 4702 1255 4774 ὄχλον
1274 4702 1353 4757 πολὺν
1370 4700 1428 4772 περὶ
1446 4700 1546 4768 αὐτοὺς,
1572 4700 1613 4753 καὶ
1635 4719 1719 4774 ypap-

390 4800 440 4853 bas
457 4803 653 4867 conquirentes
673 4814 735 4852 cum
757 4801 821 4850 illis.
845 4800 885 4849 lt.
908 4800 941 4850 Et
961 4812 1026 4850 con·
1077 4796 1163 4866 ματεῖς
1187 4796 1367 4860 συνζητοῦντας
1391 4791 1450 4862 πρὸς
1473 4791 1568 4853 airola.
1603 4794 1644 4846 ll.
1674 4791 1716 4844 axi
