3960 5654
154 528 213 589 256
683 562 688 573 ·
714 540 806 585 uuae.
829 524 860 593 9,
883 524 932 580 48.

153 679 231 747 ficio
251 683 323 755 tuo,
346 675 381 738 in
401 673 495 738 omni
516 672 690 741 oblatione
706 679 765 741 tua
784 672 904 739 olferes
926 673 990 757 sal3
1013 674 1057 741 cl.
1086 680 1141 740 Eu.
1169 679 1283 757 aaut
1309 675 1349 738 Ut
1370 672 1486 761 itaque

151 783 354 854 sacrificium
365 785 432 846 Deo
448 780 492 847 sit
502 787 638 868 gratum
653 786 687 846 et
697 780 891 869 acceptum,
905 778 974 846 sale
988 780 1169 848 condiatur
1181 784 1332 870 oportet;
1346 787 1487 844 vocatur

153 891 204 959 sal
217 886 364 955 foederis
384 889 458 968 llei3
481 887 532 954 sal
542 887 809 976 incorruptionis
823 893 873 951 est
887 887 1079 972 symbolum
1095 892 1128 952 et
1147 889 1207 974 qui
1219 886 1340 954 foedus
1354 889 1389 952 ct
1401 885 1488 950 ami-

152 995 266 1064 citiam
284 994 374 1060 inter
388 1015 423 1061 se
441 994 591 1072 inibant,
608 998 747 1080 pactum
766 993 970 1059 comestione
982 994 1060 1060 salis
1079 991 1275 1059 firmabant.
1294 997 1379 1060 Cum
1400 989 1489 1057 duae

153 1101 338 1169 sententiae
355 1103 391 1167 iu
411 1124 443 1167 v.
464 1107 505 1167 ta
520 1099 590 1164 sola
604 1095 776 1188 particula
791 1098 1038 1185 iniungantur,
1061 1097 1227 1189 oppositio
1242 1101 1404 1166 intereas
1421 1090 1490 1164 uon

153 1207 270 1274 adessa
286 1207 437 1287 videtur;
451 1207 517 1273 erit
530 1206 647 1294 itaque
656 1207 930 1295 priorsententia
939 1192 1148 1273 declaranda
1162 1228 1201 1272 ex
1213 1200 1422 1294 posteriore:
1440 1202 1491 1269 uti

153 1314 263 1381 omnis
281 1314 421 1381 victima
444 1310 564 1379 salitur
586 1312 656 1378 sale
673 1311 771 1378 etita
785 1309 876 1378 firmi
893 1319 927 1380 et
943 1313 1131 1403 incorrupti
1155 1333 1232 1378 cum
1255 1310 1491 1378 Deo'loederis

131 1401 141 1420 ⁴
155 1420 346 1508 symbolum
364 1441 448 1509 prae
460 1440 495 1484 se
510 1418 592 1499 lert,
602 1420 651 1484 sic
666 1418 903 1508 unusquisque
915 1424 951 1484 ut
968 1417 1164 1507 liatoblatio
1176 1422 1243 1486 neo
1258 1422 1357 1504 grata
1372 1407 1406 1485 et
1419 1417 1491 1484 foe-

30 1598 32 1604 ,
114 1614 120 1622 .
155 1526 220 1594 dus
237 1528 330 1594 ineat
348 1547 429 1592 cum
449 1529 515 1591 lieo
531 1523 652 1590 stabile
667 1524 789 1591 salitur
803 1525 896 1611 igne.
915 1530 985 1591 lam
1003 1548 1072 1614 quo
1089 1526 1190 1613 ignei
1206 1531 1243 1591 ut
1258 1525 1375 1611 iguem
1391 1522 1491 1589 illum

156 1631 471 1718 inexstinguibilem
484 1629 578 1711 vitet,
588 1631 656 1696 alio
665 1631 748 1717 igne
758 1652 838 1697 eum
847 1635 982 1720 oportet
991 1626 1089 1699 indui
1099 1638 1132 1699 et
1143 1631 1325 1721 penetrari,
1338 1629 1398 1696 illo
1414 1627 1490 1696 scil.

157 1761 227 1830 quo
240 1737 350 1805 malae
365 1736 473 1804 animi
488 1735 686 1803 affectiones
700 1742 734 1803 et
749 1738 1043 1826 concupiscentiae
1057 1742 1250 1828 purgantur
1259 1742 1293 1803 et
1302 1737 1494 1803 absumun-

158 1853 226 1930 tur,
243 1844 303 1934 qui
317 1845 408 1930 ignis
420 1841 513 1908 varie
527 1838 659 1932 concipi
671 1847 794 1932 potest.
815 1845 872 1910 llic
886 1866 966 1911 vero
984 1845 1074 1931 ignis
1090 1842 1175 1910 illud
1189 1842 1281 1910 idem
1296 1835 1493 1930 significare

158 1951 294 2019 videtur
310 1949 406 2039 quod
417 1948 622 2016 abscissione
638 1970 760 2016 manus
772 1955 806 2016 et
818 1950 914 2039 pedis
928 1956 961 2017 et
974 1951 1151 2018 eiiectione
1163 1950 1253 2018 oculi
1269 1950 1305 2016 in
1320 1971 1352 2014 v.
1367 1954 1422 2017 tt.
1437 1954 1491 2016 tt.

159 2064 201 2127 td
216 2056 429 2124 declaratum
441 2060 503 2122 est.
520 2059 564 2121 lto
576 2055 693 2145 itaque
702 2056 783 2142 igne
795 2079 864 2146 quo
878 2057 1013 2124 animus
1024 2080 1045 2124 a
1058 2057 1199 2124 maculis
1209 2061 1379 2146 purgatur
1393 2076 1496 2122 unus-

158 2164 303 2254 quisque
318 2162 356 2228 lit
366 2162 494 2229 oblatio
505 2165 571 2229 [teo
583 2169 735 2251 accepta.
752 2165 844 2250 ignis
855 2163 1020 2230 eiusmodi
1033 2168 1113 2231 sunt
1124 2162 1375 2245 tribulationes,
1388 2161 1496 2228 abue-

159 2270 253 2358 gatio
271 2271 323 2336 sui
339 2275 373 2336 et
388 2269 480 2335 lucta
499 2274 653 2336 constans
670 2269 833 2337 adversus
850 2271 956 2337 malas
970 2270 1270 2361 concupiscentias.
1290 2274 1356 2336 iloc
1378 2269 1496 2359 itaque
1540 2256 1544 2264 ’

160 2397 260 2444 versu
275 2376 363 2443 ratio
377 2375 522 2443 affertur
541 2375 660 2465 (enim)
675 2398 737 2443 cur
753 2382 909 2466 oporteat
926 2379 995 2444 vim
1011 2377 1076 2444 sibi
1091 2377 1186 2443 illam
1205 2376 1333 2444 inferre
1352 2374 1396 2442 ad
1414 2396 1497 2465 pec-

160 2488 281 2552 catum.
292 2482 473 2549 vitandum
493 2481 536 2549 de
552 2505 622 2571 qua
641 2483 677 2548 iu
696 2507 729 2549 v.
752 2489 807 2559 tt.
825 2490 879 2552 tt.
900 2489 942 2551 to
958 2483 1086 2550 mentio
1099 2484 1190 2550 lacta
1211 2489 1259 2550 est
1274 2482 1328 2550 vel
1347 2481 1498 2557 declara·

159 2596 217 2657 tur
229 2589 386 2677 symbolo
408 2589 606 2656 asacrilicio
626 2588 807 2679 desumpto
822 2591 1002 2658 necessitas
1017 2592 1090 2658 eius
1103 2591 1341 2677 abnegationis
1359 2589 1497 2679 quaein

160 2696 441 2764 antecedentibus
456 2702 506 2763 est
524 2695 708 2786 descripta.
730 2701 846 2786 Neque
864 2698 955 2764 enim
973 2697 1152 2788 probabile
1171 2703 1222 2764 est
1243 2695 1331 2763 illud
1349 2695 1440 2762 enim
1461 2695 1498 2761 in

161 2825 193 2869 v.
216 2809 257 2871 t8
278 2802 397 2870 referri
418 2802 462 2870 ad
477 2826 510 2871 v.
532 2798 590 2882 tt}
612 2826 692 2870 nam
711 2810 749 2870 ut
767 2803 834 2870 alia
850 2805 1062 2885 omittamus,
1080 2804 1138 2871 illa
1150 2805 1318 2871 sententia
1335 2824 1405 2869 non
1420 2807 1499 2889 eget

160 2906 385 2999 explicatione
410 2915 444 2975 et
469 2911 609 2999 insuper
636 2911 764 2977 mirum
792 2916 892 2989 esset,
919 2911 947 2978 si
970 2909 1154 2979 declaratio
1184 2910 1239 2977 vel
1263 2908 1499 2998 comprobatio

163 3021 233 3082 tum
253 3015 390 3081 demum
409 3013 596 3081 adderetur
614 3022 795 3106 postquam
814 3017 978 3084 sententia
997 3023 1049 3084 ter
1067 3023 1116 3084 est
1135 3018 1285 3084 recitata.

167 3248 172 3256 ,
201 3184 267 3245 lam
286 3182 385 3244 Mctd.
409 3184 521 3245 scribit
541 3202 547 3244 :
566 3184 663 3245 huius
682 3186 858 3246 obscuritas
878 3186 939 3247 loci
959 3204 1108 3266 magnam
1129 3187 1427 3266 interpretationum
1447 3202 1500 3263 pe·

162 3282 245 3363 perit
263 3279 459 3343 varietatem.
477 3282 563 3353 Quae
582 3283 719 3344 varietas
739 3301 777 3344 cx
792 3290 934 3362 tempore
954 3282 1052 3345 Matd.
1069 3303 1133 3345 nou
1148 3285 1318 3345 imminuta
1337 3283 1394 3344 sed
1409 3288 1501 3344 aucta

163 3386 222 3441 est.
237 3380 413 3459 Praecipua
428 3399 509 3459 quae
524 3381 556 3441 iu
575 3382 798 3459 quaestionem
814 3387 967 3443 vocantur
984 3383 1061 3443 baec
1076 3387 1148 3443 suut
1163 3401 1171 3444 :
1189 3379 1354 3443 dicatuiue
1369 3386 1500 3442 senteu-
1580 3373 1584 3380 ’

162 3477 207 3538 tia
221 3477 259 3537 de
276 3479 383 3550 bouis,
402 3497 441 3538 au
458 3479 496 3539 de
513 3479 621 3551 malis,
637 3497 677 3539 au
693 3479 732 3540 de
746 3481 892 3557 utrisque
908 3480 1022 3554 simul,
1038 3481 1120 3542 sitne
1135 3481 1270 3541 alterum
1290 3480 1329 3541 de
1342 3479 1500 3540 sacrificio

164 3574 347 3635 membrum
368 3576 467 3655 priori
487 3577 693 3655 parallelum,
710 3595 750 3636 an
768 3577 953 3656 oppositum
974 3578 1056 3638 sitne
1080 3596 1174 3640 sensu
1197 3578 1326 3658 proprio
1343 3577 1501 3655 explican-

104 3669 109 3679 '
164 3671 240 3733 dum
254 3690 294 3733 au
309 3674 474 3734 translato.
491 3674 677 3735 Secundum
697 3674 839 3735 diversas
854 3676 1056 3754 acceptiones
1071 3676 1192 3736 etiam
1184 3677 1281 3755 ignis,
1298 3676 1355 3749 sat,
1371 3674 1502 3736 victima

164 3770 265 3831 varias
279 3772 440 3850 recipiunt
454 3772 683 3833 declarationes
698 3778 731 3833 et
741 3773 981 3851 applicationes.

208 3871 405 3934 Sententiam
427 3868 491 3929 dici
508 3869 547 3930 de
568 3869 659 3930 bonis
677 3871 836 3949 explicant
857 3868 990 3952 Theopt
1009 3870 1108 3931 nutu
1131 3870 1207 3931 Bed.
1229 3870 1298 3930 lit.
1323 3869 1391 3932 Coi
1413 3870 1499 3930 lans

166 3970 279 4033 Dion:
267 3968 476 4048 ,generatim
496 3967 574 4028 dicit
592 3965 691 4027 Mcld.
713 3986 783 4029 esse
803 3971 995 4030 seutentiam
1013 3970 1270 4048 receptissimam
1289 3974 1321 4029 et
1339 3968 1503 4030 neminem

167 4086 231 4131 nou
245 4066 461 4129 recentiorum
477 4066 688 4144 interpretum
705 4066 748 4127 ita
763 4066 932 4145 explicare,
949 4067 998 4128 cui
1015 4067 1205 4145 expositioni
1220 4085 1258 4127 ex
1273 4067 1504 4128 recentissimis

167 4167 373 4228 subscribunt
391 4161 528 4238 Sclaanz,
542 4160 630 4237 Keil,
659 4161 770 4239 Weiss,
787 4163 873 4241 ls'd.;
888 4182 967 4242 quae
985 4165 1152 4242 explicatio
1168 4164 1246 4225 mihi
1264 4167 1400 4225 maxime
1413 4182 1503 4225 com-

168 4264 313 4325 mendari
341 4263 470 4323 videtur
491 4279 529 4321 ex
550 4262 708 4322 sententia
733 4261 840 4322 addita
867 4262 907 4323 de
930 4262 1070 4323 victima.
1100 4263 1206 4341 lgnem
1231 4265 1394 4342 accipiunt
1425 4261 1502 4322 Vict.

171 4360 305 4443 Theopt,
322 4361 362 4420 de
379 4360 433 4420 illo
449 4360 523 4438 igue
539 4377 602 4437 quo
618 4359 793 4420 secuudum
808 4359 986 4438 apostolum
1001 4359 1248 4439 uniuscuiusque
1264 4379 1343 4439 opus
1359 4360 1505 4440 probabi-

169 4465 220 4520 tur
242 4458 270 4538 (l
293 4460 363 4519 Cor.
384 4458 485 4536 ata),
506 4456 605 4517 Eutt.
632 4456 671 4517 de
696 4456 768 4534 igue
791 4456 864 4517 tldei
890 4462 923 4518 et
947 4457 1142 4534 dilectionis,
1166 4453 1218 4518 Pa.
1244 4457 1332 4518 Hier.
1358 4455 1445 4518 Beda
1466 4459 1505 4519 de

171 4556 310 4636 Spiritus
333 4556 434 4615 sancti
454 4555 573 4633 gratim
594 4552 664 4613 ΑΗ).
689 4560 798 4615 autem
819 4555 923 4633 ignem
945 4552 1185 4634 quadruplicem
1208 4556 1299 4616 nobis
1322 4557 1473 4636 proponit
1496 4575 1503 4615 :

171 4656 278 4734 ignem
302 4652 440 4731 Spiritus
461 4653 576 4726 sancti,
594 4652 701 4731 iguem
723 4651 857 4712 fervoris
880 4653 1034 4728 caritatis,
1057 4654 1162 4732 ignem
1183 4654 1377 4724 devotionis,
1395 4655 1505 4733 ignem

171 4754 236 4814 irae
253 4768 309 4829 per
323 4750 429 4811 zelum
445 4751 568 4811 bonum
582 4750 799 4811 vindicantem
818 4755 850 4810 et
865 4756 1012 4812 urentem
1025 4753 1059 4811 in
1071 4769 1103 4812 se
1117 4752 1201 4830 quod
1217 4753 1304 4814 dolet
1318 4753 1505 4818 admisisse:

171 4850 224 4911 atii
243 4848 406 4927 accipiunt
420 4848 460 4908 de
479 4849 550 4927 igne
566 4848 807 4910 tribulationum
816 4855 855 4910 et
874 4849 1098 4930 afflictionum,
1116 4851 1160 4912 uti
1182 4848 1249 4912 Coi.
1268 4851 1354 4911 laus.
1372 4849 1518 4920 Sctaoz,

171 4946 254 5024 Keil,
282 4945 388 5022 Weiss,
410 4947 455 5007 ita
469 4951 507 5007 ut
523 4946 605 5025 ignis
623 4964 689 5026 quo
707 4948 781 5026 quis
800 4956 960 5027 purgetur,
982 4951 1146 5029 probetur,
1162 4951 1249 5012 'siout
1264 4968 1378 5012 aurum
1394 4950 1427 5011 in
1443 4951 1507 5011 lor·
