3960 5654
903 529 995 572 uine.
1020 514 1048 586 l,
1074 517 1123 573 tt.
1636 517 1675 576 65

347 665 528 751 quominus
543 662 773 747 divulgatione
789 661 1033 730 miraculorum
1048 665 1269 729 incitamenta
1282 662 1490 731 adderentur
1507 670 1677 751 exspecta-

348 770 432 837 tioni
452 769 608 861 populari
629 790 698 856 qua
721 769 926 838 credebatur
946 776 1128 836 venturum
1153 789 1224 833 esse
1245 767 1354 834 filium
1377 771 1480 838 David
1502 771 1545 837 ad
1567 770 1678 835 hostes

348 875 569 944 conterendos
588 880 621 940 et
648 899 793 964 regnum
815 873 1011 942 davidicum
1036 873 1225 962 temporale
1248 875 1507 943 restituendum.
1533 882 1679 943 Fortasse

349 984 498 1074 leprosus
512 980 568 1045 ille
583 983 698 1049 animo
714 982 818 1048 volvit
831 984 938 1047 lesum
952 980 1152 1071 praedicare
1171 985 1344 1068 tamquam
1362 1002 1440 1046 eum
1460 983 1517 1070 qui
1543 1004 1605 1070 pro
1618 1003 1680 1048 sua

349 1094 510 1179 potestate
525 1109 629 1174 quam
648 1088 793 1155 maxime
813 1096 924 1176 posset
943 1095 1091 1153 veterem
1110 1087 1207 1172 regni
1224 1085 1372 1152 davidici
1389 1087 1604 1176 splendorem
1627 1090 1679 1153 in-

347 1204 514 1270 staurare,
535 1194 576 1259 ad
589 1216 693 1284 quem
710 1195 825 1281 itaque
841 1195 965 1260 multos
977 1192 1102 1258 adduci
1116 1199 1447 1283 oportereteumque
1465 1215 1581 1279 regem
1598 1215 1681 1259 con·

348 1302 500 1367 stituere.

390 1515 449 1574 Cur
463 1533 500 1575 eo
514 1515 608 1575 modo
622 1514 710 1573 lesus
723 1515 824 1592 egerit
839 1514 924 1573 varie
938 1513 1127 1590 concipitur.
1146 1513 1235 1574 Certe
1250 1530 1312 1573 non
1327 1514 1444 1574 suflicit
1458 1513 1562 1573 solum
1577 1513 1683 1574 dicere

351 1629 425 1673 cum
448 1619 592 1673 veterum
608 1611 787 1689 plerisque,
805 1611 965 1672 Christum
983 1628 1043 1670 nos
1059 1610 1200 1671 voluisse
1218 1628 1349 1672 monere
1365 1616 1403 1671 ut
1421 1628 1549 1671 omnem
1572 1611 1684 1672 sedulo

351 1710 487 1770 vitemus
500 1708 766 1782 ostentationem,
784 1709 957 1786 explicasse
975 1708 1069 1767 nobis
1086 1708 1239 1768 intimum
1256 1726 1352 1768 suum
1366 1708 1561 1770 desiderium
1575 1726 1686 1771 verum

351 1812 383 1866 et
400 1824 514 1885 urgens
534 1805 677 1884 fugiendi
702 1805 844 1866 tomenta
861 1807 981 1884 gloriae
1002 1805 1161 1866 humanae
1177 1804 1232 1884 (cl.
1259 1805 1331 1866 Vtct.
1354 1807 1430 1866 Bed.
1446 1815 1503 1867 cat.
1525 1825 1593 1866 our.
1617 1805 1684 1869 Cat.

352 1905 451 1984 Lep),
469 1904 608 1964 voluisse
630 1902 704 1963 dare
721 1902 897 1963 modestiae
915 1920 990 1964 suae
1011 1903 1176 1981 specimen
1192 1901 1332 1982 (Culte).
1348 1903 1434 1975 Quae
1450 1909 1520 1965 utut
1536 1905 1686 1966 veredici

352 2007 484 2079 possunt
495 2007 527 2062 et
541 2002 592 2079 pie
606 2001 799 2061 considerari
813 2018 886 2061 cum
902 2001 1051 2070 utilitate,
1065 2006 1172 2060 tamen
1186 2018 1291 2079 neque
1304 2001 1371 2061 sola
1381 2019 1484 2080 neque
1498 2003 1605 2080 primo
1617 2001 1687 2062 loco

352 2097 535 2159 collocanda
555 2103 658 2158 erunt.
679 2099 794 2158 Verum
813 2098 977 2158 advertere
997 2101 1137 2176 oportet,
1154 2099 1345 2176 praesertim
1365 2099 1403 2158 ab
1424 2099 1515 2160 initio
1529 2100 1612 2160 vitae
1628 2117 1687 2179 pu-

353 2196 453 2256 blicae
474 2195 588 2256 Christi
609 2196 823 2261 necessarium
843 2195 956 2266 tuisse,
974 2200 1011 2256 ut
1026 2194 1169 2256 Christus
1185 2212 1315 2256 omnem
1337 2197 1475 2274 speciem
1496 2201 1529 2257 et
1543 2197 1689 2258 umbram

352 2294 464 2353 vitaret
480 2311 542 2371 qua
561 2294 661 2354 rideri
677 2297 786 2371 posset
800 2293 884 2353 alere
901 2292 950 2352 vel
970 2292 1077 2353 lovere
1098 2310 1188 2371 spem
1205 2293 1292 2353 illam
1308 2295 1495 2372 popularem
1511 2295 1548 2356 de
1566 2295 1687 2356 llessia.

353 2392 455 2463 Quare
473 2392 739 2469 quotiescumque
760 2391 862 2451 acrior
880 2391 1042 2468 quaedam
1067 2391 1175 2470 populi
1202 2393 1379 2451 commotio
1399 2392 1578 2463 exsisteret,
1604 2393 1691 2452 illam

354 2491 512 2568 reprimit,
526 2490 615 2557 vitat,
629 2489 709 2568 sugit
722 2493 818 2566 atque
834 2506 873 2549 ne
890 2489 935 2549 illi
951 2489 1019 2568 spei
1034 2487 1165 2549 adderet
1180 2489 1322 2549 tomenta
1336 2489 1447 2552 sedulo
1462 2491 1601 2562 cavebat,
1619 2492 1692 2552 doc-

356 2588 439 2647 trina
454 2605 510 2647 sua
525 2593 558 2647 et
572 2604 699 2647 morum
715 2587 939 2648 emendatione
952 2587 1115 2665 postulata
1128 2586 1297 2665 perspicue
1313 2605 1441 2666 quoque
1457 2588 1639 2649 declarabat
1652 2589 1692 2650 ad

355 2686 434 2763 quid
451 2685 589 2745 venisset
607 2690 638 2745 et
661 2685 775 2763 quida
795 2703 829 2746 se
850 2685 1035 2745 nullatenus
1054 2690 1139 2745 esset
1158 2685 1419 2762 exspectandum.
1437 2687 1513 2746 Cum
1528 2687 1608 2747 haec
1622 2702 1692 2747 mu-

356 2785 440 2843 neris
456 2784 526 2843 eius
546 2784 626 2843 ratio
646 2783 723 2843 satis
744 2784 862 2843 eratin
885 2788 997 2862 aperto
1011 2784 1133 2860 posita,
1149 2787 1221 2842 tum
1240 2789 1349 2860 aperte
1368 2788 1401 2843 et
1413 2784 1551 2862 graviter
1565 2801 1692 2862 quoque

357 2882 397 2941 ad
412 2898 508 2959 opera
525 2898 580 2941 sua
593 2881 790 2959 provocabat
805 2882 919 2959 quibus
935 2899 968 2941 se
987 2881 1121 2941 missum
1135 2898 1153 2940 a
1169 2882 1260 2940 Patre
1276 2881 1425 2958 probaret
1440 2887 1472 2941 et
1486 2899 1560 2942 suae
1575 2881 1692 2942 doctri·

358 2996 417 3039 nae
436 2978 503 3039 dari
523 2978 817 3039 luculentissimum
838 2979 1056 3039 testimonium
1072 2978 1219 3039 divinum
1238 2978 1438 3056 perhiberet;
1455 2979 1495 3039 cl.
1513 2980 1690 3040 Commeat.

358 3077 467 3137 Matth.
486 3079 543 3155 lp.
561 3079 630 3137 311.

399 3175 494 3235 Plane
510 3192 694 3253 perversum
715 3179 763 3235 est
782 3192 854 3234 cum
878 3176 1097 3234 Klostermann
1118 3174 1369 3252 indignationem
1390 3176 1459 3235 lesu
1481 3174 1635 3253 explicare
1655 3193 1693 3236 eo

357 3273 444 3350 quod
465 3273 669 3332 miseratione
690 3273 842 3349 abreptus
865 3272 897 3331 id
920 3272 1048 3332 lecisset
1071 3271 1157 3352 quod
1177 3273 1307 3350 proprie
1328 3272 1430 3333 lacere
1450 3290 1514 3332 non
1534 3272 1695 3334 debuisset

359 3371 435 3447 quia
455 3369 486 3430 id
506 3370 545 3430 ad
568 3387 675 3431 veram
697 3370 795 3430 officii
816 3370 864 3429 sui
886 3370 1040 3429 rationem
1060 3386 1123 3429 non
1144 3371 1321 3430 necessario
1342 3371 1565 3451 requireretur.
1587 3373 1694 3448 Neque

359 3468 421 3528 dici
437 3472 542 3547 potest
562 3467 721 3528 Christum
742 3468 770 3528 ei
786 3469 1016 3528 comminatum
1033 3485 1102 3528 esse
1126 3468 1202 3545 quia
1223 3473 1334 3527 contra
1356 3468 1435 3546 legis
1451 3468 1638 3528 mandatum
1654 3468 1695 3529 le·

360 3583 472 3643 prosus
493 3569 670 3626 comesset
689 3564 822 3625 domum
840 3571 925 3626 esset
943 3567 1105 3644 ingressus
1121 3564 1172 3644 (ci.
1196 3567 1269 3626 Lev.
1288 3567 1389 3637 13,46.
1408 3567 1502 3626 Num.
1523 3566 1599 3642 53).
1615 3568 1696 3627 Nam

359 3681 424 3725 non
444 3663 535 3742 plane
556 3668 644 3740 patet
664 3680 739 3723 eum
762 3663 943 3743 ingressum
963 3675 1032 3723 esse
1058 3663 1206 3735 domum;
1229 3663 1305 3723 dein
1326 3665 1414 3724 lesus
1434 3664 1463 3723 ei
1486 3664 1698 3726 comminatur

360 3767 528 3840 postquam
544 3778 618 3821 eum
635 3762 765 3821 sanavit.
784 3761 846 3822 Sed
862 3763 934 3839 quis
950 3762 1079 3840 putabit
1092 3762 1215 3821 narrari
1231 3762 1363 3821 demum
1378 3761 1452 3821 inv.
1470 3765 1508 3822 ta
1525 3762 1555 3821 id
1571 3762 1697 3839 quodsi

361 3860 455 3920 tiebat
469 3860 584 3918 narrari
603 3859 715 3920 debuit
734 3866 765 3919 et
780 3860 849 3919 lieri
864 3865 937 3919 ante
958 3878 987 3918 v.
1008 3860 1067 3919 itt
1083 3860 1170 3919 ldem
1187 3859 1272 3919 valet
1292 3866 1417 3937 praeter
1431 3861 1493 3919 alia
1505 3865 1614 3920 contra
1630 3861 1699 3938 opi-

361 3959 489 4018 nionem
510 3975 528 4015 a
548 3957 697 4016 Volkmar
718 3957 946 4035 excogitatam,
974 3959 1081 4016 lesum
1108 3957 1310 4035 indignatum
1333 3956 1432 4017 luisse
1456 3959 1531 4036 quia
1553 3958 1699 4035 leprosus

361 4055 496 4115 adorans
507 4055 608 4114 iaceat
621 4055 661 4115 ad
675 4054 773 4132 pedes
789 4056 875 4115 lesu!
888 4055 998 4115 Melius
1012 4055 1067 4115 alii
1084 4053 1218 4115 modum
1232 4055 1346 4132 agendi
1360 4055 1475 4116 Christi
1489 4055 1647 4133 explicant
1662 4074 1700 4116 ex

362 4152 542 4213 conditione
558 4153 687 4230 leprosi,
701 4153 750 4213 cui
766 4153 832 4212 scil.
853 4152 930 4212 utile
942 4152 1039 4213 luerit
1054 4170 1090 4213 ac
1100 4153 1320 4215 necessarium
1333 4152 1522 4213 beneficium
1535 4156 1699 4231 acceptum

363 4250 471 4328 quiete
486 4267 594 4310 secum
612 4256 775 4328 reputare,
794 4249 890 4310 tidem
907 4250 940 4309 in
955 4251 1061 4310 lesum
1077 4251 1108 4309 in
1124 4251 1233 4310 animo
1249 4267 1307 4310 suo
1320 4266 1450 4327 augere,
1467 4267 1506 4309 ne
1519 4250 1656 4312 tumultu
1668 4256 1701 4311 et

364 4348 573 4408 admiratione
598 4348 765 4408 bominum
786 4353 917 4426 propter
939 4348 1107 4408 sanitatem
1128 4349 1271 4426 corporis
1298 4351 1458 4426 receptam
1482 4346 1606 4408 animae
1625 4365 1701 4410 suae

365 4446 514 4506 damnum
527 4445 673 4520 inferret,
688 4447 738 4506 vel
755 4463 828 4507 eum
844 4446 952 4506 animo
965 4447 1152 4524 concepisse
1168 4446 1255 4506 varia
1270 4445 1402 4505 consilia
1417 4462 1497 4523 quae
1511 4445 1638 4506 sanitati
1653 4463 1702 4507 re·

365 4544 497 4605 stitutus
514 4543 668 4603 voluisset
685 4545 880 4605 exsecutioni
899 4544 1064 4617 mandare,
1088 4544 1142 4605 sed
1165 4561 1245 4620 quac
1266 4543 1422 4613 Christus,
1440 4544 1582 4621 cognitor
1595 4544 1701 4604 cordis

366 4646 396 4702 et
417 4642 662 4720 cogitationum,
680 4643 815 4702 minime
836 4644 984 4720 probaret
1003 4646 1035 4702 et
1056 4660 1073 4702 a
1094 4643 1209 4720 quibus
1231 4659 1303 4702 eum
1321 4640 1425 4701 verbis
1444 4640 1509 4701 suis
1530 4640 1703 4703 deterreret

367 4739 420 4818 (cl.
436 4741 569 4819 Schepq,
585 4740 644 4801 Fit.
663 4739 759 4818 Keil).

411 4940 492 5004 Cum
511 4939 563 5005 lex
583 4938 730 5005 mosaica
744 4938 924 5004 etiamtum
941 4936 1086 5016 valeret,
1107 4941 1196 5004 lesus
1216 4939 1246 5005 ei
1268 4935 1445 5004 mandavit
1461 4944 1498 5004 ut
1517 4938 1715 5009 secundum

826 5054 1015 5104 ltnmsnmunn
1033 5067 1057 5106 ut
1073 5055 1154 5104 ilinc.
1183 5081 1207 5090 -
1224 5063 1246 5105 o.
