3960 5654
1030 326 1120 370 xsnc.
1145 309 1193 376 ll,
1216 308 1279 366 l-tl.
1760 314 1816 372 :iil

487 489 529 502 -
550 477 589 522 ac
613 457 640 522 si
660 456 761 521 herus
782 463 868 523 essct
886 456 1054 545 impotens
1072 465 1129 525 aut
1149 457 1237 523 nihil
1256 464 1392 524 curaret
1409 457 1451 522 de
1468 467 1575 527 morie
1592 461 1672 527 filii!
1697 465 1817 528 Verum

486 563 649 647 pessimae
673 564 967 652 concupiscentiae
995 569 1174 633 excaecant
1200 571 1345 641 mentes3
1373 587 1405 629 x.
1432 569 1452 630 8
1473 577 1506 629 et
1531 568 1819 655 apprehendentes

486 689 562 734 eum
594 666 787 736 occiderunt
802 683 835 735 cl
858 670 1029 738 eiecerunt
1059 692 1185 759 corpus
1203 672 1276 737 cius
1294 683 1390 736 extre
1418 670 1552 736 cineum
1572 673 1616 738 ad
1637 677 1817 741 maximam

486 775 709 861 ignominiam
738 799 841 866 quam
873 778 982 845 occiso
1006 779 1120 845 adhuc
1140 777 1306 857 inierunt;
1326 800 1357 841 v.
1383 785 1402 843 9
1422 777 1510 866 quid
1531 783 1734 867 capesceret
1757 781 1816 848 do·

484 883 596 947 minus
629 882 771 950 uineae?
799 883 909 949 corriel
937 899 968 950 et
994 884 1114 974 perdet
1142 885 1276 950 colonos
1310 897 1341 949 et
1373 883 1469 950 datu
1497 887 1631 952 cineam
1656 888 1752 968 ulli's,·
1771 889 1814 955 cl.

485 988 597 1053 llatth.
630 994 728 1069 llll
768 991 830 1079 ipsi
864 1013 1022 1079 proceres
1055 989 1223 1056 iudicium
1258 992 1374 1056 ierunt
1403 992 1437 1056 in
1473 995 1633 1080 pessimos
1661 995 1812 1074 colonos;

485 1096 531 1160 uti
569 1099 695 1163 Marcus
727 1099 874 1187 priorem
907 1106 1038 1186 partem
1066 1097 1282 1186 explicatius,
1317 1099 1361 1162 ita
1392 1098 1481 1163 lianc
1516 1101 1625 1184 irregis
1649 1102 1816 1167 succincte

483 1201 631 1268 exhibet.

520 1421 540 1467 l'
543 1421 640 1471 erbum
655 1423 682 1470 in
698 1435 723 1468 v.
739 1415 890 1484 Λιιεφιιλιόω
905 1420 1100 1484 explicandum
1116 1421 1241 1470 eritcum
1256 1421 1330 1482 culp.
1343 1423 1371 1469 in
1386 1422 1477 1484 capite
1492 1423 1653 1479 vulnerare,
1671 1423 1714 1471 rel
1733 1427 1817 1485 caput

482 1517 640 1572 percutere,
656 1511 727 1559 sicut
742 1521 767 1556 v.
784 1522 811 1571 g.
833 1507 933 1574 γναθόω
952 1510 1096 1558 maxillam
1121 1513 1260 1572 percutio,
1283 1503 1328 1569 τὴν
1345 1507 1439 1574 γνάθον
1455 1507 1553 1563 stato:
1569 1512 1698 1561 similiter
1713 1508 1789 1576 γυιόω
1801 1526 1818 1558 ιι

456 1647 461 1654 ,
481 1597 557 1663 pade
573 1597 672 1646 Forma
685 1593 811 1662 κεφαλαίω
824 1611 897 1661 quae
913 1600 940 1647 in
957 1598 1050 1646 inultis
1063 1597 1132 1647 codd
1146 1598 1250 1661 legitur
1265 1605 1292 1647 et
1310 1600 1394 1648 ctiam
1412 1601 1439 1647 in
1460 1599 1629 1649 editionibus
1654 1600 1716 1647 l'isi.
1735 1600 1814 1649 Eutt.

483 1687 596 1750 Theopli.
621 1688 655 1735 ab
680 1689 739 1736 istis
762 1687 890 1736 similiter
912 1687 1080 1749 explicatum
1099 1688 1136 1734 ita
1152 1687 1254 1748 legitur
1273 1689 1400 1736 sclrolion
1417 1689 1445 1736 ln
1458 1692 1558 1737 catena
1577 1689 1640 1738 Vici.
1660 1704 1666 1735 :
1683 1681 1816 1753 ιεςαλινιὴν

480 1771 571 1839 ζημίαν
590 1769 703 1823 ὶπέθεντο
715 1770 770 1834 ἦτοι
782 1771 889 1822 θάνατον
903 1769 1036 1839 ἐπράξαντο
1050 1771 1065 1834 ἢ
1078 1772 1117 1821 lu
1129 1771 1192 1822 zati
1207 1771 1315 1840 κεφαλῆς
1331 1773 1506 1841 θανατηφόρον
1519 1771 1620 1843 πληγὴν
1629 1772 1744 1840 ἤνεγκαν.
1760 1767 1816 1827 sed

481 1864 515 1913 de
529 1865 612 1927 plaga
627 1867 723 1913 mortis
747 1863 852 1912 inllicta
872 1877 925 1913 vox
947 1877 1002 1913 non
1028 1866 1079 1912 erit
1099 1864 1279 1926 explicanda,
1295 1877 1358 1913 cuin
1379 1865 1413 1913 dc
1428 1867 1568 1914 occisione
1591 1866 1702 1915 demum
1716 1867 1744 1914 in
1760 1867 1814 1914 izi>

480 1955 584 2004 mentio
600 1951 647 2002 ilat
672 1957 700 2003 et
723 1953 817 2002 variae
830 1954 1016 2002 contumeliae
1038 1955 1127 2002 servis
1141 1951 1263 2002 inllictae
1282 1954 1447 2016 gradatione
1464 1954 1585 2016 quadarn
1602 1962 1810 2006 enumerentur.

482 2043 556 2092 idern
571 2042 696 2092 scholion
711 2042 794 2090 aliam
813 2054 925 2104 quoquc
944 2042 1072 2103 adinngit
1089 2043 1348 2104 interpretationem
1363 2055 1436 2105 qirae
1450 2043 1484 2093 ad
1500 2044 1642 2093 notionem
1665 2043 1739 2093 reroi
1760 2045 1815 2094 usi·

481 2135 564 2180 latam
581 2133 693 2193 propius
708 2130 815 2179 accedit
828 2130 870 2180 rel
887 2131 978 2193 potins
994 2131 1028 2178 ab
1045 2143 1079 2178 ea
1092 2130 1218 2180 ‹lerirata
1239 2131 1316 2180 etad
1342 2133 1416 2180 linnc
1430 2137 1593 2181 contextum
1608 2131 1815 2182 acconnnodata

480 2225 521 2270 est
538 2235 543 2267 z
560 2216 615 2268 diti
628 2220 671 2267 τοῦ
684 2219 772 2276 πιίσιις
782 2217 839 2284 πρὸς
855 2221 903 2266 τῶν
918 2215 1097 2282 spoletium
1112 2214 1236 2267 imiizltou
1249 2219 1359 2278 ποιναῖς,
1375 2216 1632 2287 ἂνκκεςιλαιοῦμενοι
1655 2217 1679 2268 ἐν
1695 2219 1771 2288 τοὺτῳ
1786 2217 1815 2269 τὰ

480 2312 527 2357 τῶν
541 2305 728 2374 spoletium.
748 2307 894 2371 Significat
909 2310 984 2357 enirn
1001 2308 1115 2357 verbum
1132 2311 1282 2372 incapite,
1305 2311 1332 2357 in
1356 2321 1494 2357 ariminum
1511 2310 1653 2371 redigere;
1670 2309 1743 2358 unde
1763 2310 1816 2360 hoc

479 2401 540 2449 loco
550 2401 576 2449 ei
585 2400 713 2448 tribuitur
725 2401 801 2448 notio
813 2397 958 2460 infligendi
970 2410 1075 2460 poenas
1086 2400 1192 2460 priores
1202 2400 1229 2446 in
1244 2411 1328 2446 unum
1342 2398 1571 2460 qiiasicumulum
1582 2397 1716 2447 redactas.
1731 2396 1813 2448 Eutli.

479 2489 598 2551 explicat
607 2483 650 2548 τὴν
660 2481 768 2552 κεφαλὴν
782 2483 856 2535 αὑτοῦ
868 2484 1009 2551 wirce-'pau
1023 2494 1050 2535 ct
1061 2488 1175 2550 Theoph.
1188 2482 1348 2535 συνετέλεσαν
1359 2484 1401 2532 καὶ
1415 2481 1573 2552 ἐκορύφωσαν
1588 2483 1633 2546 τὴν
1642 2483 1723 2552 ispe
1738 2490 1814 2537 uter·

479 2591 532 2640 que
546 2579 686 2626 notionem
708 2578 805 2640 caprilis·
827 2576 969 2625 contextui
985 2575 1141 2637 adaptavit;
1159 2576 1205 2624 illc
1222 2589 1227 2622 :
1250 2580 1333 2638 caput
1357 2577 1417 2624 eius
1432 2577 1671 2633 comminuerunt,
1687 2577 1731 2625 liic
1747 2590 1752 2623 :
1769 2575 1813 2625 iu-

479 2679 568 2716 rorem
584 2667 618 2714 ad
638 2666 748 2715 culmen
768 2665 957 2720 extinxerunt,
979 2676 1042 2712 enm
1068 2664 1102 2712 ad
1122 2669 1276 2713 extremum
1300 2665 1491 2722 adduxerunt,
1516 2664 1706 2714 coniecerunt.
1730 2667 1813 2728 Syrus

479 2755 567 2804 reddit
578 2768 674 2805 vocem
688 2768 740 2817 ope
754 2734 810 2833 ἦμέν·
825 2766 882 2816 quo
897 2753 981 2801 verno
999 2753 1063 2801 luc.
1082 2752 1161 2808 20,st
1178 2753 1343 2816 exprimitur
1357 2750 1534 2818 τρινμιιτίζειν
1550 2754 1652 2803 vulnus
1670 2751 1810 2816 infligere,

478 2845 559 2894 Marc.
579 2846 623 2900 5‚5
638 2843 800 2891 κατακόπτειν
818 2848 979 2905 percutere,
996 2841 1181 2895 contundere.
1198 2841 1253 2890 etl
1271 2841 1339 2904 ltcg.
1359 2842 1439 2898 ‘ltili
1454 2848 1513 2898 'm‘
1539 2841 1726 2899 contundere,
1750 2842 1811 2891 vnl-

477 2947 588 2991 nerare,
606 2936 727 2996 itemque
742 2932 824 2982 Cant.
842 2931 900 2986 5‚7;
919 2933 1089 2979 recentiores
1103 2943 1216 2993 quoqne
1229 2943 1325 2980 vocem
1343 2933 1530 2980 communiter
1552 2932 1691 2993 explicant
1712 2932 1811 2993 capitis

477 3025 576 3073 vulnus
587 3021 744 3078 inlcrre‚cl.
761 3023 903 3076 ιιίινιιίιι,
918 3021 1038 3074 selectu,
1055 3019 1105 3067 l'il.
1119 3019 1192 3076 licit,
1214 3019 1312 3074 Weiss;
1326 3022 1482 3082 comparari
1493 3024 1702 3082 qnoquepotest
1715 3015 1812 3085 γαστρί-

477 3113 526 3170 ζειν
539 3115 566 3160 in
581 3117 705 3161 ventrem
721 3115 873 3172 perculere.
888 3110 986 3158 llerito
996 3110 1166 3158 recentiores
1178 3107 1338 3170 praeierunt
1350 3108 1499 3157 lectionem
1512 3103 1693 3173 ἐκεραλίωσινς
1710 3107 1808 3169 scheon

477 3214 542 3251 vcro
564 3202 678 3249 alteram
703 3201 827 3262 sequitur
844 3201 936 3246 textus
958 3199 1060 3258 recepti
1087 3192 1270 3260 tesselatum
1295 3210 1413 3260 eamque
1440 3198 1636 3259 interpretatur
1658 3196 1809 3246 secundum

477 3292 542 3340 illud
564 3290 688 3338 Platonis
715 3303 720 3334 ι
744 3283 971 3351 assolutamente
1001 3281 1042 3332 τὸν
1071 3283 1186 3333 κάκιστον
1208 3284 1375 3334 definiamus
1400 3288 1488 3334 virum
1514 3288 1664 3348 pessimum
1686 3285 1765 3348 lltep.
1790 3286 1805 3335 ii

476 3395 502 3443 p.
515 3377 591 3442 5701,
608 3380 645 3426 ita
657 3375 767 3440 quidem
785 3382 814 3425 ut
830 3376 902 3425 istnd
916 3375 1045 3432 delinire,
1060 3376 1195 3437 insignire
1211 3376 1254 3423 vel
1271 3377 1390 3437 propriis
1405 3377 1478 3424 notis
1498 3376 1620 3437 aliquem
1637 3373 1807 3436 distinguere

476 3471 553 3531 putet
567 3467 652 3517 inisse
676 3466 787 3515 modum
808 3465 939 3527 loquendi
966 3465 1109 3525 vulgarem
1130 3477 1179 3526 pro
1197 3465 1374 3513 contumeliis
1395 3463 1694 3513 aeverbcraiionibus.
1714 3461 1808 3512 Sedis

476 3557 605 3620 loquendi
621 3556 719 3604 modus
734 3557 848 3604 omnino
861 3555 948 3616 gratis
964 3551 1088 3615 lingitur.

518 3765 600 3825 Cum
621 3777 752 3823 summa
775 3757 875 3821 liuius
895 3755 1077 3844 parabolae
1103 3755 1169 3820 iam
1193 3754 1380 3843 explicetur
1409 3759 1447 3819 ls.
1470 3763 1528 3830 ὀᾶ
1551 3756 1649 3820 vinea
1675 3753 1804 3831 ilenriui

474 3866 680 3932 exercituum
714 3863 834 3928 domus
861 3862 959 3926 lsrael
988 3869 1053 3936 est,
1090 3869 1123 3925 et
1149 3863 1341 3949 exspectavi
1365 3870 1401 3926 ut
1429 3861 1554 3926 laceret
1586 3860 1747 3926 iudicium
1772 3867 1806 3926 et

474 3995 549 4038 ecce
577 3971 753 4059 iniquitas.
785 3970 900 4057 nequit
925 3968 1075 4033 dubitari
1102 3966 1146 4032 ad
1170 3967 1254 4054 quid
1287 3968 1492 4056 proferatur.
1525 3971 1662 4055 insuper·
1683 3964 1801 4032 eadem

475 4080 591 4145 vineae
616 4079 729 4162 imago
750 4077 922 4164 proposita
946 4082 995 4139 cst
1014 4080 1063 4139 l’s.
1085 4081 1228 4152 *luit-17
1248 4085 1280 4140 et
1302 4079 1361 4140 ter.
1385 4080 1477 4153 231,
1500 4075 1605 4139 immo
1626 4075 1691 4138 iam
1709 4077 1801 4138 Dent.

475 4192 587 4265 3232.
612 4190 730 4249 Totum
758 4183 870 4270 itaque
896 4181 989 4270 qnod
1010 4186 1095 4246 lleus
1114 4180 1155 4245 nd
1179 4181 1296 4269 populi
1314 4183 1458 4247 salutem
1486 4181 1630 4246 institnit
1650 4178 1804 4265 symbolo

475 4294 592 4360 vineae
612 4293 815 4357 continetur.
841 4289 976 4353 lineum
1002 4289 1105 4367 lianc,
1128 4288 1350 4354 theoeruliam
1378 4296 1546 4367 veterem,
1569 4309 1645 4376 sepe
1661 4287 1804 4352 eircum-

474 4401 584 4481 dedit,
603 4399 755 4464 variisne
773 4396 892 4461 validis
911 4395 1158 4460 munitionibus
1172 4395 1352 4461 custodivit
1371 4417 1410 4461 uc
1431 4395 1624 4468 roboravit,
1648 4415 1707 4459 sua
1729 4392 1802 4458 scil.

475 4509 681 4596 protectione
719 4505 816 4588 (l'e'et.
864 4503 972 4573 onii.
1013 4502 1216 4588 angelorum
1250 4501 1402 4568 custodia
1441 4505 1510 4589 (Px.
1552 4502 1641 4567 Hier.
1680 4498 1800 4583 Beda),

474 4615 683 4703 separatione
716 4621 749 4677 et
781 4612 995 4676 distinctione
1029 4634 1048 4675 a
1084 4609 1244 4696 gentibus
1279 4610 1366 4674 initia
1401 4608 1524 4697 (silla),
1558 4607 1689 4694 legibus
1718 4605 1805 4672 datis

476 4721 665 4810 (l'ltcupli.);
697 4720 818 4785 turrim
847 4719 1055 4795 aedificavit,
1088 4740 1176 4805 qnae
1209 4717 1312 4783 turris
1337 4739 1476 4804 quoquc
1506 4715 1551 4781 ad
1583 4715 1806 4781 munitionem
