3960 5654
1045 366 1137 411 nanc.
1159 351 1191 419 9,
1215 348 1318 408 4248.
1788 347 1847 408 235

510 500 690 569 Ierusalem
705 519 812 588 prope
836 499 959 566 montis
979 497 1089 566 latera
1110 497 1260 565 australe
1275 502 1308 564 et
1323 495 1486 562 orientale
1500 495 1779 585 protendebatur,
1796 495 1848 562 in-

508 605 609 674 famis
624 602 788 690 religione
811 604 1089 694 caerimoniaque
1114 602 1270 684 llolocbi,
1293 602 1347 668 cui
1367 601 1403 668 in
1423 624 1464 669 ea
1484 601 1573 668 valle
1591 603 1759 671 israelitae
1782 603 1846 671 ali·

508 711 672 802 quamdiu
697 710 857 779 bumanis
882 710 1000 777 hostiis
1022 732 1118 777 sacra
1134 709 1304 794 litabant,
1321 708 1430 776 donec
1454 708 1556 775 losias
1577 731 1633 775 rex
1649 731 1723 776 eam
1738 711 1847 799 pollui

507 818 604 886 iussit
619 817 650 905 (l
673 821 755 906 lleg.
771 824 826 897 23,
852 816 905 903 10)
919 839 926 897 ;
942 839 983 883 ex
997 816 1137 884 nefariis
1151 816 1222 882 illis
1239 815 1344 883 sacris
1364 814 1488 905 quibus
1503 815 1658 882 homines
1672 816 1741 881 vivi
1754 838 1845 883 com-

506 924 720 992 burebantur
746 921 950 1013 repetendus
980 930 1029 990 est
1054 922 1158 989 huius
1184 923 1334 989 nominis
1359 944 1437 989 usus
1462 921 1646 989 translatus
1671 921 1714 988 ad
1731 921 1845 990 locum

506 1030 722 1120 sempiternis
739 1030 889 1098 sontium
907 1029 1088 1120 suppliciis
1112 1028 1321 1095 destinatum
1343 1028 1607 1115 significandum
1627 1027 1767 1118 (Pota),
1784 1030 1846 1119 qui

508 1158 587 1203 usus
603 1137 698 1226 apud
713 1136 856 1204 ludaeos
869 1136 1027 1203 invaluit.
1051 1139 1134 1201 Nota
1146 1133 1316 1202 declarari
1326 1140 1466 1202 aeterna
1481 1134 1661 1226 supplicia,
1680 1134 1845 1203 declarari

507 1243 676 1311 cruciatus
688 1243 749 1333 qui
768 1242 849 1330 igne
862 1242 959 1309 fiant.
1772 1232 1776 1256 ¹
1856 1227 1869 1252 ⁰

547 1355 663 1419 Denuo
677 1349 840 1422 horrendi
856 1350 1027 1417 cruciatus
1037 1348 1132 1439 iique
1146 1350 1279 1416 aeterni
1288 1347 1530 1415 describuntur
1542 1372 1575 1416 v.
1595 1356 1636 1418 ts
1649 1348 1708 1417 ubi
1719 1349 1841 1417 veronis

507 1480 623 1535 ‚eorum
637 1479 706 1523 non
720 1455 863 1523 moritur
883 1469 917 1523 et
932 1455 1021 1546 iquis
1044 1477 1113 1522 non
1134 1454 1384 1544 eastinpuitur,·
1399 1454 1475 1522 vide
1489 1454 1534 1523 ad
1553 1458 1593 1523 Is,
1615 1461 1729 1539 66‚2t,
1750 1456 1842 1524 unde
1881 1444 1885 1450 ⁵
1956 1453 1958 1457 ’

504 1564 610 1631 verba
629 1562 831 1653 deprompta
849 1567 938 1629 sunt.
956 1566 1042 1629 Dum
1061 1562 1135 1629 scil.
1159 1562 1306 1628 cultores
1321 1562 1380 1628 Dei
1398 1562 1484 1629 sicut
1502 1561 1587 1628 coeli
1603 1563 1683 1628 novi
1698 1567 1732 1630 et
1750 1568 1842 1630 terra

504 1691 593 1737 nova
607 1670 764 1737 assistunt
774 1690 891 1736 coram
900 1669 989 1768 facia
996 1669 1141 1751 Domini,
1158 1666 1328 1735 cadavera
1338 1668 1525 1758 impiorum
1534 1669 1647 1736 iacent
1655 1674 1839 1758 prostratu,

503 1775 625 1843 ardent
636 1782 812 1865 tamquam
827 1775 997 1842 cadavera
1007 1774 1086 1842 viva
1096 1796 1209 1863 neque
1224 1773 1487 1857 comburuntur,
1498 1774 1843 1843 continuoroduntur

505 1882 679 1949 vermibus
693 1904 805 1971 neque
817 1881 1059 1948 absumuntur.
1071 1881 1280 1970 Prophetam
1292 1902 1361 1947 non
1376 1879 1584 1948 adumbrare
1598 1903 1742 1971 poenam
1757 1886 1842 1948 tem-

504 1989 657 2078 poralem
677 1988 732 2055 vel
753 1988 904 2055 interris
924 1986 1160 2067 subeundam,
1183 1986 1265 2077 ipsis
1285 1986 1578 2079 verbis-apparet,
1604 1987 1664 2054 sed
1687 1987 1842 2076 symbolo

457 2097 460 2103 '
504 2103 584 2162 noto
603 2094 740 2161 exhibet
758 2094 803 2162 ad
821 2093 908 2184 duos
924 2092 1066 2161 tandem
1084 2093 1226 2160 ordines
1246 2092 1422 2161 redactum
1442 2095 1486 2160 iri
1505 2093 1677 2176 homines;
1695 2093 1841 2162 alterum

503 2202 576 2268 lore
596 2203 631 2268 in
654 2202 711 2268 Dei
726 2200 925 2268 habitaculo
940 2222 1057 2268 coram
1077 2199 1164 2267 faeie
1182 2200 1271 2281 eius,
1288 2199 1436 2267 alterum
1452 2206 1547 2267 extra
1566 2222 1713 2288 regnum
1728 2202 1786 2269 Dei
1805 2203 1840 2269 in

503 2307 698 2374 conditione
715 2308 908 2375 miserrima
927 2312 960 2373 et
975 2305 1153 2396 suppliciis
1166 2305 1315 2373 aeternis
1334 2305 1389 2393 (ci.
1412 2328 1525 2372 meum
1536 2311 1726 2376 comment.
1740 2308 1781 2376 in
1797 2311 1839 2375 ls.

501 2419 526 2480 ll
545 2438 579 2505 p.
593 2421 655 2482 521
674 2414 773 2504 seq).
791 2415 826 2481 Si
837 2414 931 2481 hunc
948 2412 1059 2480 solum
1069 2411 1278 2480 haberemus
1293 2411 1421 2492 locum,
1437 2413 1708 2500 intelligeremus
1721 2413 1841 2505 utique

502 2521 574 2587 fore
588 2523 773 2605 cruciatus,
794 2520 855 2587 sed
874 2520 948 2587 fore
967 2521 1138 2586 cruciatus
1155 2519 1247 2605 ignis
1262 2540 1302 2585 ex
1317 2540 1357 2586 eo
1375 2518 1553 2587 ostendere
1564 2541 1633 2586 non
1648 2540 1837 2610 possemus;

504 2649 573 2694 esse
587 2632 701 2694 autem
717 2626 884 2718 supplicia
895 2626 978 2713 igne
991 2624 1184 2712 infligenda
1192 2647 1233 2691 ex
1244 2624 1320 2691 aliis
1332 2627 1466 2693 Domini
1479 2626 1594 2693 verbis
1606 2633 1699 2694 certo
1717 2628 1837 2696 elucet.

501 2733 680 2800 vermibus
695 2739 730 2800 et
750 2734 831 2820 igne
852 2732 1022 2800 declarari
1038 2730 1174 2799 dolores
1194 2732 1364 2814 internos,
1391 2754 1522 2799 memus
1542 2734 1786 2817 conscientiae,
1807 2741 1841 2802 et

501 2863 627 2930 poenas
636 2840 842 2906 extrinsecus
856 2836 1174 2927 saevientes(Beda)
1188 2838 1393 2928 plerumque
1402 2839 1583 2929 explicant.
1596 2844 1715 2908 Verme
1726 2845 1840 2908 autem

502 2953 536 3014 et
547 2949 628 3034 igne
640 2969 707 3013 non
723 2968 849 3037 poenas
865 2945 1088 3013 diversasncc
1099 2943 1313 3010 diversarum
1321 2945 1471 3012 bominis
1483 2946 1653 3035 partium,
1666 2946 1725 3014 sed
1739 2947 1840 3015 totius

502 3054 650 3121 hominis
677 3074 824 3144 poenam
846 3073 952 3119 unam
980 3050 1124 3118 eandem
1149 3056 1326 3140 totamque
1348 3050 1534 3138 significari
1556 3051 1666 3120 Mold.
1690 3052 1837 3136 indicat;

502 3183 609 3228 unum
629 3160 700 3228 scil.
721 3159 882 3249 idemque
903 3157 1111 3248 supplicium
1130 3156 1199 3225 dici
1219 3158 1335 3246 ignem
1351 3179 1431 3224 vere
1445 3180 1515 3248 quo
1535 3159 1652 3226 anima
1669 3165 1702 3226 et
1716 3182 1840 3251 corpus

502 3269 706 3350 crucientur,
720 3272 753 3333 et
763 3287 915 3333 vermem
930 3263 1179 3354 metaphorice.
1201 3263 1286 3331 Aliis
1298 3264 1429 3354 placuit
1446 3287 1596 3332 vemnem
1613 3272 1647 3332 et
1661 3267 1779 3354 ignem
1795 3266 1838 3335 de

502 3373 707 3442 conscicntia
721 3378 755 3439 et
769 3370 935 3440 memoria
949 3375 1168 3462 peccatorum
1179 3392 1270 3460 quae
1281 3372 1378 3460 quasi
1393 3373 1518 3438 vermis
1533 3371 1692 3440 absumat
1699 3379 1733 3440 et
1742 3375 1840 3464 quasi

501 3483 592 3569 ignis
602 3479 722 3547 ardeat
731 3479 887 3568 accipere
897 3478 999 3568 (Viet.
1014 3475 1575 3568 meopte.etaliquiapuduutt.),
1588 3478 1674 3546 dum
1687 3486 1839 3548 econtra
1895 3502 1899 3510 ·

502 3592 586 3678 Lup.
603 3610 670 3654 non
685 3587 793 3653 solum
803 3587 922 3673 ignem
939 3606 1018 3651 vere
1029 3583 1146 3650 adesse
1159 3582 1276 3665 docet,
1287 3582 1347 3650 sed
1358 3584 1461 3652 etiam
1471 3584 1655 3652 horrendis
1664 3586 1838 3655 vermibus

383 3696 386 3702 ’
501 3694 679 3762 damnatos
700 3693 845 3761 cruciari
867 3691 1025 3782 explicat.
1047 3690 1147 3757 Varia
1161 3690 1205 3757 de
1225 3711 1342 3757 verme
1363 3696 1396 3757 et
1414 3692 1497 3778 igne
1512 3690 1589 3779 lege
1608 3692 1700 3784 apud
1716 3698 1749 3761 S.
1768 3698 1837 3762 Au·

502 3802 674 3888 gostinum
686 3801 728 3869 de
743 3800 808 3868 civ.
827 3799 884 3865 Dei
900 3803 992 3875 ule.
1014 3804 1066 3864 10.

546 3909 714 3998 Elquanti
728 3906 893 3974 momenti
908 3904 1060 3972 Christus
1075 3904 1165 3972 hanc
1176 3926 1249 3972 esse
1265 3903 1457 3971 doctrinam
1474 3904 1579 3971 ducat
1588 3910 1621 3972 et
1635 3928 1739 3995 quam
1752 3907 1839 3973 serio

501 4017 594 4083 illius
609 4015 840 4081 necessitatem
855 4011 1029 4079 inculcare
1044 4010 1144 4094 velit,
1158 4010 1258 4078 nobis
1273 4033 1313 4078 eo
1327 4011 1489 4102 patefacit
1502 4011 1595 4101 quod
1607 4017 1701 4078 tanto
1716 4012 1837 4080 verbo·

500 4146 576 4190 rum
588 4118 905 4212 apparatueandem
913 4119 1211 4208 proponititerum
1220 4118 1416 4209 iterumque
1426 4141 1537 4208 neque
1548 4141 1568 4185 a
1579 4118 1838 4208 repetitionibus

499 4231 662 4312 abstinet;
679 4229 726 4295 ita
747 4228 781 4293 in
801 4250 834 4295 v.
857 4230 963 4294 tl-lr
980 4225 1074 4292 idem
1093 4223 1178 4292 dicit
1192 4248 1232 4292 ex
1251 4225 1338 4316 pede
1360 4231 1496 4315 sumpto
1511 4225 1686 4315 exemplo,
1702 4226 1781 4295 dein
1797 4249 1836 4296 ex

499 4337 655 4406 membro
675 4335 776 4403 etiam
791 4333 902 4422 magis
921 4355 1019 4414 caro,
1040 4354 1080 4399 ex
1102 4332 1203 4400 oculo
1222 4337 1326 4422 atque
1346 4332 1443 4398 toties
1458 4354 1596 4423 quoque
1613 4355 1760 4423 poenam
1774 4356 1835 4422 ge-

500 4449 634 4515 hennae
649 4449 822 4511 aeternam
834 4443 870 4508 in
885 4439 1088 4509 memoriam
1103 4445 1255 4507 revocat.
1271 4436 1412 4507 Demum
1429 4439 1602 4507 concludit
1616 4462 1649 4507 v.
1670 4446 1712 4509 ts
1728 4441 1835 4510 omncs

499 4554 589 4621 enim
608 4554 685 4643 ipae
703 4549 846 4616 salietur
865 4561 898 4615 et
909 4549 1018 4615 omnis
1037 4546 1176 4614 victima
1189 4546 1261 4614 sale
1277 4544 1432 4627 salietur,
1444 4568 1542 4644 quae
1557 4548 1725 4615 sententia
1743 4548 1835 4639 apud

498 4662 608 4730 solum
626 4664 772 4726 Marcum
786 4656 924 4744 legitur.
937 4655 1068 4722 Ultimis
1078 4654 1194 4744 verbis
1206 4652 1374 4721 alluditur
1388 4652 1432 4721 ad
1448 4657 1525 4721 Lev.
1543 4659 1640 4737 2133
1663 4654 1834 4745 quidquid

498 4768 662 4836 obtuleris
672 4765 830 4835 sacrificii
843 4763 913 4830 sale
929 4761 1069 4831 condies
1083 4784 1146 4830 nee
1161 4761 1297 4831 auferes
1311 4761 1358 4829 sal
1371 4761 1517 4830 foederis
1532 4763 1588 4828 Dei
1601 4762 1652 4828 tui
1668 4761 1710 4829 de
1729 4764 1833 4831 sacri·
