3960 5654
941 572 943 576 Α
971 529 1062 576 xxnc.
1087 513 1117 583 8,
1141 513 1191 574 33.
1444 517 1449 528 “
1686 517 1744 576 221

414 662 559 728 eruditio
569 664 773 729 ceterorum.
792 660 827 727 ld
843 663 940 732 nobis
952 669 1076 731 llarcus
1091 665 1264 749 significat
1279 664 1339 752 qui
1353 663 1453 730 etiam
1470 665 1569 731 nobis
1581 663 1747 731 indicavit

414 772 518 836 lesum
535 762 687 854 παρρησίᾳ
707 790 820 836 coram
847 768 1023 861 discipulis
1040 768 1082 836 de
1107 793 1169 837 sua
1193 771 1351 861 passione
1366 791 1436 837 esse
1458 770 1628 855 locutum3
1647 795 1679 838 v.
1701 778 1744 839 33

412 877 475 964 qui
489 895 667 941 conuersus
681 891 713 943 et
732 874 849 941 videos
860 875 1044 966 discipulos
1056 898 1134 944 suos
1156 877 1382 944 cacuminatus
1394 890 1442 944 est
1456 880 1553 944 Petro
1567 875 1747 966 ἐπετίμησεν

413 984 617 1071 increpavit,
643 1005 759 1051 severe
785 983 979 1066 admonuit,
1005 983 1120 1051 dicens
1142 1007 1153 1050 :
1178 984 1265 1050 vudc
1290 999 1378 1051 retro
1405 1007 1475 1067 mc,
1506 999 1645 1067 solorio,
1666 1008 1743 1052 euni

412 1088 648 1175 indignatione
674 1112 753 1157 eum
781 1112 801 1156 a
821 1114 856 1158 sc
877 1091 1010 1182 repellit
1032 1115 1072 1158 ac
1097 1092 1255 1159 recedere
1276 1093 1385 1177 iubet;
1414 1098 1510 1159 vocat
1529 1115 1605 1159 eum
1625 1092 1746 1160 aduer-

412 1196 539 1261 sarium
560 1202 646 1294 puicu
669 1199 711 1265 cl.
731 1205 747 1265 1
766 1202 847 1286 Reg.
868 1204 948 1278 5,t8
965 1198 1063 1267 hebr.
1084 1206 1196 1280 tt,1t.
1217 1206 1274 1267 23.
1298 1208 1359 1282 253
1377 1221 1456 1266 eum
1476 1223 1496 1267 a
1514 1223 1549 1267 se
1564 1199 1746 1268 abscedere

413 1311 453 1377 iis
468 1311 578 1379 verbis
591 1314 687 1379 iubet
703 1310 829 1401 quibus
843 1309 1020 1376 diabolum
1035 1315 1238 1377 tentatorem
1256 1311 1391 1400 repulit.
1409 1314 1491 1378 Nam
1511 1311 1583 1379 eius
1604 1312 1747 1399 vestigia

414 1421 543 1502 Petrus,
570 1421 688 1508 utique
710 1417 804 1485 haud
827 1417 891 1484 sibi
910 1418 1080 1498 conscius,
1103 1419 1241 1507 premit.
1266 1417 1558 1495 Quemadmodum
1575 1419 1665 1486 cuim
1689 1418 1746 1486 ille

414 1530 520 1594 lesum
535 1527 709 1595 retrahere
721 1526 910 1593 conabatur
925 1525 1011 1592 avia
1028 1547 1133 1614 quam
1147 1525 1178 1592 ei
1194 1531 1293 1592 Pater
1306 1527 1556 1613 assignaverat,
1570 1528 1617 1592 ita
1629 1531 1747 1594 Petrus

412 1656 549 1725 quoque
571 1657 614 1701 ne
634 1634 788 1723 passione
811 1639 844 1699 et
867 1639 976 1700 morte
991 1633 1203 1701 voluntatem
1224 1639 1257 1700 et
1275 1634 1527 1723 beneplacitum
1544 1638 1748 1724 exsequatur

414 1741 534 1824 Patris,
552 1762 614 1807 suo
627 1740 744 1808 suadet
769 1739 1014 1807 admonitione.
1038 1739 1120 1806 Vide
1139 1762 1228 1830 quac
1243 1741 1358 1809 notavi
1375 1742 1411 1807 in
1426 1745 1612 1809 Commeat.
1629 1741 1757 1809 nauh,

413 1852 424 1912 1
443 1870 475 1936 p.
497 1856 570 1917 iar.
590 1855 671 1931 1503
690 1854 722 1914 et.
741 1847 785 1915 ad
808 1852 919 1927 icas.
1790 1842 1799 1859 ⁴

457 1956 542 2032 Quid
569 1956 661 2021 enim
688 1958 731 2021 sit
757 1978 911 2021 recusare
941 1955 1173 2022 humilitatem
1209 1956 1376 2045 passionis
1415 1956 1522 2044 (Alb.)
1551 1956 1700 2024 declarat
1735 1983 1743 2025 ι

412 2063 574 2151 quomam
598 2085 666 2129 oon
680 2063 772 2153 sapis
786 2084 874 2152 quae
890 2062 954 2129 Dei
967 2075 1048 2129 sunt
1069 2062 1130 2129 sed
1141 2085 1232 2154 quae
1247 2075 1326 2130 sient
1346 2062 1545 2147 dominum
1565 2065 1744 2131 consilium

412 2169 538 2259 quippe
551 2168 706 2237 divinum
723 2175 797 2236 erat
809 2191 871 2259 per
887 2169 1116 2236 bumilitatem
1132 2171 1243 2237 erucis
1263 2170 1415 2238 relevare
1427 2193 1541 2238 casum
1564 2172 1745 2261 superbiae

412 2276 512 2365 primi
528 2277 676 2344 hominis
687 2275 806 2366 (Ala),
824 2298 886 2366 per
900 2276 1132 2344 obedientiam
1153 2277 1276 2344 Christi
1290 2300 1397 2368 usque
1413 2278 1456 2346 ad
1474 2284 1617 2346 mortem
1635 2279 1747 2346 crucis
1792 2260 1795 2269 ⁴

412 2385 545 2475 expiare
568 2383 837 2451 inobedientiam
857 2389 1097 2474 peccatorum3
1114 2406 1193 2451 nam
1213 2387 1296 2476 quia
1310 2387 1344 2452 in
1360 2388 1416 2453 [tei
1432 2387 1598 2477 sapientia
1611 2409 1679 2454 non
1692 2408 1746 2453 co·

411 2491 531 2578 guovit
545 2491 692 2559 mundus
708 2514 771 2582 per
787 2491 990 2581 sapientiam
1007 2496 1129 2573 Deum,
1146 2490 1278 2583 placuit
1295 2496 1361 2559 Deo
1377 2516 1439 2583 per
1451 2493 1629 2561 stultitiam
1644 2516 1745 2585 prae·

410 2597 589 2667 dicationis
601 2600 713 2667 salvos
728 2600 839 2668 lacere
853 2599 1044 2686 credentem
1060 2599 1156 2667 etita
1171 2599 1322 2668 Christus
1332 2601 1510 2669 crucifixus
1524 2600 1656 2668 ludaeis
1669 2603 1746 2694 qui·

411 2705 488 2773 dem
505 2713 554 2775 est
568 2707 767 2774 scandalum
785 2714 818 2775 et
832 2707 993 2794 gentibus
1004 2707 1163 2791 stultitia,
1181 2712 1218 2774 at
1232 2708 1272 2774 iis
1286 2709 1347 2799 qui
1361 2709 1445 2776 salvi
1460 2711 1547 2777 liunt
1562 2710 1619 2777 Dei
1639 2709 1746 2776 virtus

411 2820 443 2880 ct
453 2815 619 2904 sapientia
630 2816 659 2903 (t
674 2818 747 2883 Cor.
766 2817 912 2903 iai-m)
928 2820 961 2882 et
973 2837 1035 2882 cur
1045 2814 1314 2882 decueritlteum
1325 2822 1497 2884 auctorem
1510 2817 1627 2884 salutis
1637 2822 1745 2885 lesum

412 2945 472 3012 per
486 2924 675 3011 passionem
691 2944 945 3004 consummare,
963 2923 1104 3013 exponit
1124 2923 1296 3013 apostolus
1315 2923 1358 2990 ad
1379 2924 1478 2991 llebr.
1504 2931 1655 3007 2,10-18.
1677 2929 1744 2992 lam

414 3031 495 3097 haec
513 3029 632 3097 divina
646 3029 787 3098 consilia
804 3035 919 3097 Petrus
934 3029 1090 3096 nondum
1105 3030 1287 3112 intellexit,
1308 3061 1322 3091 (ι
1340 3030 1453 3098 adhuc
1468 3030 1619 3099 nondum
1633 3036 1745 3119 gusta·

413 3143 506 3205 verat
521 3137 611 3227 quod
633 3144 748 3228 postea
771 3139 938 3225 gustavit,
956 3158 1034 3204 cum
1050 3137 1113 3203 ivit
1127 3136 1283 3224 gaudens
1300 3161 1320 3204 a
1341 3144 1522 3229 conspectu
1535 3140 1670 3207 concilii
1687 3140 1745 3207 tla-

412 3245 574 3332 gellatus,
591 3247 674 3335 quia
689 3245 753 3311 luit
768 3244 896 3332 dignus
908 3267 971 3335 pro
991 3246 1130 3312 nomine
1151 3250 1221 3311 lesu
1234 3247 1475 3313 coutumeliam
1488 3247 1559 3336 pati
1580 3275 1596 3310 a
1616 3247 1744 3336 (Caum

413 3375 528 3420 verum
542 3353 656 3420 adhuc
670 3376 711 3420 ea
724 3353 892 3420 sentiebat
906 3353 1043 3440 vigente
1055 3353 1210 3419 humano
1223 3353 1346 3420 allectu
1358 3376 1446 3443 quae
1462 3361 1541 3421 sunt
1552 3355 1742 3437 hominum,

411 3462 484 3528 scil.
507 3460 628 3548 lugere
647 3462 838 3551 passiones,
862 3461 968 3528 vitare
991 3466 1155 3539 mortem;
1178 3460 1287 3527 voluit
1305 3460 1415 3542 enim,
1432 3467 1470 3528 ut
1487 3462 1632 3551 Theopli.
1650 3460 1744 3545 dicit,

412 3569 589 3635 bominum
614 3591 685 3636 csse
706 3569 742 3634 in
763 3590 847 3659 pace
868 3574 902 3635 et
922 3569 1167 3659 prosperitate,
1193 3568 1300 3637 voluit
1321 3591 1398 3636 eum
1418 3591 1490 3636 esse
1514 3575 1746 3661 exemptuma

411 3677 565 3765 passione
587 3682 619 3742 et
640 3681 759 3743 morte.
783 3678 898 3765 Neque
919 3674 956 3742 id
977 3680 1026 3742 est
1047 3676 1173 3743 mirum
1196 3680 1334 3743 Petrum
1351 3681 1384 3744 et
1398 3698 1514 3744 amora
1530 3679 1565 3744 in
1583 3683 1693 3745 lesum
1712 3683 1747 3745 et

413 3785 563 3851 humano
582 3784 705 3852 affectu
723 3783 772 3850 ita
792 3783 971 3850 iudicasse.
988 3782 1146 3850 Nondum
1161 3784 1253 3850 enim
1271 3784 1440 3850 intellexit
1456 3786 1665 3876 scripturam
1688 3785 1742 3875 (ls.

412 3898 565 3974 san-lu.
589 3893 694 3959 Zacb.
715 3898 793 3976 13,7
810 3893 886 3978 etc.)
906 3896 940 3958 et
954 3912 1043 3981 quae
1057 3891 1161 3957 stulta
1174 3897 1253 3957 sunt
1267 3890 1387 3958 mundi
1403 3891 1508 3979 elegit
1521 3898 1605 3960 neus
1618 3899 1655 3960 ut
1668 3914 1746 3960 con·

412 3999 530 4067 tundat
541 4001 710 4090 sapientes
720 4001 752 4087 (1
764 4003 837 4066 Cor.
853 3999 958 4087 127).
970 4001 1053 4064 Nam
1066 3998 1484 4091 hicquoquevaletillud:
1498 4002 1671 4067 nonenim
1686 4021 1744 4067 co·

411 4107 594 4193 gitationes
607 4128 703 4175 meae
712 4108 935 4193 cogitationes
946 4112 1087 4188 vestrae,
1103 4127 1215 4195 neque
1225 4106 1301 4173 viae
1310 4112 1443 4174 vestrae
1460 4109 1533 4175 viae
1543 4130 1650 4191 meae,
1663 4107 1746 4176 dicit

414 4215 587 4296 [lominum
601 4208 682 4305 quia
692 4215 780 4281 sieut
791 4214 984 4281 exaltantur
995 4213 1082 4279 coeli
1092 4235 1113 4280 a
1123 4219 1226 4292 terra,
1240 4215 1289 4281 sic
1301 4214 1465 4282 exaltatae
1476 4221 1555 4282 sunt
1565 4217 1640 4283 viae
1651 4237 1746 4284 meae

412 4345 431 4387 u
451 4322 512 4388 viis
531 4323 651 4389 vestris
665 4329 699 4388 et
714 4323 937 4409 cogitationes
950 4341 1047 4388 meae
1064 4322 1365 4408 scogitationibus
1379 4323 1497 4389 vestris
1518 4325 1569 4409 (ls.
1587 4330 1678 4407 55,8.
1696 4323 1744 4413 9).

452 4569 495 4628 lte
518 4584 582 4644 qua
602 4583 635 4626 rc
656 4566 701 4625 ita
719 4564 889 4626 meditatur
907 4562 941 4625 S.
956 4563 1035 4645 Any.
1056 4583 1066 4622 .·
1084 4565 1204 4626 «idem
1224 4564 1336 4625 Petrus
1355 4582 1373 4625 a
1393 4572 1481 4643 petra
1501 4568 1744 4646 cognominatus

413 4668 541 4738 boatus,
560 4665 715 4727 Ecclesiae
737 4665 869 4744 liguram
889 4668 1034 4743 portans,
1050 4664 1245 4742 apostolatus
1266 4665 1479 4742 principatum
1500 4671 1625 4739 truens,
1643 4667 1745 4727 conti·

414 4784 476 4827 nuo
492 4771 563 4845 post
578 4765 744 4844 paululum
766 4764 829 4824 iam
848 4763 958 4825 audito
978 4763 1064 4842 quod
1085 4764 1197 4824 beatus
1212 4767 1312 4834 osset,
1330 4764 1392 4824 iam
1406 4764 1515 4824 audito
1534 4766 1619 4843 quod
1635 4765 1747 4826 Petrus

412 4872 506 4937 cssrt,
524 4869 731 4945 posteaquam
744 4863 868 4924 audivit
879 4862 1020 4924 futuram
1035 4863 1163 4924 Domini
1174 4861 1366 4941 passionem,
1378 4863 1453 4941 quia
1467 4864 1666 4942 praedixerat
1675 4883 1746 4926 eam

412 4965 476 5025 cito
490 4963 628 5025 suturam
647 4962 816 5042 discipulis
835 4962 918 5037 suis,
935 4960 1102 5041 displicuit
1116 4960 1155 5022 ci.
1171 4960 1293 5022 'l'imuit
1313 4978 1353 5021 nc
1369 4960 1537 5041 perderent
1554 4965 1747 5026 morientem
