3960 5654
152 484 211 544 046

152 637 258 703 Siquis
279 637 339 687 vult
357 635 467 698 primus
491 644 567 693 esse,
591 636 645 684 erit
666 637 791 686 omniurn
841 632 937 698 πρῶτος
965 626 1045 693 εἶναι,
1071 626 1141 680 ἔσται
1166 628 1264 682 πάντων
1296 625 1417 697 ἔσχατος,
1442 627 1486 681 καὶ

148 729 331 783 novissimus,
347 727 376 773 et
390 723 516 773 emulum
528 723 666 776 minister.
842 717 940 769 πάντων
965 719 1088 778 διάκονος.
1121 720 1166 770 35.
1193 716 1240 770 llcl
1262 714 1346 770 latin
1370 716 1494 783 nuttios„

184 816 228 866 35.
244 813 278 862 Et
296 812 439 875 accipiens
460 823 593 875 puerum,
611 815 709 863 statuit
727 823 791 863 eum
842 804 944 872 ἔστησεν
964 807 1025 860 οὔτὸ
1044 805 1069 859 iv
1089 805 1157 876 μέσῳ
1177 804 1268 858 αὐτῶν·
1287 808 1329 860 καὶ
1346 803 1483 872 trapecit-

147 906 176 954 ln
191 901 283 952 medio
299 913 411 963 eorum;
428 902 511 965 quem
527 913 613 963 quum
630 903 791 965 complexus
841 894 946 965 αάμενος
973 896 1045 958 αὐτὸ,
1075 891 1152 946 εἶπεν7
1177 892 1274 959 αὐτοῖς,
1304 898 1349 950 36.
1377 892 1422 955 Ὃς
1454 895 1484 946 ἂν

146 993 235 1050 esset,
260 990 300 1039 ait
319 991 399 1040 illis:
424 989 467 1040 36.
494 988 628 1053 Quisquis
653 1002 738 1040 unum
757 999 791 1037 ex
840 983 867 1036 ἓν
895 991 945 1037 τῶν
972 986 1090 1037 τοιούτων
1119 983 1222 1035 παιδίων
1251 984 1348 1051 δέξηται
1379 980 1419 1037 eu
1449 987 1485 1052 τῷ

146 1078 306 1129 huiusmodi
331 1081 426 1143 pueris
456 1081 596 1141 receperit
625 1081 653 1127 in
678 1077 791 1127 nomine
840 1071 948 1144 ὀνόματί
966 1092 1029 1143 μου,
1052 1069 1096 1142 ua
1118 1071 1233 1142 δέχεται,
1259 1072 1301 1125 καὶ
1328 1075 1355 1135 ὃς
1384 1074 1414 1125 ite
1442 1070 1484 1142 ἐμὲ

149 1178 226 1227 meo,
240 1180 285 1218 me
297 1169 451 1232 reeipitzet
463 1167 633 1231 quicumque
643 1179 688 1217 me
698 1177 790 1215 susce·
841 1163 959 1232 δέχηται,
980 1161 1025 1213 οὖα
1044 1159 1087 1231 ἐμὲ
1110 1161 1223 1228 δέχεται,
1251 1160 1318 1214 ἀλλὰ
1344 1161 1388 1215 τὸν
1415 1160 1480 1214 ἀπο-

146 1256 233 1319 perit,
256 1269 313 1308 non
336 1270 382 1307 me
406 1256 537 1318 suscipit,
565 1256 614 1306 sed
640 1268 719 1314 eum,
743 1254 791 1317 qui
841 1251 974 1304 στείλαντα
993 1269 1035 1321 με.

147 1345 290 1396 misitne.

181 1495 213 1546 In
225 1509 252 1545 ν.
267 1496 300 1547 ie
314 1509 511 1562 παρεπορευοντο
527 1495 580 1549 ΝΑ
594 1490 633 1543 Β3
645 1494 667 1546 C
679 1494 701 1545 L
713 1494 770 1544 Nx
780 1489 826 1541 ΓΔ
845 1507 900 1544 une
914 1495 929 1547 9
950 1494 976 1544 al
994 1496 1068 1545 certe
1088 1495 1159 1558 pler.
1176 1494 1209 1544 In
1224 1507 1252 1544 r.
1279 1493 1312 1544 30
1335 1509 1398 1561 μετα
1418 1509 1484 1561 τρεος

146 1600 237 1652 upupae
250 1583 346 1640 uBC'
357 1586 380 1635 D
391 1581 442 1634 Lu
457 1585 478 1633 it
492 1583 520 1646 pl
535 1595 569 1632 ev
585 1583 659 1642 hier;
678 1598 708 1644 τη
723 1597 792 1650 rpite
807 1598 888 1649 ημερα
900 1584 924 1634 Α
935 1579 973 1635 0³
984 1583 1009 1633 N
1020 1584 1045 1632 x
1056 1579 1106 1631 ru
1122 1596 1176 1633 unc
1192 1582 1208 1634 9
1225 1584 1253 1633 al
1269 1583 1331 1646 pler
1343 1588 1372 1634 et
1386 1595 1477 1634 verse.

146 1672 178 1723 lu
189 1687 217 1724 v.
235 1673 268 1723 ³2
288 1685 352 1723 eum
376 1672 452 1723 domi
466 1679 531 1721 erret
547 1669 597 1735 {uti
621 1669 730 1737 graece)
752 1673 781 1720 in
803 1683 848 1721 ein
860 1670 919 1722 luid
935 1669 1003 1722 hub·
1023 1685 1071 1722 cer
1084 1671 1149 1722 med
1163 1673 1203 1721 mt
1217 1683 1254 1721 ox
1268 1671 1314 1722 vel
1332 1684 1401 1736 corp
1416 1672 1477 1722 herl

145 1762 221 1812 hent.
238 1760 270 1811 ln
281 1775 308 1810 u.
326 1760 358 1810 si
375 1762 430 1812 licii
441 1762 490 1826 fiat
505 1761 631 1810 omnium
644 1761 823 1812 novissimus.
884 1786 887 1792 ·

189 1908 299 1977 Etiam
314 1907 373 1975 hic
387 1908 489 1975 nobis
499 1907 693 1975 ostenditur
705 1906 858 1975 Christus
868 1908 1013 1974 maxime
1031 1914 1216 1998 occupatus
1229 1908 1266 1974 in
1283 1907 1484 1975 erudiendis

143 2015 315 2107 apostolis.
336 2020 442 2081 lmmo
458 2037 526 2104 quo
545 2013 695 2104 quietius
713 2035 770 2080 eos
784 2013 936 2096 doceret,
954 2013 1019 2081 iter
1033 2036 1134 2081 suum
1147 2014 1391 2105 caphernaum
1406 2038 1483 2081 ver·

143 2145 199 2190 sus
216 2122 325 2188 voluit
344 2123 469 2200 latere,
492 2144 524 2185 v.
550 2127 593 2187 29
613 2132 648 2186 et
665 2117 744 2186 inde
763 2120 913 2209 profecti
932 2143 953 2187 e
972 2122 1043 2187 loco
1065 2120 1251 2187 sanationis
1273 2121 1423 2211 quierat
1438 2122 1483 2188 ed

142 2229 273 2296 radices
288 2227 412 2295 montis
423 2227 733 2313 transfigurationis
743 2226 1120 2316 praeter-predictarum·
1133 2227 1349 2310 Galilaeam,
1361 2250 1484 2317 graece

143 2337 334 2404 transibant
349 2355 411 2425 per
425 2333 627 2415 Gahlaeam,
647 2332 682 2399 in
697 2355 777 2400 voce
792 2331 1050 2424 παραπορεύεσθαι
1064 2336 1159 2402 notio
1181 2334 1360 2402 exhibetur
1377 2336 1483 2426 proli-

143 2442 289 2510 ciscendi
304 2441 427 2524 obiter,
441 2441 478 2507 in
495 2445 710 2520 transcursu,
723 2441 771 2507 ita
784 2447 821 2507 ut
833 2441 959 2507 nullibi
974 2441 1110 2528 longior
1124 2440 1184 2509 fiat
1198 2463 1295 2508 more
1309 2440 1367 2530 (cl.
1386 2444 1481 2510 lans.

144 2549 297 2630 Setanz,
315 2547 449 2634 Weiss);
466 2546 525 2614 alii
542 2569 549 2614 :
566 2545 715 2614 adlatus
733 2548 895 2630 transire,
913 2548 1002 2614 clem
1019 2547 1161 2615 transire
1180 2546 1301 2638 (Mald.
1316 2547 1480 2639 Seteqq);

144 2677 263 2722 verum
283 2678 346 2722 vox
361 2654 455 2745 apud
474 2658 555 2719 Lxx
577 2653 833 2743 ponitureliam
854 2677 918 2744 pro
937 2670 997 2723 'hu
1012 2655 1075 2744 (uti
1098 2660 1217 2744 Lamp,
1239 2654 1345 2744 notet)
1367 2660 1400 2723 et
1418 2679 1483 2746 pro

143 2751 216 2850 pn.
231 2764 316 2828 Cum
329 2761 465 2828 dicetur
480 2781 535 2826 eos
553 2761 711 2827 transisse
730 2783 792 2850 per
806 2760 1008 2844 Galilaeam‚
1030 2761 1137 2852 aliqui
1159 2761 1369 2829 contendunt
1389 2768 1483 2830 extre

144 2867 326 2937 Gelilaeem
345 2867 574 2934 reversionem
588 2866 690 2933 luisse
705 2873 878 2958 coeptam,
896 2891 1021 2959 eosque
1040 2891 1078 2934 ex
1093 2869 1168 2935 loco
1182 2872 1277 2935 extre
1297 2869 1481 2937 Galilaeam

143 2996 213 3041 esse
230 2973 399 3063 proiectos
418 2973 554 3061 (Lamp,
578 2971 739 3064 Scheqq).
762 2974 800 3041 ld
824 2976 942 3065 utique
963 2980 1175 3064 sequeretur,
1198 2975 1226 3041 si
1247 2979 1375 3064 llarcus
1398 2976 1481 3042 seri-

145 3081 242 3148 beret
269 3103 332 3170 pro
358 3079 400 3146 iis
422 3080 482 3169 qui
505 3080 685 3166 regionem
714 3080 883 3149 Galilaeae
906 3082 1033 3170 optime
1055 3081 1226 3147 heberent
1249 3086 1480 3171 perspectam,

144 3210 254 3277 neque
268 3195 401 3267 tamen,
418 3186 446 3252 si
460 3187 625 3253 Romanis
639 3185 792 3254 indicere
804 3186 911 3253 voluit
925 3188 1040 3277 quoin
1056 3187 1264 3255 Palaestinae
1280 3192 1393 3255 tractu
1405 3211 1482 3255 ver·

143 3300 234 3361 setus
245 3295 304 3376 sit;
317 3316 379 3360 nec
392 3291 739 3382 uolebatquemquam
749 3293 847 3374 scire,
860 3294 944 3359 utin
957 3300 1085 3360 secreto
1096 3278 1216 3360 docer'e
1225 3299 1337 3383 posset
1350 3301 1483 3384 aposto·

144 3402 211 3486 los,
227 3400 518 3490 quemadmodum
531 3396 608 3465 Alb.
626 3399 720 3465 dicit.
739 3399 843 3488 ldque
856 3404 962 3481 recte,
982 3422 1059 3466 nam
1079 3400 1232 3488 sequitur
1248 3387 1409 3463 stiuam
1424 3398 1483 3490 γάρ

144 3530 175 3575 v.
199 3513 240 3574 30
266 3504 408 3573 docebat
426 3518 541 3571 autem
561 3503 745 3595 discipulos
767 3527 845 3572 suos
864 3519 897 3572 et
920 3504 1052 3572 dicebat
1078 3505 1144 3571 illis
1165 3528 1176 3572 :
1196 3507 1359 3595 quoniam
1378 3508 1483 3575 Filius

150 3613 296 3680 hominis
317 3611 472 3679 tradetur
485 3612 521 3677 in
541 3633 663 3678 manus
677 3612 855 3678 bominum
870 3625 902 3679 et
917 3612 1069 3679 occident
1083 3635 1161 3679 eum
1184 3625 1217 3679 et
1235 3613 1363 3681 occisus
1382 3615 1484 3682 tertia

145 3719 198 3787 die
218 3732 387 3809 resurqet;
406 3741 468 3808 per
496 3715 582 3783 illud
606 3717 672 3784 iter
695 3718 830 3807 saepius
852 3740 908 3786 eos
933 3718 1093 3801 docebat,
1110 3719 1242 3808 saepius
1266 3718 1308 3786 de
1330 3721 1483 3810 passione

144 3847 336 3894 sermonem
356 3823 542 3906 inferebat,
560 3825 610 3889 nti
624 3812 803 3907 ἐδίδασκεν,
820 3821 921 3914 ἔλεγεν
939 3825 1085 3907 indicat;
1102 3847 1209 3915 quare
1227 3832 1305 3916 apte
1327 3827 1483 3895 redditur

145 3934 247 4015 ratio,
274 3956 337 3999 eur
360 3931 490 3998 occulte
514 3930 633 3997 lecerit
652 3931 729 4009 iter,
751 3954 861 4020 neque
883 3931 1065 3999 dicendum
1085 3937 1134 3998 esi
1154 3954 1232 3999 cum
1253 3932 1360 4000 Mald.
1387 3935 1482 4023 quod

145 4040 296 4108 Christus
310 4046 392 4106 tune
402 4037 537 4104 dicebat
547 4037 728 4126 apostolis,
744 4061 814 4105 uno
825 4044 885 4105 aut
896 4038 1084 4128 plurimum
1098 4038 1207 4105 tribus
1216 4039 1339 4106 dixisse
1353 4039 1480 4124 verbis3

146 4169 252 4237 quare
262 4148 300 4213 in
315 4169 347 4212 v.
361 4153 403 4213 30
415 4167 482 4211 non
491 4165 586 4233 posse
602 4143 701 4210 reddi
714 4167 852 4212 eausam
871 4147 1001 4213 itineris
1015 4145 1154 4227 occulti,
1172 4145 1232 4212 sed
1246 4146 1481 4236 quaerendam

146 4276 215 4321 esse
230 4253 349 4334 aliam,
362 4281 378 4315 κ
395 4252 476 4342 quia
485 4252 795 4341 tempuspassionis
802 4253 1105 4343 appropinquabat
1117 4252 1320 4342 volebatque
1329 4253 1481 4343 patiendi

147 4383 246 4434 eausa
257 4359 464 4428 contendere
481 4358 979 4449 lerosolymamverebeturque
990 4381 1032 4425 ne
1045 4359 1073 4425 si
1088 4360 1224 4447 agnitus
1237 4359 1353 4425 luisset
1364 4382 1482 4427 omnes

146 4466 192 4534 ad
212 4489 290 4534 eum
303 4466 455 4556 undique
466 4471 503 4531 nt
521 4465 677 4531 solebant
690 4466 820 4533 incolae
841 4472 1082 4533 concurrerent
1101 4473 1134 4532 et
1145 4471 1205 4532 ant
1217 4465 1385 4533 habendis
1398 4489 1482 4532 con-

86 4611 90 4616 ·
145 4572 298 4641 cionihus
314 4580 373 4640 aut
395 4572 620 4639 daemonibus
637 4572 811 4639 eiiciendis
827 4580 887 4640 aut
905 4573 1065 4640 curandis
1088 4573 1237 4660 aegrotis
1256 4594 1327 4638 sese
1347 4571 1482 4639 detine-

147 4686 223 4748 rent
241 4708 271 4746 ».
287 4686 328 4747 At
341 4679 383 4746 de
397 4680 463 4746 hec
484 4701 586 4746 cause
606 4678 693 4745 nihil
707 4678 847 4762 dicitur;
861 4702 942 4768 ergo
959 4680 1164 4746 retineamus
1176 4701 1252 4746 eam
1267 4701 1355 4768 quae
1368 4681 1483 4770 expri-

148 4788 264 4856 mitur.

190 4894 351 4964 lliraculo
371 4899 506 4984 patrato
522 4896 647 4961 iterum
666 4914 859 4960 sermonem
878 4893 980 4959 insert
996 4892 1039 4960 de
1055 4893 1226 4983 passione,
1247 4897 1285 4959 ut
1305 4917 1347 4960 ne
1363 4899 1483 4985 putent
