3960 5654
82 524 84 528 Α
184 470 247 532 198

180 627 437 692 commemorat.
451 626 489 687 Et
500 625 613 688 tantae
624 622 703 690 fidei
718 632 751 692 et
763 620 948 690 humilitati
964 623 1112 691 Christus
1122 645 1191 689 non
1205 624 1508 714 negatpraemium

182 753 214 798 v.
232 738 275 800 29
295 742 326 797 et
337 729 386 794 alt
399 727 453 794 illi
469 750 481 794 .·
496 742 637 818 propter
652 731 742 798 bacae
752 750 939 798 sermonem
956 730 1051 810 eade,
1071 730 1152 798 exiit
1163 729 1380 798 daemonium
1395 752 1417 796 a
1431 731 1509 818 filla

180 850 257 917 tua,
273 835 434 903 cumscil.
451 857 563 902 sermo
575 860 736 926 maguam
750 837 852 903 fidem
867 842 900 902 ct
911 836 1124 905 devotionem
1140 835 1284 920 indicet,
1303 846 1339 906 ut
1350 837 1428 905 Ala.
1446 836 1506 920 ait;

180 965 284 1035 quam
304 941 405 1008 fidem
429 965 468 1009 eo
484 965 619 1034 quoque
644 947 766 1012 mulier
786 945 910 1009 iterum
930 945 1148 1036 comprobat,
1168 944 1250 1032 quia
1271 945 1380 1013 credit
1399 950 1508 1012 lesum

103 1124 106 1131 ,
179 1055 291 1118 tautae
304 1072 375 1116 esse
386 1051 558 1140 potentiae
571 1061 606 1119 ut
616 1054 737 1120 absens
752 1051 822 1120 solo
836 1051 1015 1119 voluntatis
1027 1058 1111 1119 nutu
1126 1049 1326 1117 daemonem
1339 1052 1504 1143 expellat;

179 1180 210 1223 v.
232 1163 273 1224 30
294 1170 325 1223 et
341 1179 417 1224 cam
437 1155 572 1225 abzi'sset
589 1159 729 1226 domam
748 1180 862 1240 suam,
889 1159 1017 1226 invenlt
1037 1158 1190 1249 puellam
1217 1158 1384 1226 iacentem
1404 1182 1508 1250 supra

178 1264 321 1346 lectum,
342 1264 473 1355 placide
497 1267 613 1356 itaque
634 1267 881 1355 quiescentem,
899 1281 932 1332 et
956 1265 1172 1333 daemanzam
1197 1265 1330 1347 ealissc,
1355 1265 1388 1331 id
1416 1266 1509 1357 quod

180 1393 219 1438 cx
231 1371 291 1440 illa
307 1374 419 1462 quiete
435 1372 502 1439 iam
516 1371 672 1440 concludi
689 1377 821 1461 poterat
838 1381 871 1439 et
890 1373 1048 1463 deinceps
1066 1378 1134 1440 toto
1159 1373 1291 1465 puellae
1308 1372 1426 1440 habitu
1450 1396 1509 1464 pa·

182 1478 284 1547 lebat.

223 1587 382 1677 Discipuli
402 1587 467 1653 hoc
484 1595 610 1655 eventu
628 1587 794 1655 docentur
804 1588 969 1656 beneficia
985 1587 1150 1655 messiana
1165 1589 1276 1678 primo
1290 1586 1421 1655 ludaeis
1436 1610 1509 1656 esse

179 1694 356 1762 offerenda
372 1701 405 1762 et
421 1700 527 1761 lesum
547 1695 636 1762 hanc
650 1695 767 1784 populi
786 1695 885 1763 electi
900 1694 1105 1782 dignitatem
1124 1716 1309 1782 agnoscere
1326 1702 1360 1762 et
1379 1696 1508 1763 servari

179 1802 283 1884 velle;
301 1802 442 1892 proinde
455 1802 520 1892 ipsi
530 1822 667 1892 quoque
677 1801 916 1883 admonentur,
934 1810 970 1868 ut
979 1823 1041 1892 pro
1057 1803 1126 1869 suis
1140 1802 1364 1893 popularibus
1372 1807 1509 1871 strenue

179 1909 336 1977 laborent
351 1931 468 1976 eorum
484 1909 628 1976 salntem
650 1908 757 1975 modis
775 1910 935 1976 omnibus
955 1915 1194 1999 procurantes,
1216 1909 1308 1998 quod
1325 1909 1508 1978 documen-

179 2022 253 2083 tum
281 2021 314 2083 S.
340 2016 462 2083 l‘aulas
489 2017 661 2107 praeclare
685 2016 874 2083 aemulatus
894 2024 944 2083 est
964 2017 1076 2105 (ltom.
1100 2023 1155 2098 9,l
1181 2038 1251 2106 seq.
1280 2024 1333 2097 11,
1360 2024 1410 2084 13.
1437 2018 1506 2106 lt).

178 2123 409 2191 simulantem
424 2123 639 2191 discuntfide
658 2125 691 2190 iu
707 2128 814 2191 lesum
828 2131 947 2211 gentes
961 2146 1097 2214 quoque
1118 2123 1241 2210 dignas
1260 2123 1360 2191 reddi
1380 2125 1506 2214 quihus

179 2231 344 2299 beneficia
360 2238 585 2322 praestentur,
605 2230 739 2298 discunt
757 2230 840 2320 quid
857 2232 967 2299 valeat
989 2230 1088 2311 fides,
1110 2253 1187 2297 cum
1210 2253 1249 2298 ea
1271 2254 1292 2297 a
1315 2236 1388 2299 lesu
1409 2232 1507 2323 quasi

176 2340 280 2407 invito
303 2339 469 2406 miracula
488 2339 729 2428 impetrentur;
751 2345 897 2405 cernunt
918 2339 952 2404 in
975 2338 1116 2406 muliere
1135 2338 1259 2426 gentili
1275 2338 1378 2406 talem
1399 2339 1503 2406 fidem

179 2452 212 2514 et
226 2447 472 2529 humilitatem,
490 2446 572 2512 dum
583 2445 675 2535 apud
690 2446 818 2513 scribas
832 2451 865 2511 et
881 2445 1074 2535 pharisaeos
1088 2445 1278 2530 fastidium,
1293 2447 1504 2536 superbiam,

178 2554 373 2621 iuimicitias
384 2556 417 2621 in
433 2560 540 2621 lesum
553 2575 620 2621 non
639 2560 776 2644 possunt
786 2575 853 2619 non
869 2552 1056 2620 advertere.
1068 2551 1161 2620 Unde
1177 2575 1216 2619 ea
1231 2575 1369 2644 quoque
1383 2561 1508 2622 eventu

179 2662 283 2729 verba
304 2668 377 2730 lesu
399 2663 612 2729 illustrantur
636 2684 643 2729 :
664 2683 730 2728 non
758 2661 872 2727 inveni
892 2665 1018 2727 tantam
1032 2660 1134 2728 fidem
1149 2661 1184 2726 in
1203 2660 1321 2744 lsrael;
1342 2662 1442 2749 multi
1462 2662 1506 2729 ab

177 2769 307 2837 criente
322 2776 355 2836 et
369 2769 545 2837 occidente
561 2769 696 2836 venient
716 2775 749 2835 et
768 2768 965 2835 recumbent
980 2767 1014 2834 in
1036 2787 1141 2855 regno
1158 2767 1346 2852 coelorum,
1365 2769 1426 2837 filii
1443 2792 1507 2837 au-

176 2884 245 2943 tem
264 2879 360 2964 regni
377 2878 553 2945 eiicientur
572 2877 608 2942 in
627 2876 785 2943 tenebras
799 2877 984 2942 exteriores
994 2875 1119 2965 (llatth.
1136 2876 1306 2964 &lo-12).

224 3098 332 3161 lesum
352 3092 479 3159 diutius
503 3093 537 3157 in
559 3091 698 3177 regione
714 3091 893 3177 gentilium
919 3097 1013 3157 extra
1034 3090 1216 3158 Galilaeam
1241 3096 1412 3158 versatum
1436 3114 1507 3159 esse

177 3202 331 3291 adeoque
356 3223 417 3289 per
440 3197 579 3288 aliquod
601 3205 734 3286 tempus
761 3219 796 3263 se
818 3198 1023 3264 subtraxisse
1049 3197 1198 3264 invidiae
1222 3199 1504 3287 pharisaeorum,

178 3310 281 3377 etiam
292 3315 433 3398 patetex
453 3307 574 3372 itinere
591 3305 664 3371 eius
679 3304 771 3393 quod
787 3309 912 3372 llarcus
926 3304 1088 3372 describit
1104 3328 1135 3372 v.
1151 3312 1191 3372 31
1208 3318 1240 3371 et
1257 3305 1379 3371 lteram
1395 3305 1507 3372 exiens

177 3415 219 3484 de
237 3415 364 3504 limbus
382 3415 520 3503 Tynlet
535 3413 677 3493 iterum,
695 3412 738 3477 cl.
759 3434 788 3476 v.
810 3418 871 3494 filu
892 3413 966 3478 aliis
986 3411 1191 3502 quandoque
1209 3414 1322 3502 placet
1336 3414 1503 3500 iungere:

178 3524 345 3591 etiterum
363 3523 454 3588 venit
467 3520 511 3587 ad
524 3542 618 3586 mare
633 3519 815 3607 Galilaeae)
826 3519 916 3585 uenit
923 3542 988 3610 pei·
1000 3518 1160 3588 Stilonem
1170 3518 1218 3586 ad
1223 3542 1317 3586 mare
1333 3519 1507 3588 Galilaeae

179 3629 492 3717 intermediasfines
505 3625 711 3716 Decapoleas
719 3647 732 3708 ;
742 3648 834 3693 mare
843 3626 915 3693 scil.
932 3627 1100 3695 Galilaeae
1111 3629 1334 3694 esttermiuus
1347 3628 1392 3694 ad
1404 3650 1506 3716 quem

179 3738 289 3806 tendit
314 3737 525 3804 iterfaciens
547 3757 608 3823 per
627 3734 788 3801 Sidonem
810 3740 842 3800 et
866 3740 1094 3823 pertractum
1117 3736 1328 3823 Decapoleos.
1346 3735 1443 3801 Proin
1464 3734 1507 3802 de

180 3847 305 3913 finibus
330 3845 408 3932 Tyri
430 3841 580 3933 perrexit
603 3840 779 3918 Sidoncm;
806 3840 903 3907 lectio
922 3830 977 3903 διὰ
995 3829 1127 3914 Σιδῶνος
1144 3842 1344 3909 auctoritate
1370 3842 1506 3909 testium

179 3953 363 4021 retineatur
376 3956 524 4040 oportet,
543 3946 634 4037 quod
654 3948 688 4013 in
708 3953 801 4013 textu
824 3955 960 4038 recepto
977 3950 1101 4035 legitur
1116 3949 1207 4036 (eum
1227 3949 1270 4015 dc
1284 3949 1412 4015 finibus
1429 3950 1506 4036 Tyri

178 4068 213 4129 et
224 4061 357 4129 Sidonis
368 4058 509 4145 exiisse),
523 4056 630 4122 solum
648 4054 896 4122 conformatum
909 4061 958 4123 est
969 4055 1013 4123 ad
1028 4079 1059 4122 v.
1072 4061 1128 4137 fit,
1143 4056 1191 4122 uti
1201 4062 1355 4146 apparet,
1368 4056 1508 4124 fortasse

179 4171 261 4258 quia
273 4169 398 4234 mirum
414 4164 593 4231 videbatur
607 4167 716 4228 lesum
726 4161 888 4229 Sidonem
898 4185 968 4229 esse
979 4162 1183 4250 ingressum.
1197 4163 1261 4230 Sed
1270 4185 1335 4253 per
1344 4162 1506 4232 Sidonem

178 4276 221 4344 de
241 4277 315 4366 ipsa
335 4273 419 4340 urbe
441 4269 631 4356 intelligere
651 4275 800 4357 oportet,
824 4271 871 4335 uti
893 4270 1047 4358 sequitur
1068 4293 1107 4337 ex
1126 4270 1338 4361 oppositione
1356 4270 1399 4337 ad
1421 4272 1507 4359 fines

179 4385 273 4472 Tyri3
292 4405 398 4472 quare
414 4379 636 4446 arbitrarium
654 4382 704 4442 est
718 4397 796 4441 cum
817 4377 926 4444 caan.
950 4377 1014 4443 Fil.
1030 4377 1143 4445 dicere
1162 4401 1240 4444 eom
1256 4400 1325 4445 non
1340 4401 1401 4468 per
1413 4377 1507 4447 Sido·
1637 4447 1638 4450 ,

179 4513 276 4573 nem,
293 4490 350 4556 sed
364 4511 424 4578 per
443 4487 515 4553 eius
534 4485 626 4551 urbis
646 4484 730 4549 fines
750 4483 931 4550 transiisse.
955 4483 1117 4552 hSidone
1132 4508 1194 4576 per
1209 4485 1375 4553 Libanum
1392 4493 1424 4553 et
1439 4491 1506 4552 hn-

178 4598 361 4666 tilibanum
384 4601 511 4661 montes
527 4593 695 4683 prolectas
713 4597 762 4656 est
776 4591 812 4656 in
828 4592 1002 4677 regionem
1019 4591 1309 4683 decapolitanam;
1325 4623 1339 4654 a
1357 4592 1506 4682 decapo-

181 4706 286 4772 litana
300 4704 393 4789 regio
407 4725 427 4767 a
443 4722 583 4768 numero
594 4698 815 4789 oppidorum,
831 4697 866 4763 in
883 4719 952 4787 quo
963 4721 1031 4765 non
1044 4722 1160 4767 omues
1176 4699 1296 4768 eadem
1311 4700 1504 4783 observant,

179 4813 366 4903 plurimum
378 4816 491 4875 mmen
502 4813 712 4886 llamascunr,
726 4804 1014 4895 Philadelphiam,
1029 4808 1241 4897 llapbanam,
1256 4807 1503 4896 scythopolim,

179 4918 325 4998 Gadara,
357 4917 504 5005 llippon,
538 4915 635 5002 Dion,
669 4913 811 4994 l’ellanr,
840 4912 991 4979 Galasam
1020 4914 1243 5002 (Gerasam‘l),
1271 4913 1456 4981 Canatham
1487 4944 1500 4973 »
