3960 5654
1328 119 1332 125 .
1482 114 1487 124 «
1501 122 1505 131 ,
1632 128 1635 133 .

658 156 664 163 ¹
1012 138 1051 169 ιη’,
1077 135 1142 173 &⁴⁸⁴¹
1177 133 1316 172 tsi-issimi:
1339 132 1486 175 :ffb-*sna
1504 145 1566 169 *5¹⁷⁴*
1583 149 1590 176 'D
1620 144 1640 165 ⁶·-
1667 148 1682 160 “’
1704 135 1732 165 '⁶'
1766 138 1816 167 ''¹st

666 172 670 179 ·
690 182 703 191 -
740 187 743 195 -
757 200 763 207 .
811 194 816 202 .
862 175 880 211 ·.
1063 174 1098 212 ;-.
1115 152 1400 226 atas-2<neat-sss.
1411 156 1675 228 cretiana-:tar
1699 170 1777 228 =,·.‚,„;·

1164 236 1168 241 ⁴
1226 218 1229 225 ·
1257 234 1274 242 ,ι
1317 242 1319 246 ‚
1373 246 1376 257 1
1410 250 1413 255 ,
1456 222 1492 239 .ι,·
1557 219 1608 260 ἐξ.»
1631 218 1656 239 ,··
1730 235 1734 244 Ι
1802 215 1823 242 ¹„

1554 260 1559 269 ,
1600 261 1602 265 .
1624 260 1628 265 .

385 543 425 603 66
910 556 1001 599 aruc.
1026 539 1054 608 l,
1078 537 1183 596 u-ts.

386 694 456 759 eius
466 691 647 780 praecepta
656 693 794 770 ageret:
807 687 977 766 sedoade,
994 684 1129 752 ostende
1148 699 1179 754 te
1184 687 1339 778 principi
1348 687 1573 762 sacerdotum,
1585 690 1631 764 τῷ
1644 681 1716 771 ἱερεῖ

383 792 566 870 sacerdoti,
584 790 627 855 de
643 793 799 885 principe
814 794 1028 862 sacerdotum
1052 813 1120 856 non
1138 794 1176 860 fit
1190 795 1318 862 mentio
1337 793 1372 859 in
1388 794 1482 881 lege,
1503 789 1584 856 sed:
1602 788 1712 856 addu-

383 911 479 970 cetur
498 897 541 963 ad
559 898 768 968 sacerdotem
785 902 877 989 (Lev.
901 905 996 980 n,a;
1018 897 1093 962 vide
1113 898 1189 968 leot.
1213 900 1301 988 var.)
1317 912 1350 964 et
1363 901 1451 989 asser
1464 919 1529 990 pro
1543 893 1712 962 emanda-

384 1007 473 1073 tione
491 1017 552 1070 taa
568 1027 658 1094 qaae
675 1009 850 1097 praecepit
868 1009 1018 1094 Moyses,
1036 1004 1108 1070 scil.
1132 1012 1207 1074 Lev.
1226 1012 1305 1089 nn
1328 1009 1406 1086 eta,
1429 1007 1465 1073 in
1484 1001 1712 1072 testimoninm

382 1110 469 1193 aaa
483 1112 532 1177 ita
541 1113 633 1180 enim
648 1137 689 1182 ex
701 1114 777 1200 lege
789 1111 1031 1178 restituebatur
1042 1115 1245 1181 auctoritate
1261 1109 1460 1178 sacerdotali
1473 1133 1551 1178 cum
1567 1133 1587 1178 a
1601 1129 1711 1176 sacer-

382 1217 459 1284 dote
480 1221 552 1285 eius
580 1221 711 1287 sanatio
734 1224 820 1284 esset
843 1217 978 1302 agnita,
1005 1221 1209 1287 commercio
1233 1240 1274 1285 ac
1299 1217 1451 1283 societati
1480 1218 1658 1284 hominum
1679 1219 1713 1281 et

383 1324 594 1393 liberabatur
607 1327 651 1392 ab
662 1348 702 1391 ea
714 1323 899 1390 seclusione
914 1324 957 1390 ad
973 1348 1076 1414 quam
1089 1325 1215 1416 leprosi
1230 1329 1327 1391 crant
1342 1323 1483 1391 redacti.
1500 1324 1584 1400 Quia
1596 1324 1713 1411 itaque

381 1431 533 1521 leprosus
551 1433 608 1499 ille
626 1439 663 1497 ut
681 1431 758 1496 talis
778 1436 875 1496 notus
890 1439 979 1512 erat,
997 1435 1146 1523 oportuit
1160 1439 1198 1497 ut
1217 1430 1446 1497 declaratione
1464 1428 1649 1496 sacerdotis
1667 1428 1714 1496 ad

382 1539 485 1606 vitam
502 1561 580 1606 cum
596 1537 672 1604 aliis
692 1558 910 1604 communem
925 1538 1165 1605 admitteretur
1185 1537 1241 1625 (cf.
1269 1538 1350 1604 Vict.
1375 1534 1712 1625 rteopt.).1nsuper

380 1652 522 1713 eventus
540 1645 598 1711 ille
620 1644 742 1709 eratin
757 1645 990 1711 testimonium
1010 1667 1073 1733 pro
1087 1642 1334 1728 sacerdotibus,
1350 1643 1553 1711 adversariis
1570 1641 1709 1722 Christi,

379 1755 484 1818 lesum
508 1771 577 1816 non
608 1771 680 1816 esse
701 1755 968 1840 contemptorem
999 1750 1099 1836 legis3
1132 1751 1244 1839 ipsum
1270 1772 1352 1817 vero
1380 1749 1583 1816 miraculum
1612 1769 1712 1814 sana-

378 1857 479 1924 tionis
509 1855 700 1924 testabatur
726 1877 805 1923 eum
834 1879 905 1923 esse
934 1857 1075 1923 missum
1099 1864 1133 1922 et
1150 1858 1379 1947 approbatum
1401 1879 1422 1923 a
1443 1860 1528 1938 lte03
1559 1853 1636 1920 vide
1666 1854 1712 1921 ad

377 1964 491 2031 Matth.
510 1969 580 2046 8,t.
626 1960 634 1972 ”

422 2075 585 2160 Leprosus
609 2076 725 2136 autem
749 2091 832 2160 prae
856 2068 986 2158 gaudio
1014 2077 1047 2135 et
1073 2071 1164 2157 grati
1192 2070 1299 2137 animi
1323 2069 1445 2138 affectu
1465 2067 1712 2135 beneficiuma

380 2181 638 2265 lesuaccoptum
654 2176 788 2243 silentio
798 2198 955 2266 premere
966 2178 1100 2265 nequit;
1115 2200 1147 2244 v.
1164 2184 1205 2245 ts
1216 2175 1319 2244 atille
1331 2175 1602 2267 opressascoepit
1609 2196 1710 2265 prae-

378 2282 491 2350 dicare
506 2282 695 2371 (celebrare
715 2282 877 2371 multum)
892 2296 926 2349 et
944 2282 1130 2371 diffamare
1140 2304 1329 2350 sermonem
1343 2281 1395 2346 τὸν
1407 2282 1516 2371 λόγον,
1533 2289 1624 2351 certe
1642 2303 1710 2348 non

377 2390 420 2457 de
442 2390 522 2457 solis
548 2390 673 2457 Christi
697 2389 836 2457 verbis:
863 2390 957 2472 volo,
986 2390 1172 2473 mundare,
1201 2389 1328 2457 dicitur
1351 2386 1540 2482 Ιιίοόλόγος
1555 2388 1619 2477 (uti
1640 2387 1710 2454 dici

377 2497 499 2564 volunt
517 2498 598 2564 Vict.
614 2497 721 2565 nott.
744 2494 929 2585 Vollanar),
943 2496 1002 2563 sed
1012 2495 1159 2584 intelligi
1176 2502 1309 2587 oportet
1322 2497 1438 2564 salutis
1452 2503 1612 2587 acceptae
1628 2516 1709 2562 nar-

377 2607 560 2688 rationem,
577 2603 630 2671 vel
645 2627 653 2673 :
672 2603 865 2689 divulgavit
876 2625 963 2682 rem,
977 2604 1024 2669 ita
1039 2609 1077 2669 ut
1089 2600 1179 2693 λόγος
1197 2602 1405 2671 adhiheatur
1418 2603 1710 2694 quemadmodum

376 2726 435 2806 ini
450 2711 507 2800 (cf.
531 2710 639 2778 Mald.
662 2710 772 2779 Calin.
789 2709 939 2791 Schanz,
962 2708 1056 2797 Fit).
1077 2714 1117 2778 ut
1135 2716 1265 2799 quanta
1288 2709 1369 2778 inde
1389 2711 1509 2800 populi
1528 2708 1710 2779 commotio

377 2825 451 2885 orte
465 2820 524 2899 sit,
542 2818 703 2900 retertur,
719 2817 768 2884 ita
783 2817 901 2883 utiam
912 2839 982 2883 non
996 2830 1108 2907 posset
1118 2818 1297 2906 manifeste
1312 2816 1450 2884 introire
1469 2818 1709 2900 intinitatem,

376 2923 525 3013 sedsoris
539 2924 575 2990 in
584 2924 722 2992 desertis
733 2924 814 2992 loeis
828 2937 912 2990 esset
925 2935 958 2990 et
971 2923 1214 2991 conveniebant
1226 2923 1275 2991 ad
1284 2944 1362 2990 eum
1379 2923 1550 3015 andiqae;
1559 2925 1711 2992 Christus

376 3031 492 3120 itaque
507 3053 542 3098 se
558 3032 679 3120 recipit
695 3032 731 3096 in
741 3032 898 3117 regiones
913 3031 1098 3114 solitarias,
1114 3030 1164 3097 ibi
1177 3053 1240 3120 per
1256 3030 1396 3120 aliquod
1406 3037 1541 3122 tempus
1554 3036 1710 3098 versatur

376 3144 410 3204 et
430 3137 548 3205 turbas
563 3159 652 3227 quae
667 3136 821 3226 undique
835 3137 878 3204 ad
894 3159 973 3203 eum
993 3138 1168 3204 confluunt
1180 3137 1289 3205 docet.
1307 3140 1390 3205 Cum
1404 3137 1560 3227 leprosus
1578 3139 1710 3227 impetu

376 3245 467 3330 grati
495 3244 602 3310 animi
629 3242 837 3310 beneficium
862 3249 893 3309 et
917 3243 1170 3310 benefactorem
1194 3249 1312 3311 notum
1333 3245 1474 3329 faceret,
1505 3245 1708 3334 plerumque

376 3372 455 3417 eum
475 3351 519 3418 ab
545 3351 778 3418 inobedientia
799 3355 970 3416 excusant.
995 3354 1131 3416 Poterat
1153 3350 1255 3417 etiam
1279 3350 1481 3418 intellexisse
1508 3350 1709 3418 mandatum

379 3456 499 3524 Christi
514 3459 626 3524 solum
642 3456 772 3540 valere,
789 3455 898 3523 donec
911 3478 946 3522 se
965 3455 1132 3523 sacerdoti
1154 3458 1272 3523 sistens
1285 3457 1329 3524 ab
1351 3481 1391 3524 eo
1414 3463 1500 3525 esset
1518 3457 1710 3526 declaratus

380 3563 543 3647 muudus;
566 3585 670 3654 quem
688 3584 824 3630 sensum
847 3563 953 3630 verba
973 3584 982 3631 ε
1005 3564 1134 3631 nemini
1157 3563 1296 3646 dixeris,
1313 3564 1374 3631 sed
1394 3563 1479 3632 vade
1497 3568 1564 3632 etc.
1580 3564 1708 3632 hahere

377 3677 528 3761 possunt.
553 3674 711 3738 Ceterum
726 3674 820 3760 patet
833 3692 902 3736 non
921 3671 1070 3760 potuisse
1084 3692 1220 3761 prorsus
1232 3671 1340 3738 latere
1356 3693 1434 3738 eum
1450 3693 1521 3738 esse
1535 3677 1707 3741 sanatum.

666 3895 695 3952 Ξ.
721 3891 964 3952 Pharisaeorum
986 3893 1019 3952 ia
1040 3893 1141 3953 Iesum
1162 3891 1266 3954 odiam
1287 3896 1415 3970 abab.

419 4097 503 4158 [tum
524 4089 648 4156 turbae
669 4093 777 4155 lesum
797 4088 1024 4156 admiratione
1046 4096 1310 4180 prosequuntur,
1331 4091 1462 4158 scribae
1485 4096 1520 4159 et
1535 4093 1706 4182 pharisaei

371 4197 544 4265 iuvidiaet
553 4195 728 4263 simultate
742 4194 780 4261 in
790 4217 868 4261 eum
878 4195 1113 4263 exardescunt.
1127 4198 1337 4265 Manifestant
1351 4198 1422 4265 scil.
1433 4197 1584 4265 indolem
1598 4222 1706 4289 regno

374 4304 540 4371 messiano
557 4303 659 4392 plane
672 4300 864 4369 adversam.
884 4306 989 4369 Duces
1000 4304 1120 4394 populi
1135 4326 1213 4370 cum
1228 4305 1311 4372 tales
1323 4305 1404 4387 siut,
1422 4306 1528 4372 immo
1543 4329 1621 4374 cum
1636 4306 1706 4375 iam

372 4433 412 4478 eo
424 4409 699 4500 progrediantur,
717 4416 755 4474 ut
768 4408 810 4475 de
821 4413 894 4474 lesu
905 4408 1165 4498 perdendocum
1180 4410 1374 4478 herodianis
1384 4411 1563 4481 consilium
1572 4413 1703 4496 ineant,

372 4518 457 4584 tristi
479 4518 661 4607 praesagio
685 4516 843 4583 innuitur
863 4537 983 4582 eorum
1009 4519 1228 4606 perversitate
1249 4519 1321 4586 tore
1340 4525 1378 4585 ut
1395 4519 1535 4587 demum
1558 4520 1706 4611 populus

370 4625 484 4692 Massia
498 4623 622 4690 reiecto
641 4647 662 4691 a
688 4628 754 4691 lieo
773 4623 986 4713 reprobetur.
1015 4625 1232 4714 -Exemplis
1250 4625 1360 4694 allatis
1378 4627 1589 4715 evangelista
1607 4628 1705 4697 docet

372 4753 460 4821 quae
474 4730 565 4796 bona
578 4730 715 4798 Messias
733 4731 898 4797 allaturus
917 4731 974 4812 sit,
990 4732 1221 4798 remissionem
1233 4732 1312 4811 scil.
1322 4740 1557 4824 peccatorum,
1575 4758 1702 4803 novum

371 4836 511 4921 foedus,
524 4836 746 4904 abolitionem
759 4838 833 4925 iugi
848 4838 1000 4905 ascribis
1009 4839 1135 4929 populo
1147 4839 1306 4929 impositi.
1319 4842 1438 4907 Divina
1452 4847 1566 4909 autem
1579 4844 1702 4911 Christi

374 4952 496 5014 natura
509 4945 763 5012 demonstratur
782 4968 822 5013 eo
844 4945 937 5036 quod
956 4952 1096 5036 peccata
1111 4947 1252 5014 remittit
1270 4954 1303 5015 et
1320 4948 1496 5017 dominum
1515 4950 1648 5018 sabbati
1668 4973 1704 5020 se
