3960 5654
949 354 1039 399 mac.
1064 342 1092 410 i,
1117 344 1166 402 λθ.
1666 344 1720 404 ¹2¹

389 493 456 561 sint
470 490 607 563 inutiles
616 488 661 554 ad
674 488 790 578 fruges
802 487 1017 579 gignendos?
1031 494 1140 567 Quare
1152 512 1192 556 ex
1202 490 1368 579 parabola
1381 512 1508 580 paucos
1520 509 1590 557 esse
1601 489 1723 559 electos

388 603 577 669 nullatenus
599 601 828 687 consequitur.
847 602 871 663 E
888 600 1022 677 contra,
1041 598 1068 662 si
1087 598 1203 663 liceret
1218 596 1355 682 singula
1370 618 1527 685 quaeque
1542 596 1585 663 ad
1607 596 1723 685 expla-

389 710 561 774 nationem
582 705 781 783 transierre,
806 699 989 768 dicendum
1012 709 1115 783 esset,
1136 701 1222 767 sicut
1241 702 1277 767 in
1295 702 1424 766 semine
1443 703 1596 769 iaciendo
1614 722 1725 792 pauca

387 835 495 900 grana
507 807 630 875 cadant
641 811 676 875 iu
688 808 757 889 via,
771 807 869 874 sicuti
882 827 965 892 ager
975 809 1162 874 seminetur
1174 807 1234 896 qui
1245 807 1349 894 longe
1363 807 1512 873 maxima
1525 815 1622 897 parte
1632 814 1726 874 terra

388 920 466 986 satis
492 916 582 981 bona
605 922 752 996 constet,
779 917 826 980 ita
847 912 933 993 iore,
960 921 996 980 ut
1017 914 1122 998 longe
1144 914 1300 1002 plerique
1329 913 1583 1003 praedieatione
1607 912 1724 981 audita

387 1026 536 1091 fructum
558 1023 713 1089 allerunt.
737 1026 859 1086 Verum
881 1028 1042 1086 neutrum
1063 1041 1102 1085 ex
1126 1018 1292 1107 parabola
1314 1019 1434 1106 colligi
1458 1041 1555 1107 posse
1576 1017 1721 1102 videtur,

387 1150 466 1195 cum
487 1129 649 1219 parabola
666 1148 732 1193 non
754 1132 968 1216 proponatur
984 1125 1029 1192 ad
1052 1146 1234 1191 numerum
1257 1126 1408 1214 aliquem
1430 1125 1645 1191 credentium
1667 1125 1723 1191 vel

388 1257 457 1301 non
479 1235 690 1301 credentium
717 1231 969 1313 definiendum,
996 1231 1056 1298 sed
1081 1231 1125 1297 ad
1148 1231 1281 1297 variam
1303 1230 1568 1321 praedicationis
1596 1237 1721 1299 sortem

386 1341 577 1427 generatim
599 1338 855 1406 delineandam.
876 1377 920 1387 —
935 1337 1093 1404 Pluribus
1115 1337 1158 1403 de
1173 1360 1214 1404 ea
1228 1337 1395 1427 parabola
1411 1338 1466 1424 egi
1481 1338 1516 1403 in
1533 1340 1719 1405 Comment.

386 1450 498 1514 llatth.
522 1452 532 1512 l
549 1470 583 1535 p.
604 1452 668 1513 520
683 1467 754 1534 seq.

661 1656 685 1716 e)
704 1654 801 1705 Atiae
821 1655 862 1705 de
881 1666 983 1716 regno
1004 1653 1066 1704 Det
1085 1654 1273 1716 parabolae
1292 1651 1446 1716 4‚21·84.

421 1825 493 1885 isti.
511 1823 545 1873 Et
559 1824 668 1873 dicebat
692 1823 771 1872 illis:
790 1822 925 1886 numquid
951 1824 1027 1872 venit
1114 1821 1187 1881 isti.
1210 1816 1256 1868 liat
1275 1816 1363 1888 ἔλεγεν
1382 1815 1480 1880 αύτυῖς,
1505 1818 1544 1868 ὅτι
1569 1818 1628 1887 μήτι
1648 1816 1723 1888 ἀρχε-

385 1916 546 1963 lucernaut
569 1911 733 1962 submodio
754 1917 885 1975 ponatur,
907 1911 1025 1960 autsub
1077 1925 1116 1957 ται
1139 1905 1153 1957 θ
1176 1905 1270 1975 λύχνος
1293 1906 1337 1957 ἵνα
1369 1905 1415 1958 ύπύ
1445 1906 1487 1958 τόν
1512 1906 1600 1975 μόδιον
1626 1906 1684 1976 τεθή
1707 1905 1723 1972 ή
1771 1975 1773 1978 y

385 2001 474 2052 lecto?
489 2014 583 2050 nonne
601 2007 631 2050 ut
651 2014 736 2064 super
758 2000 957 2049 candelabrum
978 2012 1024 2062 po·
1075 1994 1122 2047 ύπύ
1146 1992 1191 2059 τήν
1217 1995 1320 2062 κλινην;
1346 1993 1395 2065 υύχ
1417 1994 1461 2046 ἵνα
1485 1993 1525 2048 ἐπὶ
1549 1992 1593 2059 τὴν
1617 1994 1723 2064 λυχνέαν

385 2090 483 2141 natur?
498 2090 542 2139 22.
559 2090 623 2140 Non
638 2092 769 2151 ostentm
784 2088 890 2151 aliquid
905 2089 1025 2138 abscon·
1076 2084 1149 2154 τεθῇ;
1176 2087 1220 2136 ⁴22.
1245 2083 1274 2136 ού
1300 2083 1349 2154 γάρ
1383 2082 1448 2136 έστιν
1475 2083 1597 2153 κρυπτὸν,
1621 2081 1664 2136 έάν
1690 2079 1724 2153 μή

385 2181 482 2239 ditum,
495 2177 569 2243 quod
580 2191 637 2228 non
645 2177 850 2238 manilestetur;
862 2176 1025 2227 neclectum
1075 2174 1118 2224 ’ένα
1136 2173 1276 2243 φανερωθῇ·
1293 2171 1350 2225 otti
1370 2175 1467 2243 ἐγένετο
1486 2172 1642 2243 ἀπόκρυφον,
1662 2170 1725 2223 ἀλλ’

385 2273 429 2319 est
449 2268 603 2327 occultum,
629 2268 679 2318 sed
707 2270 737 2316 ut
761 2269 789 2316 in
811 2266 904 2330 palam
919 2268 1023 2316 veniat.

384 2358 429 2406 2³.
449 2355 477 2406 Si
491 2357 553 2419 quis
564 2357 648 2405 habet
659 2369 741 2406 aures
759 2353 905 2416 audiendi,
917 2353 1024 2405 audiat.

422 2446 464 2495 tt.
483 2444 516 2494 Et
536 2446 645 2494 dicebat
664 2446 720 2495 illis
740 2457 746 2492 :
768 2443 869 2494 Videte
888 2443 956 2507 quid
973 2457 1025 2493 au·

386 2534 476 2585 diatis.
503 2535 534 2583 In
559 2547 614 2597 qua
638 2546 769 2584 mensura
791 2535 881 2583 mensi
901 2533 1023 2593 lnerltis,

385 2624 547 2673 remetietur
559 2624 653 2682 vobis,
665 2627 693 2673 et
708 2623 854 2673 adiicietur
869 2622 958 2673 vobis.

421 2712 464 2761 25.
482 2712 536 2769 Qui
551 2713 625 2761 enim
645 2712 743 2771 habet,
767 2711 879 2761 dabitur
900 2712 940 2760 illi
967 2724 974 2759 :
997 2716 1026 2760 et

385 2802 432 2863 qui
446 2812 501 2849 non
517 2800 613 2859 habet,
625 2801 710 2849 etiam
724 2799 799 2863 quod
815 2800 898 2849 habet
911 2798 1024 2850 autere-

385 2894 429 2939 tur
443 2888 478 2938 ab
500 2901 542 2938 eo.
570 2888 613 2938 τό.
640 2888 674 2938 m
695 2887 828 2938 dicebat:
847 2888 893 2938 Sic
912 2893 955 2939 est
978 2901 1025 2939 re·

385 2991 470 3041 gnum
479 2977 543 3034 Dei,
556 2976 789 3040 quemadmodum
804 2979 828 3026 si
841 2978 926 3027 homo
941 2979 1024 3028 iaciat

383 3070 537 3116 sementem
552 3068 705 3116 interram.
723 3066 766 3115 27.
784 3066 819 3115 m
838 3065 973 3126 dormiat,
995 3070 1024 3117 et

383 3159 517 3218 exsurgat
527 3158 607 3205 nocte
620 3157 648 3205 et
656 3154 717 3214 die;
729 3158 757 3205 et
766 3168 863 3205 semen
872 3157 1020 3218 germinet,

384 3246 412 3293 et
425 3245 562 3294 increscat
576 3244 640 3293 dum
656 3246 743 3294 nescit
755 3244 812 3295 iile.

421 3332 463 3382 28.
474 3332 554 3382 Ultro
563 3335 636 3382 enirn
647 3334 722 3383 terra
731 3331 892 3393 tructilicat,
902 3335 1021 3397 primum

384 3421 512 3480 herbam,
529 3421 629 3471 deinde
643 3423 763 3485 spicam,
787 3421 889 3472 deinde
907 3423 1022 3486 plenum

385 3509 551 3559 trumentum
572 3511 599 3559 in
621 3513 707 3573 spica.
731 3510 773 3561 29.
796 3510 831 3560 Et
851 3524 937 3574 quum
955 3523 1021 3575 pro·

383 3598 493 3648 duxerit
521 3598 638 3658 tructus,
669 3602 763 3649 atatim
791 3601 876 3649 mittit
905 3599 1020 3659 latrem,

383 3690 514 3750 quoniam
530 3687 609 3738 adest
623 3691 733 3738 messis.

420 3776 462 3826 30.
478 3776 511 3826 Et
530 3776 638 3827 dicebat
655 3792 661 3825 z
678 3780 722 3827 cui
737 3778 956 3828 assimilabimus
974 3791 1020 3828 re-

382 3877 467 3926 gnum
491 3865 558 3915 Dei?
575 3869 623 3915 aut
642 3867 686 3915 cui
704 3867 856 3930 parabolae
877 3880 1021 3930 compara·

382 3953 473 4002 bimus
495 3953 638 4004 niumm.
663 3954 740 4005 Sicut
759 3969 876 4019 granum
898 3958 1019 4019 sinapis,

383 4040 457 4104 quod
479 4056 562 4104 quum
587 4045 753 4094 seminatum
778 4044 861 4094 tuerit
881 4047 1018 4104 interra,

1074 2262 1118 2313 ἵνα
1135 2262 1276 2333 φανερωθῇ.
1304 2265 1347 2314 23.
1369 2260 1393 2314 εἴ
1410 2281 1445 2323 τις
1464 2261 1518 2331 ἔχει
1536 2257 1590 2314 ὦτα
1609 2259 1722 2328 ἀκούειν,

1076 2349 1198 2403 ἀκουέτω.
1547 2350 1548 2354 ’

1113 2442 1156 2492 m.
1179 2437 1226 2490 Καὶ
1236 2437 1323 2510 ἔλεγεν
1342 2436 1437 2503 αύτοῖς,
1451 2437 1557 2492 Βλέπετε
1568 2439 1592 2490 τί
1606 2437 1717 2493 ἀκούετε.

1075 2527 1101 2580 έν
1124 2523 1147 2598 ᾧ
1167 2528 1248 2599 μέτρῳ
1272 2529 1399 2598 μετρεῖτε,
1434 2527 1614 2599 μετρηθήσεται
1644 2527 1718 2598 ύμῖν,

1075 2617 1118 2668 καὶ
1142 2617 1337 2687 προστεθήσεται
1365 2616 1435 2687 ύμῖν.
1468 2621 1513 2671 25.
1542 2619 1568 2679 ύς
1591 2615 1640 2687 γὰρ
1667 2616 1721 2688 έχει

1075 2706 1207 2771 δοθήσεται
1232 2705 1307 2776 αύτῷ·
1329 2705 1371 2757 καὶ
1388 2708 1414 2765 θς
1432 2704 1476 2758 ούκ
1496 2704 1550 2775 ἔχει
1574 2705 1615 2757 καὶ
1633 2707 1648 2757 θ
1668 2704 1720 2773 ἔχει

1075 2793 1208 2863 ἀρθήσεται
1227 2792 1275 2848 ἀπ’
1294 2792 1379 2846 αύτού·

1112 2886 1155 2937 26.
1178 2882 1224 2934 ital
1243 2882 1345 2953 ἔλεγεν,
1370 2882 1453 2944 Ούτως
1472 2882 1538 2935 έστὶν
1565 2882 1580 2947 ἡ
1608 2882 1720 2952 βασιλεία

1073 2975 1117 3024 τοῦ
1141 2971 1219 3035 Θεοῦ,
1245 2973 1278 3033 ὡς
1308 2973 1434 3042 ἅνθρωπος
1463 2972 1528 3044 βάλη
1557 2972 1600 3025 τὸν
1627 2973 1719 3042 σπόρον

1074 3061 1113 3114 ἰπὶ
1130 3065 1173 3127 τῆς
1192 3064 1253 3132 γῆς,
1275 3065 1318 3116 27.
1346 3062 1389 3113 καλ
1406 3062 1513 3132 καθεύδῃ
1537 3061 1578 3113 καὶ
1597 3059 1720 3131 ἐγείρηται

1074 3150 1149 3202 νύκτα
1168 3150 1210 3202 καὶ
1228 3149 1336 3221 ἡμέραν,
1357 3150 1400 3202 καὶ
1422 3150 1436 3201 ό
1455 3151 1545 3219 σπόρος
1565 3150 1661 3221 βλαστᾷ
1679 3151 1720 3203 καὶ

1074 3239 1212 3308 μηκύνηται
1230 3238 1265 3301 ὡς
1277 3238 1321 3291 ούκ
1334 3236 1404 3292 οἶδεν
1422 3237 1504 3299 αύτός.
1526 3244 1569 3293 28.
1591 3238 1717 3309 αύτσμύτη

1072 3326 1087 3393 ή
1116 3330 1149 3399 γῆ
1178 3331 1344 3399 καρποφορεῖ,
1378 3333 1476 3398 πρῶτον
1510 3329 1618 3398 χόρτον,
1652 3325 1717 3382 εἶτεν

1072 3418 1181 3486 στάχυν,
1210 3416 1275 3470 εθτεν
1298 3416 1394 3483 πλήρης
1413 3419 1480 3478 σῖτος
1504 3416 1530 3469 ἐν
1557 3422 1592 3488 τῷ
1617 3418 1715 3488 στάχυϊ.

1072 3509 1116 3560 29.
1138 3507 1197 3558 θταν
1225 3507 1252 3559 δὲ
1271 3508 1382 3576 παραδοῖ
1401 3506 1415 3557 ό
1434 3507 1538 3576 καρπὸς,
1562 3506 1630 3568 εύθύς
1653 3505 1715 3559 ἀπο·

1071 3595 1170 3648 στέλλει
1181 3597 1211 3648 τ“ο
1222 3597 1357 3665 δρέπανον,
1378 3597 1416 3648 ότι
1434 3597 1585 3665 παρέστηκεν
1604 3595 1619 3647 ό
1637 3596 1716 3665 θερισ-

1072 3687 1126 3747 υός.

1109 3778 1151 3828 30.
1175 3774 1221 3825 Καὶ
1247 3774 1319 3844 ἔλεγε
1340 3774 1395 3835 Πῶς
1412 3772 1576 3844 ὁμοιώσωμεν
1600 3772 1644 3839 τήν
1670 3775 1716 3844 βα·

1071 3863 1166 3915 σιλεὶαν
1185 3867 1229 3916 τοῦ
1248 3863 1324 3927 Θεοῦ,
1342 3864 1358 3929 ἢ
1378 3863 1404 3915 ἐν
1423 3863 1471 3915 τένι
1491 3862 1568 3928 αύτήν
1587 3862 1717 3935 παραθολῇ

1071 3954 1168 4021 θῶμεν,
1195 3957 1237 4006 31.
1264 3953 1297 4014 ὡς
1324 3954 1407 4023 κόκκῳ
1433 3953 1568 4018 σινάπεως,
1596 3954 1636 4016 θς,
1656 3953 1716 4005 όταν

1071 4050 1152 4112 σπαρῇ
1172 4041 1212 4093 ἐπὶ
1239 4045 1282 4108 τῆς
1308 4045 1369 4112 γῆς,
1400 4043 1545 4111 μικρότερον
1564 4043 1593 4093 δν
1618 4042 1717 4095 πάντων

383 4132 475 4180 minus
488 4135 530 4181 est
541 4133 670 4182 omnibus
691 4134 845 4184 seminibus
861 4147 933 4197 quae
955 4139 1022 4184 suut
1070 4136 1119 4183 τῶν
1148 4133 1294 4201 σπερμάτων
1320 4137 1370 4183 ,τῶν
1395 4130 1435 4183 ἐπὶ
1460 4134 1503 4195 τῆς
1526 4134 1582 4201 γῆς·
1608 4134 1650 4184 32.
1676 4131 1718 4183 καλ

384 4221 412 4268 in
431 4222 518 4279 terra;
536 4219 579 4270 θλ.
596 4226 624 4271 et
642 4236 728 4285 quum
742 4225 909 4273 seminatum
925 4223 1019 4281 luerit,
1071 4220 1131 4271 θταν
1154 4223 1250 4291 σπαρῇ,
1275 4219 1417 4287 ἀναθαένει,
1442 4220 1484 4271 καὶ
1507 4221 1602 4290 γίνεται
1629 4222 1716 4292 μετ’(ον

381 4309 519 4369 ascendit,
537 4313 565 4359 et
580 4308 610 4360 sit
630 4312 720 4361 maius
735 4312 866 4362 omnibus
880 4313 1018 4372 oleribus,
1070 4310 1171 4361 πάντων
1186 4315 1235 4361 τῶν
1251 4309 1371 4380 λαχάνων
1387 4309 1427 4360 καὶ
1442 4313 1506 4360 ποιεῖ
1520 4310 1624 4371 κλάδους
1638 4312 1714 4381 μεγά-

381 4401 409 4447 et
433 4398 497 4447 lacit
519 4411 611 4448 ramos
636 4412 768 4464 magnos,
790 4403 829 4450 ita
852 4403 882 4450 ut
913 4406 1020 4464 possint
1071 4399 1142 4462 λυυς,
1159 4400 1222 4452 ὥστε
1242 4399 1360 4450 δύνασθαι
1374 4397 1422 4450 tet
1441 4396 1485 4464 τήν
1506 4399 1576 4450 σκιὰν
1592 4398 1666 4452 atrei
1685 4399 1715 4453 τύ

381 4486 432 4536 sub
449 4488 545 4536 umbra
559 4489 620 4538 elus
634 4500 701 4539 aves
715 4490 785 4539 coeli
801 4490 938 4540 habitare.
1071 4486 1170 4541 πεττινύι
1189 4492 1233 4541 τού
1251 4487 1358 4557 ούρανοῦ
1376 4491 1554 4554 κατασκηνοῖν.

419 4576 742 4628 commurmurantes
764 4580 1020 4645 parabolisloque-
1108 4582 1152 4631 33.
1187 4577 1234 4629 Καὶ
1269 4577 1392 4639 τοιαύταις
1426 4578 1580 4648 παραόυλαῖς
1609 4578 1714 4639 πολλοῖς

382 4665 515 4715 batureis
530 4667 659 4725 verbum,
673 4670 896 4731 proutpoterant
910 4670 1019 4721 audire.
1072 4667 1158 4720 ἐλάλει
1181 4665 1265 4730 αύτυῖς
1291 4668 1335 4719 τὸν
1362 4667 1455 4737 λόγον,
1486 4668 1566 4728 καθὼς
1592 4667 1713 4736 ἠδύναντο

384 4754 426 4802 34.
443 4756 508 4804 Sine
524 4756 656 4819 parabola
670 4762 762 4807 atrtcm
781 4771 837 4807 non
853 4761 1021 4823 loquebatur
1071 4755 1179 4810 ἀκούειν·
1198 4761 1241 4813 il.
1258 4758 1299 4808 καὶ
1317 4757 1391 4826 χωρὶς
1409 4756 1552 4826 παραθυλῆς
1572 4759 1616 4814 cir.
1630 4758 1715 4813 έλάλει
