3960 5654
192 496 252 556 116
744 510 834 556 llaec.
858 493 907 559 15,
931 492 981 551 25.

191 648 341 708 loannem
358 641 403 701 uti
420 642 559 701 llarcum
576 642 701 702 tertiam
714 646 825 705 boram
840 641 1033 720 designasse,
1048 643 1149 703 solum
1165 656 1374 701 amanuenses
1389 643 1530 699 mutasse

192 745 223 804 τὸ
244 743 341 818 γάμμα
360 740 395 803 εἰς
418 738 448 794 τὸ
470 737 600 814 ἐπίσημον
626 739 678 819 (ci,
705 743 821 803 Calena
843 757 890 817 gr.
914 740 1043 801 Patrum
1064 740 1114 800 ed.
1148 740 1286 809 Cramer,
1312 738 1425 800 onnii
1453 736 1531 796 1841

191 843 217 902 11
234 859 264 918 p.
281 837 364 914 389).
384 835 504 897 Eodem
518 838 613 897 modo
630 856 697 899 rem
718 841 853 918 explieat
872 839 1058 898 Ammonius
1079 838 1112 896 in
1134 835 1254 896 scholio
1275 837 1359 912 quod
1378 842 1437 896 cat.
1456 835 1530 895 Cor·

193 937 273 998 derit
289 936 347 993 136
369 936 515 1011 praebet,
532 934 684 1012 scriptum
699 956 768 998 esse
786 933 842 992 ἀντὶ
861 939 906 992 τοῦ
922 936 1019 1010 γάμμα
1033 933 1063 991 τὸ
1080 933 1220 1011 ἐπίσημον,
1243 929 1396 991 ὅκαλοῦσιν
1410 937 1435 992 οἱ
1449 933 1531 991 Ἀλε-

189 1034 311 1110 ῐτνδρτῑς
328 1032 422 1108 papii.
443 1033 584 1092 Eandem
604 1034 774 1096 lectionem
792 1033 960 1093 confirmat
977 1031 1107 1094 Nolanus
1123 1053 1132 1092 .·
1147 1024 1180 1103 ἦν
1195 1031 1222 1088 tt
1238 1032 1404 1106 τιττινομίνη
1420 1031 1532 1110 τριτάτη

192 1133 373 1210 θανατηφόροτ
386 1130 443 1206 ὥρη
460 1129 545 1209 (vide
564 1129 770 1212 Tiaelteedors
781 1131 819 1190 ad
836 1132 920 1190 ioan.
939 1130 1054 1209 tall).
1073 1131 1177 1190 Etiam
1194 1127 1221 1189 Τ
1220 1128 1327 1209 leopb.
1344 1129 1533 1190 1131331131-

193 1230 272 1290 tiam
291 1229 377 1306 apud
399 1231 482 1288 loen.
501 1231 788 1291 3553513111311113111
806 1235 923 1289 censet.
946 1233 1047 1305 Atque
1068 1226 1153 1286 idem
1177 1224 1275 1288 calm.
1293 1227 1533 1287 existimatote

193 1328 427 1388 recentioribus
443 1324 571 1408 Scliepg,
586 1328 675 1388 Patr.
695 1324 811 1406 Certup
823 1327 1014 1405 (comment.
1034 1326 1065 1384 in
1080 1343 1128 1385 ev.
1144 1326 1175 1386 S.
1195 1326 1280 1385 Ioan.
1296 1325 1438 1386 Gandavi
1454 1327 1534 1386 1880

193 1443 224 1504 p.
242 1427 324 1503 439).
342 1425 428 1495 Quae
445 1427 605 1486 sententia
617 1426 752 1486 multum
767 1425 1008 1485 commendatur
1025 1440 1062 1483 eo
1077 1423 1163 1500 quod
1181 1424 1243 1483 iam
1261 1423 1417 1482 Eusebius
1431 1422 1531 1482 adno-

194 1525 269 1584 tavit
284 1524 391 1583 lesum
412 1541 480 1584 esse
501 1525 687 1584 crucifixum
707 1527 781 1582 ante
801 1523 912 1583 boram
932 1529 1069 1592 sextam,
1084 1521 1159 1597 quia
1177 1522 1217 1581 ab
1239 1521 1318 1580 bora
1337 1526 1423 1580 sexta
1445 1526 1532 1580 tene-

193 1621 269 1681 brae
290 1627 377 1681 ortae
398 1622 472 1681 sint.
494 1622 546 1681 Uti
567 1638 664 1699 supra
686 1621 748 1679 iam
770 1621 897 1692 monui,
914 1621 1001 1679 varia
1020 1619 1103 1678 lacta
1122 1624 1198 1679 sunt
1214 1624 1287 1679 ante
1303 1622 1427 1679 exortas
1442 1623 1532 1678 tene-

195 1719 285 1792 bras;
307 1737 405 1797 quare
425 1718 567 1796 prolecto
588 1721 715 1796 oportet
734 1719 809 1794 poni
829 1719 970 1795 spatium
990 1715 1142 1795 temporis
1168 1717 1251 1777 baud
1276 1717 1426 1795 exiguum
1451 1716 1536 1776 inter

195 1818 293 1877 verba
317 1817 369 1877 illa
393 1817 484 1876 Pilati
508 1817 591 1875 loan.
616 1817 708 1887 lali
728 1822 760 1875 et
784 1816 894 1875 horam
917 1820 1050 1874 sextam.
1075 1813 1137 1874 Sed
1161 1815 1337 1891 quominus
1356 1814 1482 1874 animus
1504 1813 1534 1873 ei

191 1913 416 1998 ‘emendationi
440 1913 525 1991 apud
553 1915 703 1972 loannem
729 1913 927 1989 acquiescat,
951 1913 1078 1972 obstant
1097 1915 1144 1971 tot
1169 1911 1348 1972 testimonia
1368 1910 1533 1984 codicum,

188 2013 392 2084 versionum,
409 2011 539 2070 Patrum
559 2028 642 2087 quae
662 2027 699 2070 eo
722 2011 867 2088 graviora
889 2015 962 2069 sunt
980 2009 1055 2086 quia
1072 2008 1251 2069 differentia
1269 2009 1323 2069 illa
1341 2026 1360 2068 a
1380 2010 1484 2068 Marco
1505 2012 1537 2069 et

197 2108 371 2169 dillicultas
387 2107 503 2168 exinde
524 2112 632 2167 exorta
647 2106 808 2167 neminem
825 2106 951 2167 latebat.
968 2108 1026 2166 Pr0
1041 2113 1127 2164 sexte
1143 2106 1229 2166 enim
1245 2105 1385 2166 militant
1398 2103 1535 2166 etun

196 2207 520 2267 HIKMSUYPllll
543 2206 572 2265 al
593 2204 661 2282 pler
682 2206 707 2264 it
725 2205 797 2284 vulg
819 2222 876 2283 cop
902 2223 955 2282 syr
977 2204 1051 2282 (uir,
1074 2204 1123 2284 br)
1145 2222 1214 2265 arm
1234 2205 1307 2264 aeth
1328 2222 1433 2283 perss;
1458 2205 1535 2264 item

194 2305 278 2383 apud
301 2304 485 2373 Irenaeum,
518 2303 740 2381 Hippolytum,
769 2304 931 2381 Cyrillum,
964 2302 1171 2380 Hesychium‚
1200 2303 1428 2382 augustinum,
1459 2301 1534 2362 1113·

196 2420 379 2481 ronymum,
397 2402 431 2460 in
445 2404 538 2479 itesp.
552 2402 591 2460 ad
607 2400 798 2460 orthodoxos
814 2406 874 2460 etc.
892 2401 992 2471 Quare
1006 2417 1043 2460 ex
1058 2401 1234 2460 rationibus
1249 2401 1369 2461 criticis
1384 2400 1472 2460 nelas
1488 2404 1536 2460 est

196 2507 318 2562 textum
333 2505 380 2560 tot
395 2499 589 2560 testimoniis
604 2517 642 2559 ex
658 2481 743 2558 omni
760 2505 848 2576 parte
863 2499 1041 2559 stabilitum
1058 2500 1239 2560 immutare.

194 2633 196 2637 <
237 2599 297 2660 lllii
316 2617 334 2658 3
352 2601 454 2659 Marco
475 2598 722 2657 commemorari
747 2597 859 2657 horam
879 2597 1004 2657 tertiam
1025 2598 1148 2666 volunt,
1168 2599 1243 2675 quia
1261 2616 1300 2658 eo
1322 2602 1467 2676 tempore
1488 2600 1536 2658 lu-

196 2698 266 2758 daei
288 2698 411 2775 magnis
430 2696 624 2756 clamoribus
645 2696 885 2756 crucifixionem
906 2697 973 2756 eius
993 2696 1199 2774 postularint;
1217 2719 1232 2750 «
1254 2697 1459 2757 veracissime
1480 2695 1535 2755 de-

197 2799 398 2855 monstratur
417 2799 493 2854 tunc
510 2811 565 2854 eos
587 2793 781 2853 crucifixisse
804 2794 932 2871 quando
952 2794 1168 2854 clamaverunt
1191 2819 1205 2849 »
1230 2796 1263 2856 8.
1288 2793 1368 2875 Aug.
1390 2794 1430 2855 de
1446 2812 1534 2854 cons.

198 2911 246 2953 ev.
263 2894 346 2963 3‚l3.
368 2894 423 2959 4⁶2:
443 2889 485 2950 M.
506 2893 658 2961 31,1181;
675 2892 773 2950 simili
799 2892 894 2951 modo
912 2889 1082 2970 Hesychius
1102 2897 1163 2952 cat.
1186 2894 1234 2953 Cr.
1259 2892 1299 2953 ad
1323 2893 1407 2953 loan.
1431 2894 1534 2963 19,11,

197 2992 294 3051 etiam
316 2989 382 3054 τινὲς
399 2989 484 3067 apud
514 2987 589 3047 Vici.
612 2986 688 3046 Bed.
709 2987 806 3047 Eutlr.
826 2989 895 3066 (qni
920 2990 1055 3067 explicat
1081 3007 1087 3048 :
1110 2995 1176 3050 erat
1197 2989 1388 3067 boraltertia
1409 2990 1537 3068 quando

196 3089 262 3167 pati
279 3089 385 3166 coepit
399 3106 417 3146 a
433 3087 589 3146 militibus
605 3084 1257 3165 111311131953111111313331113111111553
1273 3087 1306 3147 S.
1322 3089 1537 3167 Augustinum

198 3188 276 3247 bora
291 3186 385 3246 tertia
405 3187 510 3244 lesum
532 3185 720 3244 crucifixum
741 3202 809 3244 esse
830 3184 945 3263 linguis
967 3185 1173 3261 ludaeorum,
1188 3185 1266 3246 bora
1286 3191 1373 3247 sexta
1388 3187 1537 3246 manibus

199 3285 351 3345 militum.
374 3286 478 3360 Atque
500 3300 516 3342 e
538 3282 770 3342 recentioribus
791 3279 899 3341 [teuit-o
921 3283 1056 3361 explieat
1076 3300 1082 3341 :
1104 3290 1171 3343 erat
1190 3288 1296 3344 autem
1321 3283 1399 3344 hora
1423 3285 1536 3357 tertia,
1610 3332 1614 3338 .

198 3400 315 3461 nempe
332 3398 408 3442 cum
425 3379 577 3441 iuridicus
595 3380 648 3439 ille
665 3397 831 3457 processus
847 3381 896 3459 agi
912 3381 1033 3459 coepit;
1053 3386 1120 3441 tum
1136 3381 1302 3461 designata
1317 3381 1395 3443 hora
1408 3400 1536 3443 accusa-

199 3481 294 3541 tionis
314 3479 504 3540 ludaeorum
525 3484 557 3537 et
572 3478 748 3538 sententiae
764 3478 854 3537 Pilati
869 3478 1037 3556 abruptam
1058 3480 1246 3539 narrationis
1266 3481 1382 3542 seriem
1396 3481 1537 3541 redinte-

198 3584 268 3657 grat
287 3577 464 3654 additque:
487 3582 519 3635 et
538 3577 764 3636 crucifixerunt
784 3593 858 3636 eum
881 3577 974 3653 (11151.
1000 3577 1093 3636 revel.
1114 3577 1178 3636 div.
1202 3579 1276 3638 novi
1301 3584 1373 3639 test.
1396 3579 1535 3639 Vindob.

200 3677 275 3736 1861
295 3694 325 3753 p.
343 3677 430 3752 ⁶255);
451 3671 547 3733 Godet
567 3677 677 3734 autem
698 3674 774 3733 bora
795 3674 887 3733 tertia
908 3673 1065 3752 designari
1086 3675 1130 3733 ait
1153 3679 1280 3753 tempus
1302 3676 1536 3755 flagellationis.

199 3773 290 3853 Apud
307 3775 465 3832 Romanos
481 3771 653 3850 flagellatio
673 3772 874 3849 infligebatur
892 3776 965 3830 ante
985 3773 1222 3833 crucifixionem
1243 3778 1274 3833 et
1289 3781 1355 3834 erat
1370 3775 1460 3851 quasi
1477 3775 1537 3834 ini-

200 3874 280 3933 tium
297 3871 511 3931 exsecutionis
523 3874 555 3929 et
570 3870 799 3941 crucifixionis;
817 3870 849 3929 id
865 3870 950 3946 quod
966 3870 997 3930 S.
1015 3868 1102 3930 Hier.
1119 3888 1246 3948 quoque
1264 3871 1382 3932 indicat
1398 3873 1538 3933 scribens

199 3970 238 4030 ad
254 3969 363 4029 Matlh.
380 3969 472 4038 abab
490 3984 496 4025 :
516 3990 530 4020 «
547 3967 712 4026 sciendum
733 3975 781 4027 est
800 3967 938 4027 Pilatum
956 3968 1096 4027 romanis
1111 3968 1235 4046 legibus
1250 3969 1449 4031 ministrasse
1465 3971 1537 4048 qui-

201 4069 259 4128 bus
282 4068 439 4126 sancitum
463 4069 566 4124 estut
587 4065 643 4142 qui
664 4065 858 4142 crucifigitur
879 4066 966 4142 prius
989 4065 1120 4142 llagellis
1144 4067 1375 4127 verberetur».
1400 4068 1537 4128 Proinde

201 4169 308 4243 posset
323 4165 438 4241 aliquis
458 4164 564 4222 dicere
585 4165 726 4221 Marcum
746 4163 898 4221 Romanis
914 4163 1106 4222 scribentem
1124 4163 1201 4225 bora
1216 4165 1308 4224 tertia
1325 4167 1465 4226 voluisse
1481 4167 1538 4227 de-

202 4264 324 4341 signare
338 4262 466 4322 initium
482 4261 699 4321 crucilixionis
715 4260 736 4317 i.
753 4277 780 4319 e.
801 4260 1054 4337 flagellationem.
1072 4260 1156 4332 Quae
1171 4263 1312 4341 acceptio
1325 4264 1453 4323 tolerari
1467 4282 1539 4342 pos-

202 4367 260 4429 set,
278 4361 303 4419 si
317 4360 496 4438 designatio
510 4358 664 4436 temporis
680 4375 742 4416 non
764 4364 935 4434 poneretur
951 4365 1116 4436 postquam
1139 4360 1261 4420 dictum
1281 4367 1330 4420 est
1350 4362 1452 4422 lesum
1469 4379 1538 4424 esse

202 4457 364 4528 eductum,
377 4458 463 4517 cruci
479 4457 619 4527 3111111111,
635 4461 740 4516 vestes
754 4456 822 4514 eius
836 4455 963 4515 divisas
981 4490 1019 4498 —
1036 4457 1132 4516 llulto
1148 4458 1248 4537 magis
1264 4459 1475 4537 improbabile
1491 4466 1540 4521 est

202 4555 288 4632 quod
299 4553 427 4625 Masius,
444 4552 818 4632 llosenmiiltevpaucique
835 4553 887 4612 alii
905 4555 1124 4631 excogitarunt
1141 4574 1147 4614 :
1166 4563 1233 4616 erat
1248 4556 1325 4616 bora
1338 4558 1432 4618 tertia
1448 4564 1537 4637 post-

203 4669 297 4730 quam
314 4654 538 4712 crucifixerunt
553 4670 646 4724 eum,
663 4651 788 4728 quando
805 4651 871 4710 scil.
889 4658 994 4711 vestes
1011 4652 1094 4712 inter
1109 4670 1142 4713 se
1158 4654 1342 4714 diviserunt.

243 4750 378 4811 Omissis
402 4750 473 4809 aliis
497 4751 674 4827 explicandi
699 4750 865 4810 conatibus
892 4750 986 4826 (quos
1010 4751 1127 4811 videsis
1154 4751 1237 4829 apud
1264 4750 1435 4832 Ligltlsoot,
1463 4757 1535 4816 Ηο1.

204 4849 293 4909 hebr.
316 4848 354 4907 ad
376 4847 461 4907 bunc
476 4847 598 4918 locum,
618 4846 756 4915 listinae,
779 4847 863 4906 Iona.
886 4845 998 4926 ruald.)
1020 4849 1203 4910 referendus
1223 4856 1271 4910 est
1290 4851 1406 4912 modus
1421 4854 1473 4913 cui
1490 4860 1539 4914 sat

205 4945 474 5022 multisullragati
491 4952 578 5005 sunt.
596 4947 673 5005 Cum
690 4947 776 5005 enim
795 4964 855 5006 nox
871 4944 1068 5007 divideretur
1084 4949 1114 5006 in
1135 4953 1286 5025 quattuor
1301 4956 1405 5027 partes
1422 4969 1477 5012 seu
1493 4952 1537 5011 vi·
