3960 5654
864 467 956 513 irinc.
982 455 1030 526 lt,
1054 457 1161 518 35-37.
1623 448 1680 510 331

346 602 455 669 solum
473 604 544 668 eius
558 609 801 687 argumentum
818 608 953 687 tangat,
974 604 1059 671 dicit
1081 628 1088 672 :
1114 601 1284 692 quomodo
1305 600 1424 666 dicunt
1438 599 1567 667 scribae
1584 597 1681 666 otte·-

345 722 434 774 stum
444 707 557 794 filiwn
571 729 638 774 esse
655 707 787 775 David?
801 708 950 775 llessiam
968 712 1040 778 soil.
1060 710 1168 775 lilium
1186 707 1290 775 David
1303 729 1343 774 eo
1358 728 1457 773 sensu
1471 707 1631 773 dicebant
1645 709 1682 770 ut

344 820 560 904 expectarent
570 838 645 881 eum
656 817 744 881 sicut
753 814 856 880 David
871 838 1017 902 regnum
1031 817 1223 904 temporale
1231 813 1450 881 conditurum
1463 819 1496 877 et
1507 821 1680 902 tamquam

344 941 450 986 unum
465 940 483 982 e
497 924 637 1007 posteris
653 918 787 985 havidis
807 921 968 987 thronum
984 921 1122 988 [tavidis
1135 923 1407 988 instauraturum
1424 926 1455 984 et
1474 921 1561 983 sicut
1575 916 1679 985 David

343 1033 461 1112 gentes
471 1048 530 1092 suo
545 1028 689 1117 imperio
700 1025 935 1094 subiecturum
952 1050 1036 1093 esse.
1056 1033 1144 1094 lesus
1160 1029 1275 1116 itaque
1290 1032 1326 1092 ut
1341 1026 1496 1091 ostendat
1509 1025 1681 1091 notionem

345 1133 447 1197 talem
460 1131 502 1198 de
518 1135 626 1200 llessia
642 1152 712 1198 esse
727 1131 849 1199 falsam
865 1142 898 1199 et
919 1142 1173 1222 repugnantem
1194 1135 1392 1222 Scripturae
1412 1139 1446 1197 et
1464 1138 1501 1196 ut
1516 1130 1558 1197 ad
1575 1130 1681 1216 origi-

346 1259 422 1303 nem
445 1238 601 1306 altiorem
621 1238 755 1305 ltessiae
779 1263 835 1306 eos
860 1239 983 1306 reddat
1006 1241 1033 1306 si
1060 1242 1228 1307 voluerint
1251 1239 1381 1305 discere
1406 1244 1566 1317 attentos,
1594 1238 1680 1304 hanc

347 1345 683 1434 ponitquaestionem
696 1344 753 1433 (cl.
779 1347 860 1412 Vict.
877 1349 970 1412 Patr.
986 1347 1148 1437 Scheqp).
1163 1352 1304 1414 Summa
1315 1346 1407 1410 enim
1420 1345 1552 1410 tlessiae
1565 1343 1680 1429 digni-

347 1458 398 1516 tas
411 1473 478 1518 non
497 1460 618 1542 potest,
643 1460 679 1517 ut
693 1453 826 1519 scribae
840 1451 980 1530 docent,
1004 1456 1038 1519 in
1055 1476 1095 1520 eo
1114 1455 1316 1530 consistere,
1342 1459 1378 1517 ut
1398 1459 1570 1541 tamquam
1593 1471 1680 1516 unus

346 1561 525 1647 eposteris
554 1557 687 1624 [tavidis
712 1560 878 1624 thronum
903 1560 1040 1626 [luridis
1069 1561 1182 1626 denuo
1204 1560 1332 1646 erigat;
1359 1564 1393 1624 et
1419 1559 1504 1623 ratio
1529 1555 1680 1622 redditur

347 1688 379 1730 v.
397 1671 439 1731 36
454 1665 523 1752 ipse
538 1665 626 1728 enim
643 1664 758 1731 David
768 1664 852 1729 dicit
868 1665 904 1730 in
920 1666 1054 1755 Spiritu
1070 1679 1185 1733 sancto
1197 1667 1220 1732 i.
1238 1689 1268 1732 e.
1284 1666 1402 1731 alssatu
1417 1664 1561 1753 Spiritus
1575 1664 1680 1730 sancti

346 1779 380 1835 et
404 1771 477 1836 eius
497 1773 611 1856 gratia
634 1773 792 1838 incitatus
819 1779 851 1836 et
875 1782 985 1838 motus
1016 1776 1115 1857 (Vict.
1148 1772 1275 1862 Theop!
1288 1773 1322 1859 .);
1349 1770 1485 1837 attende
1508 1770 1679 1859 duplicem

345 1876 541 1964 emphasin;
557 1879 628 1961 ipse
654 1880 722 1943 iam
740 1899 803 1966 per
821 1899 856 1944 se
878 1878 971 1967 apud
996 1880 1137 1946 ludaeos
1164 1881 1312 1946 maxima
1333 1877 1438 1967 pollet
1461 1877 1675 1957 auctoritate,

342 2005 430 2071 quae
441 2005 519 2049 cum
532 1985 689 2073 loquatur
700 1984 805 2049 verba
818 2005 857 2050 ea
871 1993 1046 2075 tamquam
1063 1986 1168 2052 verba
1185 1987 1228 2052 ab
1242 1986 1315 2074 ipso
1329 1984 1457 2073 Spiritu
1473 1991 1587 2049 saneto
1599 2003 1680 2068 sug-

343 2089 482 2175 gestain
493 2091 699 2156 immensum
713 2096 871 2176 augetur,
884 2091 972 2157 dixit
984 2094 1149 2158 Dominus
1163 2092 1306 2159 Domino
1321 2113 1413 2170 mee,
1429 2091 1526 2156 hebr.
1540 2089 1678 2155 allatum

345 2195 549 2282 (oraculum)
566 2197 664 2262 lahve
679 2197 723 2263 ad
739 2195 917 2263 dominum
939 2221 1072 2278 meum,
1095 2199 1172 2266 sede
1189 2222 1211 2265 α
1231 2198 1358 2265 dextris
1374 2197 1473 2277 meir,
1495 2195 1599 2262 donec
1613 2217 1677 2284 po-

344 2324 425 2367 nam
444 2303 596 2368 ininn'cos
614 2316 688 2369 tuos
706 2303 890 2368 scutellum
905 2305 1032 2390 pedum
1052 2318 1207 2385 tuorum,
1226 2309 1303 2371 Lxx
1318 2292 1503 2383 ὺποπόδιονς
1523 2302 1612 2369 unde
1628 2303 1677 2368 la-

345 2409 408 2474 rile
426 2416 515 2497 patet
531 2434 592 2476 eur
606 2410 699 2500 apud
715 2409 840 2475 multos
858 2418 955 2478 testes
974 2414 1020 2478 ila
1035 2434 1173 2501 quoque
1188 2411 1282 2501 apud
1298 2417 1444 2477 llarcum
1463 2411 1598 2496 legatur
1617 2431 1678 2498 pro

344 2511 490 2576 ὑποκάτω
504 2507 771 2598 revestituram
794 2519 1040 2607 huncquoque
1069 2526 1201 2607 partem
1228 2516 1401 2584 addidisse
1435 2520 1542 2582 lesum
1570 2515 1676 2604 aliqui

344 2631 497 2701 censent,
517 2632 553 2689 ut
567 2625 721 2691 ostendat
739 2626 883 2692 inimicis
896 2627 966 2690 suis
982 2626 1093 2714 qualis
1109 2647 1165 2690 eos
1176 2646 1247 2690 sors
1266 2645 1429 2689 mansura
1445 2624 1499 2688 sit.

390 2733 459 2795 lam
473 2729 550 2796 inde
566 2734 680 2818 arguit
696 2756 726 2796 v.
743 2739 785 2799 37
801 2733 870 2822 ipse
886 2733 988 2819 (erpo)
1008 2731 1121 2797 Dauid
1131 2729 1214 2796 dicit
1229 2753 1307 2797 eum
1325 2731 1525 2808 Dominum,
1542 2742 1574 2794 et
1589 2726 1678 2794 unde

344 2851 392 2902 est
405 2836 498 2922 filius
509 2838 601 2903 eius?
616 2839 638 2904 i.
656 2861 685 2904 e.
703 2839 794 2904 unde
811 2840 917 2925 igitur
933 2839 1005 2903 fieri
1023 2845 1135 2927 potest
1148 2845 1184 2903 ut
1199 2838 1320 2903 nonsit
1336 2838 1399 2902 nisi
1415 2838 1487 2903 eius
1498 2835 1595 2913 filius,
1613 2837 1677 2901 nisi

344 2966 431 3009 unus
449 2966 466 3009 e
483 2947 624 3032 po'steris
641 2945 762 3025 David,
778 2947 886 3011 solum
904 2946 1007 3011 homo
1022 2945 1082 3034 qui
1099 2943 1247 3011 condere
1261 2943 1385 3010 debeat
1404 2964 1548 3028 regnum
1566 2942 1676 3008 simile

342 3050 519 3116 davidico?
539 3074 615 3116 cnm
639 3057 727 3118 lesus
746 3076 785 3119 ea
804 3053 1000 3142 quaestione
1025 3053 1201 3117 notionem
1217 3051 1409 3117 scribarum
1425 3049 1466 3115 de
1483 3050 1553 3114 filio
1575 3048 1678 3115 [lavid

343 3157 491 3223 relutare
517 3159 596 3223 velit
611 3166 643 3224 et
668 3158 823 3224 altiorem
840 3159 972 3224 llessiae
988 3158 1161 3244 originem
1179 3180 1219 3224 ac
1238 3157 1443 3243 dignitatem
1463 3154 1674 3229 ostenderet,

342 3264 448 3328 verba
464 3266 650 3330 necessario
664 3265 866 3354 explicanda
879 3273 957 3331 sunt
977 3265 1025 3330 ita
1042 3273 1078 3329 ut
1094 3263 1184 3330 filius
1199 3264 1412 3350 intelligatur
1431 3263 1532 3351 isqui
1553 3261 1679 3327 nonsit

343 3372 406 3435 nisi
418 3370 507 3436 filius
521 3370 635 3438 David.
652 3376 833 3462 Perperam
846 3371 952 3460 aliqui
964 3372 1128 3460 (Strauss‚
1150 3369 1337 3448 Schenkel‚
1358 3369 1486 3456 Renan)
1506 3368 1677 3435 affirmant

341 3478 538 3564 quaestione
563 3478 627 3544 hac
651 3479 757 3568 ipsam
781 3479 900 3564 negari
925 3478 1098 3564 originem
1126 3476 1319 3543 davidicam
1341 3475 1513 3564 (similiter
1541 3496 1677 3564 quoque

342 3583 501 3648 t'ollamar
518 3607 550 3672 p.
569 3591 645 3665 531,
665 3585 800 3672 Reuss);
819 3586 872 3650 isti
895 3606 962 3649 non
978 3583 1161 3650 attendunt
1173 3583 1217 3649 de
1236 3605 1304 3673 qua
1322 3605 1357 3649 re
1372 3583 1555 3671 disputatio
1571 3582 1630 3647 fiat
1643 3586 1677 3647 et

341 3712 402 3754 cur
422 3695 510 3755 lesus
533 3712 607 3755 eam
626 3691 860 3779 quaestionem
884 3691 1074 3780 pharisaeis
1091 3691 1316 3779 proposuerit.
1335 3689 1497 3755 Altiorem
1515 3695 1628 3754 autem
1644 3694 1676 3754 et

341 3795 494 3861 divinam
515 3797 645 3862 ttessiae
666 3799 834 3884 originem
859 3819 1065 3884 cognoscere
1085 3803 1245 3886 poterant
1267 3796 1466 3885 praesertim
1490 3818 1528 3860 ex
1548 3800 1586 3860 ls.
1604 3800 1673 3874 9,6.

344 3907 396 3967 Est
418 3904 531 3991 itaque
553 3903 681 3970 llessias
696 3903 786 3970 silius
808 3902 933 3981 David,
950 3906 1033 3993 quia
1048 3904 1157 3969 laetus
1172 3911 1221 3969 est
1237 3905 1420 3969 exsemine
1435 3902 1541 3968 David
1556 3923 1675 3967 seeun-

341 4007 424 4073 ‹lum
448 4031 607 4088 earnem,
624 4018 672 4076 est
693 4011 855 4077 dominus
872 4010 976 4075 David
994 4012 1076 4098 quia
1093 4016 1143 4075 est
1157 4011 1261 4076 Filius
1278 4010 1334 4075 Dei
1351 4010 1409 4097 (cl.
1429 4014 1523 4076 Rom.
1543 4015 1609 4083 1,3.
1627 4008 1673 4095 t).

342 4117 454 4180 Notari
467 4124 600 4204 oportet
616 4124 734 4184 eontra
749 4118 880 4207 aliquos
890 4118 1004 4183 dicere
1021 4120 1129 4182 lesum
1145 4116 1197 4182 bis
1211 4116 1297 4183 adeo
1313 4117 1403 4182 clare
1420 4123 1456 4181 ut
1471 4115 1594 4181 clarius
1608 4112 1675 4179 diei

341 4230 486 4308 nequeat
506 4243 513 4288 :
533 4224 601 4310 ipse
626 4225 730 4290 David
748 4224 847 4304 dicit3
873 4246 980 4313 quare
997 4233 1089 4289 recte
1109 4224 1212 4289 infert
1231 4227 1324 4290 Patr.
1345 4244 1356 4287 :
1379 4252 1394 4282 «
1416 4227 1544 4287 constat
1568 4220 1676 4306 igilur

341 4336 513 4393 auctorem
540 4330 658 4417 psalmi
683 4352 751 4396 non
775 4332 881 4397 alium
901 4353 971 4397 esse
997 4352 1102 4419 quam
1128 4329 1304 4409 Davidem,
1328 4335 1399 4394 tum
1423 4330 1503 4417 quia
1525 4327 1675 4393 Christus

341 4443 457 4523 aperte
477 4435 511 4499 id
531 4435 628 4513 dixit,
651 4444 723 4502 tum
743 4440 824 4527 quia
843 4440 870 4504 si
890 4439 977 4503 alius
995 4444 1082 4502 esset
1104 4436 1225 4525 psalmi
1241 4442 1370 4513 auctor,
1395 4436 1458 4501 hoc
1473 4440 1675 4520 argumento

376 4654 396 4698 1,
413 4653 478 4698 ttene
491 4651 550 4698 dirit
569 4654 698 4700 Erasmus
718 4651 743 4698 iu
762 4651 927 4713 paraphrasi:
945 4665 1003 4699 cum
1027 4651 1108 4699 maior
1122 4650 1156 4698 sit
1176 4650 1315 4699 auctoritas
1335 4649 1524 4712 progenitorum
1539 4663 1616 4712 quarn
1632 4661 1675 4698 ue·

344 4735 444 4792 potum,
467 4730 594 4793 qrrnmodn
612 4731 692 4780 David
713 4745 744 4780 ex
765 4745 791 4779 se
807 4734 970 4781 nasciturum
994 4731 1105 4794 appellat
1122 4730 1256 4779 dominum
1272 4743 1358 4786 suum,
1381 4729 1460 4778 retuli
1476 4730 1497 4778 si
1514 4735 1584 4792 pater
1597 4729 1675 4778 lilium

345 4817 415 4859 teret
437 4811 586 4860 denuiuum!
602 4811 682 4859 David
697 4812 797 4860 anterus
819 4812 912 4876 spiritu
927 4811 1031 4862 coelesti
1048 4809 1152 4860 ridebat
1167 4811 1192 4860 in
1214 4811 1320 4861 Christo
1335 4809 1450 4860 nondum
1469 4813 1531 4858 nato
1555 4808 1675 4872 quiddam

343 4891 424 4939 inatus
436 4891 546 4945 hunnine,
562 4905 619 4940 euin
634 4891 687 4955 lpse
701 4891 764 4940 nihil
778 4890 848 4942 aliud
862 4897 930 4942 esset
940 4906 1017 4956 quam
1034 4891 1119 4941 homo.
