3960 5654
173 636 261 727 quid
269 657 346 726 erpo
366 632 485 698 dicum
497 632 678 722 pharisoei
695 651 729 705 et
747 633 895 716 scribae,
920 634 1002 722 quio
1022 634 1139 703 Elium
1156 641 1288 725 oportet
1304 623 1418 697 venere
1437 653 1508 720 pn·

173 745 292 811 mum?
302 760 380 806 cum
392 738 567 825 agaturde
582 745 781 831 quaestione
790 762 879 831 quae
891 761 931 805 ex
944 741 1018 809 llal.
1033 747 1089 824 t,5
1099 739 1270 829 originem
1283 734 1394 817 ducit,
1408 734 1508 802 lectio

173 848 237 916 illa
249 866 319 935 qua
333 845 443 912 solum
454 845 602 931 scribae,
617 849 704 937 legis
717 851 889 928 doctores,
905 851 1232 928 commemorantur,
1248 842 1402 932 genuina
1413 841 1510 923 vida-

173 959 245 1031 tur;
257 955 292 1017 et
303 951 385 1039 quia
397 951 524 1018 dicitur
542 952 820 1047 interropabant,
834 951 1020 1040 legendum
1034 958 1069 1019 et
1081 951 1321 1042 explicandum
1335 949 1400 1016 erit
1408 945 1440 1031 ὅ,
1461 968 1507 1027 τι,

174 1055 268 1148 quod
283 1057 417 1147 saepius
431 1056 550 1124 eodem
564 1080 664 1127 sensu
678 1061 817 1150 ponitur
835 1080 904 1147 quo
919 1050 955 1121 τί
972 1059 1025 1125 vel
1036 1048 1090 1121 διὰ
1103 1061 1150 1139 τί,
1166 1057 1204 1124 id
1218 1055 1311 1147 quod
1325 1053 1429 1123 Euro.
1447 1053 1511 1120 ud·

173 1167 269 1232 notat
279 1162 324 1230 ad
334 1187 366 1230 v.
385 1169 427 1231 28
449 1184 457 1230 :
470 1158 505 1224 τὸ
523 1162 574 1226 ὅτι
584 1161 654 1228 ἀντὶ
667 1172 722 1228 τοῦ
732 1155 832 1245 test,
845 1167 943 1232 cuius
953 1179 1033 1231 usus
1042 1163 1198 1253 exempla
1213 1165 1317 1230 etiam
1327 1161 1422 1253 apud
1430 1158 1512 1228 Lxx

174 1270 392 1359 reperiuntur
407 1269 462 1358 (cl.
483 1273 673 1339 Buttmann
690 1272 715 1341 l.
732 1297 761 1340 c.
778 1295 814 1362 p.
834 1277 916 1354 218;
937 1271 1081 1361 Scheyq,
1099 1268 1260 1358 Solium).
1278 1274 1362 1336 Nam
1376 1268 1512 1360 appari-

174 1374 304 1443 tionem
319 1377 413 1444 lllioe
432 1375 471 1442 in
486 1384 601 1445 monte
615 1378 740 1445 factam
759 1401 827 1447 non
847 1399 945 1468 posse
958 1376 1088 1446 censeri
1100 1374 1335 1468 impletionem
1357 1373 1508 1457 oraculi,

176 1502 245 1571 quo
259 1483 348 1551 Elias
360 1483 478 1550 omnio
492 1482 618 1551 dicitur
637 1487 866 1566 restituturus,
888 1486 970 1552 satis
984 1488 1241 1576 perspexerunt.

218 1593 308 1657 lesus
324 1594 439 1656 autem
449 1611 489 1655 ex
500 1590 575 1680 ipso
588 1590 729 1658 oraculo
742 1593 783 1658 iis
794 1591 1006 1658 demonstrat
1014 1591 1105 1659 liliae
1119 1583 1307 1658 adventum
1321 1593 1399 1656 ante
1413 1607 1511 1654 suam

173 1694 368 1786 passionem
381 1718 451 1762 uon
464 1717 561 1786 posse
574 1697 726 1787 concipi;
745 1721 775 1766 v.
797 1705 834 1766 11
849 1697 913 1789 qui
924 1696 1129 1789 respondens
1141 1696 1192 1763 ait
1205 1694 1276 1763 illis
1293 1694 1415 1763 :Elius
1429 1713 1509 1761 oum

172 1801 303 1870 venerit
315 1801 431 1892 primo
453 1801 606 1871 restituet
626 1805 759 1885 omnia,
784 1805 833 1871 uti
851 1804 925 1872 llal.
950 1810 1007 1886 t,6
1026 1803 1201 1871 indicatur
1221 1824 1230 1870 :
1253 1805 1430 1869 convertet
1450 1822 1511 1866 cor
1603 1829 1610 1842 .

173 1913 313 1998 patrum
323 1907 368 1975 ad
378 1907 466 1975 lilios
474 1914 507 1975 et
521 1931 582 1975 cor
594 1910 745 1978 liliorum
753 1910 797 1977 ad
811 1917 924 2001 patres
932 1933 1049 1977 eorum
1062 1911 1086 1978 i.
1102 1931 1134 1977 e.
1150 1908 1286 1976 sanabit
1301 1907 1511 2000 apostasiam

175 2036 243 2104 qua
257 2015 497 2101 generationes
510 2017 746 2106 posterioresa
760 2016 828 2084 fide
841 2023 874 2085 et
887 2017 1012 2107 pietate
1023 2015 1298 2106 patriarcharum
1312 2013 1511 2082 deiecerunt

82 2112 84 2117 ’
175 2119 269 2209 (vide
292 2141 414 2188 meum·
432 2124 622 2190 Commeat.
644 2125 680 2190 iu
702 2124 825 2214 Proph.
846 2125 930 2192 min.
955 2128 984 2191 ll
1006 2146 1042 2213 p.
1069 2120 1160 2211 t87).
1182 2127 1253 2188 lum
1272 2119 1401 2188 verosi
1423 2119 1512 2186 Elias

174 2225 277 2293 debet
291 2226 453 2295 reducere
468 2229 631 2318 pietatem
655 2237 689 2297 et
703 2230 818 2298 omnia
832 2228 875 2297 ad
894 2230 1082 2298 sanctitatis
1105 2249 1264 2296 normam
1283 2247 1509 2316 componere,

173 2344 207 2399 et
223 2332 392 2423 quomodo
406 2334 572 2425 scriptum
583 2348 633 2402 est
651 2336 687 2402 in
702 2337 827 2404 Filium
845 2336 1008 2417 homones,
1030 2347 1067 2402 ut
1090 2334 1200 2402 multa
1210 2334 1368 2425 potiatur
1380 2344 1414 2399 et
1429 2353 1510 2399 con-

175 2444 370 2508 temnutur?
383 2441 557 2530 quomodo
573 2442 648 2510 scil.
666 2442 741 2510 fieri
755 2449 881 2534 posset,
901 2448 938 2510 ut
951 2443 1019 2510 fide
1033 2449 1068 2509 et
1076 2443 1202 2532 pietate
1214 2440 1252 2507 in
1266 2439 1397 2530 populo
1411 2440 1510 2506 resti-

173 2551 249 2614 tuta
264 2548 395 2614 Messias
420 2548 465 2615 ab
486 2548 608 2616 eodem
628 2550 757 2640 populo
781 2551 995 2641 contemptui
1015 2555 1049 2617 et
1072 2548 1281 2616 cruciatibus
1298 2546 1513 2614 traderetur?

176 2653 271 2722 Unde
289 2652 441 2721 Christus
455 2677 495 2722 ex
517 2654 655 2723 duobus
675 2656 744 2724 illis
759 2657 929 2725 vaticiniis
943 2655 986 2723 de
1000 2655 1073 2724 Elia
1087 2662 1123 2722 et
1141 2654 1257 2721 llessia
1271 2653 1420 2721 ostendit
1438 2652 1513 2742 ipso

174 2758 313 2827 illorum
323 2766 527 2848 argumento
536 2767 656 2853 patere
671 2763 779 2831 Ellam
788 2765 958 2832 thesbiten
970 2786 1038 2831 non
1046 2761 1251 2853 praecedere
1265 2767 1345 2828 ante
1359 2760 1512 2850 primum
1623 2798 1626 2803 ·

174 2866 309 2934 Moesiae
324 2866 522 2935 adventum.
541 2897 558 2929 «
576 2871 612 2937 Si
632 2871 726 2937 enim
744 2872 850 2961 primi
867 2871 1032 2938 adventus
1054 2890 1257 2958 praecursor
1273 2868 1391 2935 luisset
1408 2866 1513 2933 Thes-

176 2971 264 3039 hita
273 2973 489 3041 restituturus
499 2978 632 3049 omnia.
647 2976 996 3067 quomodoscriptum
1011 2981 1099 3043 esset
1111 2975 1153 3042 de
1169 2974 1254 3041 Filio
1270 2972 1421 3041 hominis
1433 2993 1513 3039 eum

174 3100 245 3146 esse
262 3101 441 3168 passurum
459 3080 545 3148 haec
561 3087 595 3148 et
612 3082 693 3149 illa?
707 3083 815 3169 igitur
828 3106 848 3150 e
859 3083 993 3151 duobus
1004 3082 1152 3150 alterum
1167 3079 1357 3167 colligitur,
1379 3079 1433 3161 vel
1443 3100 1513 3145 non

174 3206 244 3252 esse
256 3185 365 3253 Elium
377 3187 500 3277 prioris
511 3188 680 3255 adventus
690 3212 961 3279 praecursorem,
974 3191 1003 3256 si
1018 3187 1157 3278 quidem
1174 3209 1254 3255 vere
1264 3185 1384 3253 dicunt
1397 3186 1513 3274 Scrip-

174 3296 272 3359 turae
296 3290 422 3360 debere
443 3295 516 3384 pati
541 3294 730 3379 Christum,
754 3297 809 3363 vel
833 3319 901 3363 non
928 3318 1007 3363 vere
1028 3295 1141 3363 dicere
1164 3293 1357 3384 Scripturas
1376 3311 1513 3358 annun-

178 3396 300 3465 tiantes
317 3421 389 3466 esse
411 3400 583 3468 Christum
607 3424 804 3491 passurum,
836 3403 866 3469 si
891 3403 1032 3492 quidem
1057 3400 1305 3469 crediderimus
1323 3398 1512 3466 secundum

175 3509 325 3572 mentem
341 3506 603 3597 pharisaeorum
617 3508 691 3575 fore
713 3509 819 3576 Elium
835 3508 1006 3577 thesbiten
1019 3508 1144 3600 prioris
1166 3506 1334 3574 adventus
1354 3527 1514 3596 praecur-

176 3631 302 3679 sorem.
323 3612 410 3680 Elias
433 3613 526 3680 enim
550 3615 769 3682 restituturus
787 3623 838 3683 est
852 3618 970 3684 omnio
986 3621 1020 3683 et
1040 3637 1113 3682 non
1132 3615 1198 3681 erit
1212 3613 1304 3680 ultra
1316 3611 1515 3679 incredulus

177 3718 339 3801 ludaeos,
352 3718 412 3785 sed
426 3741 544 3786 omnes
559 3721 702 3789 credent
719 3722 967 3813 praedicationi
981 3725 1148 3812 quotquot
1169 3720 1278 3787 Ellam
1300 3719 1474 3786 audierint
1495 3747 1511 3777 o

175 3822 337 3915 (theoph.
350 3825 426 3892 sim.
439 3826 547 3894 sart.
560 3829 656 3895 Patr.
671 3829 763 3920 Bisp.
779 3828 936 3918 ltersohl).
950 3828 1045 3896 Unde
1060 3831 1194 3896 constat
1207 3826 1316 3894 Eliam
1331 3847 1402 3893 non
1416 3845 1514 3915 posse

175 3932 291 3999 venire
305 3938 493 4022 antequam
505 3935 638 4001 llessias
651 3937 815 4025 patiatur.
836 3938 920 4002 Cum
940 3941 1029 4003 lesus
1047 3935 1140 4002 dicat
1156 3955 1165 4001 t
1187 3933 1275 4001 Elias
1289 3931 1442 4022 primum
1460 3954 1513 3998 re-

174 4038 284 4105 stituit
298 4039 412 4106 omnia
433 4037 615 4128 (primum,
640 4041 714 4109 scil.
736 4050 923 4132 antequam
941 4043 1058 4110 veniat
1071 4041 1144 4109 dies
1165 4040 1299 4108 Domini
1316 4061 1464 4126 magnus
1482 4044 1516 4105 et

176 4144 369 4229 horribilis,
385 4146 460 4212 llal.
479 4146 566 4237 hb),
585 4145 838 4232 musicae,
855 4150 1048 4217 doctrinam
1063 4148 1219 4215 enuntiat
1233 4148 1271 4214 in
1286 4146 1426 4214 oraculo
1445 4150 1514 4212 lla-

175 4250 307 4319 laohiae
331 4258 541 4332 contentam,
572 4253 719 4345 ideoque
748 4263 902 4347 tempore
925 4256 1032 4322 utitur
1057 4254 1228 4347 praesenti
1254 4276 1323 4343 quo
1346 4253 1515 4319 sententia

176 4359 369 4445 generatim
387 4366 524 4450 recepta
539 4362 687 4451 exprimi
703 4362 801 4430 solet.

221 4468 308 4531 lesus
322 4466 392 4532 iam
407 4474 508 4534 antea
521 4468 700 4559 discipulis
719 4469 850 4537 dixerat
868 4470 911 4538 dc
928 4477 1055 4537 loanno
1076 4468 1249 4560 baptista:
1265 4466 1293 4534 si
1308 4466 1410 4533 vultis
1427 4468 1514 4534 reoi-

174 4591 273 4662 pere,
288 4572 361 4661 ipse
378 4577 429 4640 est
445 4574 532 4641 Elias
545 4575 608 4666 qui
623 4583 785 4644 venturus
799 4584 850 4644 est
864 4577 992 4666 (llatth.
1012 4578 1138 4665 11,1t);
1160 4596 1270 4665 quare
1284 4575 1400 4662 pergit
1421 4595 1453 4640 v.
1472 4581 1515 4640 12

177 4788 213 4850 et
229 4788 388 4870 augetur,
408 4787 459 4854 uti
477 4788 506 4854 si
520 4788 614 4856 dicas
633 4791 716 4880 quin
737 4793 859 4873 immo,
882 4791 965 4882 quio
978 4804 1011 4856 et
1029 4789 1123 4857 Elios
1142 4788 1232 4855 uenit
1246 4798 1281 4854 et
1292 4788 1449 4876 lecerunt
1462 4786 1517 4853 illi

177 4911 412 4981 quoecumque
432 4894 630 4977 uoluerunt,
644 4898 731 4964 sicut
748 4899 911 4989 scriptum
928 4910 978 4965 est
992 4896 1034 4964 de
1048 4917 1108 4980 eo,·
1119 4894 1211 4962 unde
1223 4893 1323 4961 docet
1336 4916 1405 4982 quo
1414 4915 1515 4960 seusu
