3960 5654
170 458 229 517 338
711 470 801 515 nanc.
827 454 874 520 13,
900 454 960 511 1-2.

168 607 365 696 gloriationi
389 601 488 668 facile
504 601 649 688 quisque
667 604 813 690 colliget.
845 600 900 666 His
925 603 1038 693 itaque
1055 603 1167 668 verbis
1182 604 1340 670 commoti
1357 605 1497 670 Domino

168 714 285 804 templi
306 707 505 793 magnificas
520 713 708 775 structuras
727 705 910 775 ostendunt
925 711 1028 776 veluti
1045 702 1319 777 commiserantes
1343 717 1376 776 et
1395 709 1497 775 etiam

168 820 212 890 ad
232 814 560 885 commiserationem
587 817 766 881 Dominum
791 813 924 881 llectere
946 814 1120 904 cupientes
1146 824 1178 879 et
1202 818 1428 902 significantes
1453 815 1500 880 vi-

167 927 240 994 deri
264 923 364 987 nimis
385 917 511 986 durum
537 927 570 986 et
595 925 739 988 maxime
768 918 952 988 dolendum
976 919 1067 1009 quod
1095 922 1161 987 tale
1187 920 1381 990 aedificium
1408 920 1494 988 adeo

167 1028 349 1116 magnifice
373 1033 405 1092 et
430 1027 610 1115 splendide
634 1033 838 1094 exstructum
860 1035 893 1093 et
919 1033 1116 1094 exornatum
1147 1035 1231 1094 esset
1253 1028 1494 1107 desolandum;

167 1159 200 1202 v.
220 1144 234 1201 1
253 1149 285 1200 ee
305 1156 380 1200 cum
396 1134 612 1223 eprederetru·
631 1135 671 1199 de
691 1132 834 1220 templo,
850 1135 892 1199 cl.
920 1141 1038 1212 11,27;
1062 1157 1200 1224 vespere
1216 1135 1306 1200 enim
1327 1138 1361 1202 in
1379 1137 1499 1205 Betha-

167 1245 259 1309 niam
283 1241 420 1308 tendere
444 1242 593 1320 solebat;
619 1241 707 1305 unde
728 1260 805 1304 cum
831 1241 948 1307 relicto
972 1242 1098 1330 templo
1114 1241 1308 1308 ascenderet
1327 1265 1389 1330 per
1408 1243 1499 1309 viam

168 1350 293 1415 montis
313 1350 495 1426 olivarum,
523 1371 561 1413 ex
583 1369 651 1434 quo
672 1352 827 1433 aspectus
847 1349 880 1412 in
905 1353 1054 1412 montem
1072 1349 1190 1438 templi
1213 1348 1367 1438 patebat,
1384 1348 1434 1413 ait
1448 1348 1489 1415 ill
1495 1348 1503 1360 '

168 1478 254 1522 uteres
268 1479 310 1521 ez
322 1455 496 1545 disceptetis
510 1454 598 1532 seut,
621 1473 699 1516 cum
719 1456 845 1520 Marcus
865 1453 950 1519 adeo
970 1461 1126 1521 accurate
1145 1461 1260 1521 narret
1278 1454 1322 1520 ab
1341 1477 1408 1520 uno
1429 1477 1500 1520 esse

168 1584 362 1630 sermonem
377 1564 569 1649 inceptum,
598 1579 701 1622 unum
727 1560 826 1625 istum
849 1564 980 1624 Petrum
1004 1560 1104 1627 luisse
1128 1562 1234 1652 aliqui
1256 1568 1392 1628 censent
1418 1561 1501 1627 satis

168 1670 347 1760 probabile
365 1666 455 1754 (Alb.
481 1665 636 1743 setam,
663 1665 724 1730 Fil.
751 1665 842 1745 Keil,
869 1665 1003 1752 Weiss);
1028 1666 1111 1732 alibi
1132 1690 1270 1757 quoque
1288 1673 1403 1734 Petrus
1418 1689 1500 1756 prae

168 1776 243 1842 aliis
260 1774 416 1841 sedulum
432 1795 466 1839 se
481 1771 624 1861 praebet
640 1773 672 1836 in
691 1771 859 1860 loquendo
877 1778 909 1837 et
925 1773 1181 1860 interrogando;
1200 1775 1360 1864 ntupe'ster
1374 1774 1500 1863 aspice,

168 1883 288 1972 quales
307 1879 437 1968 lapides
462 1892 495 1944 et
517 1878 636 1967 quales
662 1881 873 1943 structurae!
900 1886 933 1943 et
959 1878 1118 1968 Iosephus
1147 1879 1286 1968 quidem
1314 1887 1431 1947 narrat
1460 1879 1502 1946 de

170 1989 298 2076 templo
311 1987 355 2052 ab
373 1984 503 2052 llerode
518 1995 680 2050 exornato
699 2007 705 2049 :
722 1984 939 2050 aedificatum
957 1996 1070 2052 autem
1085 1993 1133 2052 est
1148 1988 1311 2077 ternplum
1330 2012 1367 2054 ex
1383 1986 1502 2076 lapidi-

168 2093 232 2160 bus
250 2092 405 2159 oandidis
428 2099 462 2157 et
482 2091 588 2156 firmis
615 2098 647 2156 et
671 2090 882 2176 singulorum
909 2091 1112 2178 magnitudo
1135 2101 1208 2160 erat
1233 2095 1267 2159 in
1287 2093 1429 2181 longum
1456 2093 1500 2160 ad

168 2201 299 2268 cubitos
320 2199 455 2265 circiter
480 2200 635 2288 quinque
658 2204 688 2261 et
707 2197 847 2283 viginti,
872 2198 905 2262 in
932 2198 1145 2265 altitudinem
1175 2208 1264 2279 octo,
1290 2201 1324 2265 in
1348 2200 1500 2266 latitudi-

170 2330 247 2374 nem
263 2329 344 2372 vero
358 2306 492 2371 circiter
507 2303 704 2383 duodecim;
722 2312 822 2392 atque
838 2304 957 2394 templi
973 2305 1166 2372 aediticium
1181 2314 1249 2373 tam
1264 2307 1502 2393 magnitudine

169 2435 272 2504 quam
285 2422 357 2479 arte
371 2411 637 2500 adspicientibus
649 2418 821 2498 stuporem
833 2411 1007 2478 incussisse
1020 2413 1169 2479 affirmat
1182 2415 1307 2502 (antiq.
1324 2422 1436 2497 15,11.
1452 2419 1499 2499 3).

170 2525 208 2587 et
231 2520 297 2587 alio
320 2521 355 2584 in
380 2518 455 2584 loeo
478 2517 560 2582 dicit
584 2517 748 2604 templum
773 2518 985 2583 venientibus
1009 2541 1026 2584 e
1053 2519 1241 2609 longinquo
1265 2520 1373 2587 simile
1397 2521 1503 2586 monti

170 2629 270 2694 niveo
292 2628 399 2692 visum
421 2647 509 2706 esse,
535 2626 663 2713 quippe
679 2622 771 2711 quod
787 2623 846 2689 ubi
863 2646 929 2689 non
951 2632 1023 2690 erat
1042 2625 1244 2693 deauratum
1262 2627 1502 2693 candidissimo

171 2756 339 2800 marmore
354 2738 541 2810 constaret;
564 2730 607 2796 ad
627 2731 703 2796 solis
718 2737 869 2796 exortum
887 2733 959 2817 igni
973 2733 1185 2799 simillimum
1200 2734 1376 2800 emicuisse
1389 2735 1503 2823 splen-

170 2840 305 2915 dorem,
331 2847 366 2905 ut
391 2839 480 2905 oculi
505 2838 709 2903 intuentium
736 2837 831 2925 quasi
855 2838 959 2904 radiis
981 2839 1147 2906 solaribus
1167 2840 1246 2906 inde
1269 2848 1504 2908 averterentur

171 2947 267 3035 (Bell.
293 2945 365 3011 iud.
386 2951 454 3022 5‚5.
478 2951 520 3023 tt).

216 3060 323 3142 Atque
342 3056 429 3117 lesus
446 3051 670 3116 attentionem
686 3049 929 3138 discipulorum
951 3051 1053 3138 dirigi
1075 3054 1145 3118 vult
1166 3051 1209 3119 ad
1229 3054 1345 3143 templi
1368 3055 1503 3140 magni-

171 3161 360 3241 ficentiam,
387 3180 454 3247 quo
476 3155 585 3241 magis
614 3157 736 3221 animis
755 3155 821 3222 alte
851 3164 1017 3246 reponant
1036 3158 1200 3224 iudicium
1225 3161 1281 3226 uei
1307 3162 1340 3226 in
1365 3160 1504 3227 illudet

171 3267 337 3358 populum
361 3271 549 3353 apostatam
581 3260 848 3343 devolvendum3
877 3287 982 3352 quare
1008 3288 1038 3330 v.
1069 3272 1089 3330 2
1119 3279 1150 3331 et
1181 3267 1385 3357 respondens
1410 3270 1500 3334 lesus

171 3375 221 3440 aie
235 3372 288 3440 illi
306 3395 318 3438 :
343 3371 432 3437 vides
446 3370 506 3436 leus
528 3391 642 3434 onzues
663 3391 803 3456 neqpeus
823 3369 1096 3456 aedificationes?
1114 3376 1272 3462 quamvis
1291 3376 1356 3439 sint
1372 3376 1506 3460 magni·

173 3480 407 3547 licentissimae
434 3486 535 3566 atque
560 3478 607 3541 ita
632 3476 780 3541 munitae
806 3483 838 3542 et
864 3476 1007 3559 solidae,
1037 3486 1074 3544 ut
1100 3480 1291 3568 expugnari
1313 3505 1352 3547 ac
1373 3480 1503 3547 destrui

174 3609 241 3655 non
271 3608 365 3675 posse
390 3584 571 3650 videantur
598 3607 605 3647 :
632 3606 698 3647 riou
716 3583 927 3672 relinquetur
951 3584 1037 3674 lupis
1060 3608 1163 3674 super
1185 3586 1333 3676 lapidem
1347 3588 1409 3677 qui
1437 3611 1505 3654 non

173 3693 391 3773 destruatur;
416 3714 494 3757 cum
514 3691 639 3756 dixerit
659 3689 748 3755 rides
773 3691 832 3756 bas
856 3691 1127 3770 aedificationes,
1153 3695 1257 3760 etiam
1282 3694 1324 3761 de
1352 3697 1453 3760 ruina
1473 3703 1506 3760 et

173 3801 398 3868 destructione
423 3797 656 3864 aedificiorum
681 3819 769 3887 quae
795 3805 866 3863 tum
896 3801 1043 3887 aspectui
1071 3800 1322 3866 obiiciebantur
1341 3801 1503 3890 loquitur.

175 3908 266 3976 Unde
289 3907 374 3972 bene
399 3912 511 3970 monet
535 3908 629 3970 Patr.
653 3926 663 3967 .·
691 3935 704 3961 «
730 3904 879 3970 Christus
903 3913 1015 3971 tamen
1041 3905 1083 3971 de
1107 3908 1179 3995 ipso
1201 3906 1357 3973 aedificio
1377 3909 1507 3974 locutus

176 4024 241 4091 est,
263 4023 298 4080 ut
317 4019 474 4103 apparet.
499 4034 564 4077 non
590 4011 634 4075 de
658 4011 965 4077 substructionibus
983 4034 1129 4101 quarum
1157 4013 1321 4102 reliquiae
1344 4015 1378 4080 in
1400 4014 1508 4083 latere

175 4123 300 4188 montis
315 4123 503 4186 etiamnum
527 4120 733 4184 visuntur».
761 4117 934 4195 Quomodo
958 4126 1071 4184 autem
1094 4120 1291 4208 templum«
1319 4143 1405 4210 opus
1429 4143 1500 4187 om-

176 4231 269 4294 nium
302 4251 388 4317 qnae
414 4227 560 4291 vidimus
582 4233 615 4290 et
634 4224 826 4290 audivimus
847 4226 992 4291 maxime
1016 4225 1219 4293 admirabile
1239 4234 1307 4293 tam
1331 4229 1376 4294 ob
1399 4234 1507 4294 strue-

179 4343 286 4401 turam
306 4358 410 4424 quam
435 4332 727 4418 magnitudinem.
759 4332 863 4397 invito
883 4336 1022 4398 Caesare
1046 4362 1060 4390 n
1085 4335 1127 4398 sit
1148 4342 1320 4409 exustum,
1350 4335 1509 4424 Iosephus

177 4451 295 4509 narrat
316 4444 407 4508 uolt.
430 4440 499 4506 iud.
529 4446 598 4518 6,t.
630 4443 753 4527 aseq.)
780 4447 811 4503 et
836 4439 1007 4527 quomodo
1033 4439 1183 4507 lulianus
1204 4449 1359 4530 apostata
1383 4442 1509 4507 trustra

176 4556 318 4617 conatus
344 4551 385 4614 sit
404 4550 594 4613 instaurare
617 4543 780 4633 templum
802 4567 870 4633 quo
885 4555 1006 4612 conatu
1024 4550 1125 4614 etiam
1147 4550 1255 4614 maior
1272 4548 1449 4614 ruinarum
1470 4571 1510 4614 ao

177 4656 338 4724 ruderum
362 4657 433 4721 eius
447 4655 633 4720 destructio
654 4654 695 4718 sit
715 4653 831 4718 allecta
848 4654 989 4719 historia
1009 4662 1089 4721 teste
1112 4662 1242 4722 constat
1265 4655 1321 4742 (cl.
1339 4658 1506 4722 ammian.

178 4770 280 4832 tlarc.
303 4768 395 4833 331,
418 4766 587 4831 Socrates,
609 4762 643 4826 h.
664 4784 693 4825 e.
717 4767 807 4838 320.
829 4764 1031 4827 Sozomenus
1046 4769 1137 4833 ΜΞ.
1160 4762 1388 4828 Theodoreus
1409 4771 1507 4844 3,15;

179 4880 328 4939 ceterum
351 4867 427 4933 ride
448 4872 634 4934 Comment.
663 4869 773 4935 llatth.
798 4872 822 4933 ll
842 4890 876 4957 p.
895 4874 957 4934 307
974 4871 1072 4959 seq).
