3960 5654
178 516 237 576 226
625 517 629 525 ’
737 531 827 575 niae.
852 511 882 582 8,
901 511 952 571 38.

177 667 320 755 siquem
336 661 499 753 puduerit
511 660 579 726 mei
594 667 627 727 et
642 664 823 731 verborum
840 682 1006 744 meorum,-
1025 664 1052 730 si
1066 662 1147 753 quis
1161 663 1339 731 erubuerit
1352 658 1505 750 profiteri

178 786 232 839 me
246 778 280 838 et
293 767 484 835 doctrinam
496 788 628 847 ·meam;
649 800 664 831 «
680 770 973 857 nosterinterpres
988 768 1071 837 dum
1085 789 1213 857 graeca
1224 769 1332 837 verba
1341 766 1508 834 imitando

176 882 320 947 conatur
329 874 529 964 exprimere,
542 873 766 944 minuslatine
777 874 937 963 loquitur,
950 877 1037 944 sicut
1045 881 1216 943 etllarcus
1226 878 1337 962 magis
1346 872 1507 943 hebraice

176 1004 280 1074 quam
302 1003 424 1067 graece
438 982 569 1047 locutus
582 982 695 1051 fuerat
716 1011 732 1042 »
749 979 900 1070 (Multi),
926 981 1192 1072 inperatoriam
1211 980 1277 1047 ista
1299 982 1457 1049 adultera
1475 991 1509 1044 et

171 1089 380 1181 peccatrice,
398 1085 537 1153 additur
552 1086 640 1170 hoc,
657 1090 744 1179 quia¹
756 1085 988 1178 apudimpios
1002 1088 1212 1180 praedicatio
1227 1087 1352 1155 Christi
1367 1089 1508 1176 eiusque
1592 1073 1597 1082 ⁶

176 1194 349 1262 doctrinae
359 1193 487 1261 derisui
499 1192 663 1278 habetnr3
680 1194 739 1261 sed
753 1192 872 1260 talium
888 1195 1065 1262 hominum
1080 1193 1272 1261 irrisionem
1284 1199 1318 1261 et
1333 1200 1509 1283 contemp-

175 1308 248 1368 tum
268 1302 389 1368 timere
408 1322 449 1366 eo
462 1301 583 1386 ,magis
606 1302 727 1391 culpae
752 1305 942 1367 verteretur
964 1300 1138 1390 discipulis
1158 1299 1371 1389 Christique
1392 1300 1509 1367 abiis

174 1410 290 1498 sperni
299 1430 374 1475 ‘non
388 1405 600 1492 ignominiae
615 1413 665 1473 est
674 1406 731 1472 sed
749 1405 882 1474 honori.
900 1407 1028 1475 Dicitur
1041 1406 1200 1474 adultera
1212 1406 1391 1495 generatio
1400 1407 1509 1496 ,quia

176 1516 323 1607 populus
342 1513 400 1582 Dei
418 1510 557 1580 loedere
571 1513 727 1581 sinaitico
742 1513 840 1602 quasi
856 1537 979 1604 sponsa
992 1512 1126 1581 Domini
1140 1512 1376 1582 consideratur
1389 1512 1447 1601 (cl.
1465 1517 1506 1579 ls.

175 1628 274 1703 50,1.÷
285 1627 348 1689 ler.
366 1626 436 1704 Μ.
454 1624 509 1686 Ez'.
525 1625 605 1702 16,8
617 1624 689 1708 seq'.
709 1621 761 1685 Os.
779 1625 837 1700 22
854 1621 952 1710 etc.)«;
966 1619 1057 1686 unde
1070 1607 1283 1710 sipeccando
1297 1643 1318 1687 a
1332 1624 1398 1686 Deo
1413 1640 1509 1686 rece-

174 1727 243 1812 dit,
259 1728 364 1795 fidem
379 1726 570 1816 nuptialem
582 1725 715 1794 violare
731 1740 765 1792 et
781 1726 978 1794 adulterare
998 1726 1124 1794 dicitur
1137 1732 1173 1795 et
1185 1728 1256 1817 qui·
1266 1732 1333 1794 Deo
1351 1725 1509 1793 infideles

173 1842 254 1905 sunt
269 1843 446 1925 tamquam
461 1831 524 1898 filii
543 1831 729 1900 adulterini
742 1837 776 1898 et
795 1835 903 1922 spurii
915 1833 1152 1900 existimantur
1167 1832 1226 1923 (cs.
1238 1833 1357 1900 vllatth.
1377 1831 1506 1920 laea).

176 1973 191 2004 a
213 1941 378 2010 Adultera
391 1946 438 2007 est
457 1961 544 2028 quae
562 1961 641 2005 cum
663 1938 732 2005 alio
746 1939 819 2005 viro
838 1941 958 2021 luerit,
975 1944 1009 2006 et
1024 1940 1140 2007 anima
1155 1961 1246 2029 quae
1266 1945 1369 2006 Deum
1388 1960 1509 2006 verum

174 2070 335 2139 sponsum
358 2045 507 2114 deseruit
524 2067 586 2112 nec
608 2046 681 2111 eius
702 2043 893 2112 doctrinam
918 2045 1100 2113 custodivit
1121 2052 1155 2113 et
1175 2047 1307 2114 semina
1323 2045 1510 2135 impietatis

173 2155 328 2244 suscipit,
346 2152 503 2221 adultera
516 2157 657 2218 vocatur
668 2181 683 2210 »
703 2150 837 2241 (Viet.);
851 2164 885 2218 et
895 2150 1003 2219 Filius
1014 2153 1161 2220 domimi
1173 2151 1401 2243 confundetur
1412 2173 1506 2233 eum,

174 2284 253 2330 eum
266 2283 336 2328 non
351 2265 528 2347 agnoscet,
543 2257 603 2324 sed
627 2279 707 2324 cum
721 2257 914 2344 ignominia
932 2258 1087 2338 abiiciet,
1106 2281 1184 2327 cum
1199 2260 1329 2326 venerit
1343 2260 1380 2325 in
1396 2258 1509 2349 plocio

175 2369 288 2438 Patris
299 2368 356 2434 sui
367 2388 448 2433 cum
458 2364 589 2455 capelia
602 2365 727 2430 sanctis
733 2385 747 2447 ;
760 2366 882 2432 merito
897 2365 954 2432 hic
968 2387 1003 2432 se
1022 2365 1106 2432 dicit
1119 2366 1253 2433 uilium.
1262 2366 1415 2434 hominis
1431 2387 1510 2432 cum

173 2499 208 2544 se
225 2481 405 2543 venturum
428 2494 467 2539 ea
482 2470 594 2558 gloria
608 2470 700 2537 dieat
713 2493 782 2560 qna
796 2472 913 2538 Daniel
929 2478 1006 2552 7,13
1027 2472 1148 2539 Filium
1167 2473 1316 2540 hominis
1330 2473 1365 2538 in
1381 2471 1509 2539 visione

173 2583 318 2651 intuitus
333 2586 393 2649 est.
413 2585 449 2646 ln
470 2577 591 2645 ultimo
604 2576 733 2644 iudicio
752 2577 892 2667 quando
904 2579 1085 2669 apparebit
1098 2579 1135 2646 in
1152 2579 1328 2648 maiestate
1347 2585 1381 2646 ct
1396 2578 1510 2666 gloria

174 2690 293 2758 divina
309 2709 386 2755 cum
402 2683 581 2776 splendido
598 2683 804 2772 angelorum
819 2686 981 2753 comitatu
994 2686 1110 2776 palam
1126 2687 1201 2770 fiet,
1218 2708 1324 2778 quam
1343 2688 1510 2753 immensa

174 2797 316 2865 stultitia
329 2800 363 2862 et
376 2793 516 2881 ignavia
528 2791 580 2858 illi
595 2792 723 2858 luerint
737 2791 798 2881 qui
812 2790 915 2859 talem
928 2815 968 2860 ac
982 2798 1114 2860 tantum
1132 2814 1254 2881 regem
1270 2793 1411 2883 eiusque
1427 2793 1510 2859 doc-

174 2905 298 2970 trinam
319 2900 474 2992 profiteri
488 2899 692 2966 erubuerint
709 2920 825 2965 coram
840 2899 1039 2966 hominibus
1056 2902 1150 2968 omni
1170 2907 1368 2990 contemptu
1381 2900 1507 2986 dignis.

174 3016 216 3080 Ut
243 3009 293 3077 illi
321 3008 435 3099 palam
465 3005 635 3073 Christum
661 3005 816 3072 venerari
843 3005 943 3072 veriti
965 3012 1064 3090 sunt,
1086 3007 1135 3074 ita
1159 3012 1234 3074 tum
1252 3007 1355 3074 iudex
1373 3006 1510 3072 divinus

175 3138 292 3186 coram
307 3115 466 3181 omnibns
483 3133 539 3178 eos
554 3133 632 3177 cum
647 3109 883 3197 indignatione
897 3117 1075 3201 tamquam
1089 3136 1125 3180 se
1139 3113 1241 3203 plane
1255 3113 1418 3201 indignos
1431 3112 1511 3179 reii-

176 3226 260 3305 ciet,
283 3221 388 3287 veluti
403 3218 535 3309 pudore
552 3215 754 3283 afficiendus
771 3238 885 3283 coram
904 3222 1002 3286 Patre
1019 3224 1054 3286 et
1069 3219 1201 3305 angelis
1220 3225 1254 3287 et
1268 3219 1388 3300 beatis,
1411 3220 1439 3286 si
1454 3240 1512 3286 eos

175 3333 264 3398 inter
281 3350 359 3396 suos
373 3330 647 3394 connumeraret.
665 3327 918 3390 Commemorat
931 3325 1077 3411 gloriam
1095 3326 1218 3409 Patris,
1235 3350 1305 3418 qua
1321 3327 1393 3394 scil.
1413 3331 1511 3393 Pater

175 3459 255 3505 eum
276 3432 523 3502 clarificaturus
541 3435 591 3497 cst
605 3429 709 3518 (loan.
729 3436 819 3510 17,1.
835 3430 869 3517 5)
889 3431 970 3520 quia
992 3453 1093 3499 omne
1109 3432 1277 3500 iudicium
1296 3434 1378 3500 Filio
1397 3433 1507 3513 dedit;

176 3548 320 3635 apparet
334 3543 372 3606 in
385 3561 426 3606 ea
438 3537 548 3624 gloria
562 3535 608 3603 ad
619 3535 784 3602 indicium
797 3558 884 3625 quae
899 3537 935 3602 in
949 3559 977 3604 s.
993 3538 1113 3606 litteris
1128 3543 1194 3607 Deo
1208 3540 1421 3623 attribuitur,
1436 3540 1508 3608 scil.

177 3654 211 3719 in
224 3648 375 3717 nubibus
389 3644 475 3712 coeli
489 3650 613 3710 etcum
625 3642 773 3729 angelis
788 3643 879 3710 hanc
894 3643 1041 3730 gloriam
1052 3645 1195 3736 opponit
1208 3646 1394 3714 humilitati
1406 3647 1511 3738 primi

175 3742 229 3825 siri
238 3756 404 3825 adventus
416 3750 461 3818 ob
473 3771 578 3836 quam
593 3747 758 3838 quosdam
773 3747 881 3838 pudet
895 3750 1065 3818 Christum
1079 3753 1218 3842 eiusque
1230 3751 1425 3821 doctrinam
1437 3777 1510 3822 sus·

176 3866 291 3956 cipere
302 3868 335 3928 et
349 3858 503 3951 profiteri
515 3856 572 3944 (cf.
587 3854 707 3943 lauat
726 3859 770 3921 Ex
783 3861 853 3922 tota
865 3855 929 3923 hac
941 3860 1108 3926 sententia
1122 3860 1225 3927 etiam
1240 3860 1428 3947 colligitur,
1443 3884 1511 3928 non

176 3971 333 4039 sulficere
344 3965 447 4033 fidem
465 3962 667 4043 mentalem,
685 3962 862 4029 sedetiam
877 3963 1228 4051 exigiconfessionem
1244 3969 1315 4034 oris
1332 3968 1512 4058 (Theopb.)

178 4086 211 4145 et
229 4075 472 4168 professionem
488 4068 664 4160 publicam
680 4075 714 4136 et
732 4069 954 4156 gloriandum
969 4094 1040 4170 esse
1058 4073 1094 4140 in
1108 4096 1208 4142 cruce
1228 4077 1353 4143 Christi
1374 4076 1508 4166 palam,

177 4185 227 4251 uti
240 4181 412 4274 apostolus
433 4178 516 4244 dicit
537 4199 544 4244 :
566 4198 636 4242 uon
652 4175 814 4243 erubesco
830 4179 1048 4266 evangelium
1067 4182 1173 4267 (Rom.
1196 4188 1287 4265 1,16.
1307 4182 1378 4250 Gal.
1403 4185 1510 4272 fill).

222 4293 276 4357 Uti
292 4310 397 4378 supra
411 4286 446 4352 in
460 4304 632 4373 reserpere
645 4305 676 4347 v.
691 4288 729 4349 31
746 4284 899 4350 exhibuit
913 4285 1057 4371 gloriam
1068 4286 1113 4354 ad
1128 4311 1233 4378 quam
1250 4292 1510 4380 perpessionem

103 4397 105 4400 ⁴
177 4404 212 4466 et
225 4403 369 4463 mortem
383 4394 426 4460 sit
440 4397 682 4482 perventurus,
700 4390 748 4455 ita
762 4413 853 4457 nunc
868 4390 903 4457 in
920 4392 1028 4460 salute
1042 4393 1176 4463 animae
1190 4418 1222 4464 v.
1238 4402 1280 4465 35
1297 4404 1331 4464 et
1345 4397 1381 4464 in
1400 4398 1509 4485 gloria

177 4526 237 4571 sua
251 4500 400 4569 ostendit
415 4499 528 4565 denuo
543 4496 587 4563 ad
603 4517 705 4586 quem
721 4499 905 4563 terminum
921 4499 1080 4566 omnibns
1095 4503 1182 4569 votis
1197 4503 1463 4573 desiderandum
1480 4512 1512 4572 et

176 4608 408 4701 appetendum
423 4603 617 4673 adducendi
631 4603 697 4669 sint
712 4604 773 4692 qui
788 4604 1016 4692 abnegatione
1029 4612 1062 4673 et
1077 4610 1272 4694 portatione
1288 4613 1399 4679 crucis
1412 4634 1447 4679 se
1461 4636 1511 4682 se·

178 4720 339 4807 quantur.
366 4715 461 4779 Hisce
485 4712 589 4778 aliam
612 4709 708 4777 addit
731 4710 1037 4781 confirmationem.
1061 4719 1101 4782 Ut
1118 4717 1189 4783 scil.
1217 4719 1312 4784 omni
1328 4719 1460 4808 pudore
1478 4728 1511 4787 et

177 4825 301 4890 timore
324 4820 432 4911 posito
457 4817 626 4885 Christum
647 4818 786 4906 eiusque
808 4815 998 4886 doctrinam
1018 4821 1155 4911 publice
1179 4824 1407 4913 profiteantur
1426 4850 1511 4896 neve

178 4933 361 4997 vereantur
375 4928 410 4992 in
426 4948 460 4993 se
475 4926 647 5015 suscipere
661 4945 736 4991 eam
750 4945 838 5013 quae
853 4928 1043 4994 necessaria
1059 4929 1173 4996 futura
1189 4933 1232 4998 sit
1246 4932 1510 5023 abnegationem
