3960 5654
220 444 244 476 Ἰ
327 461 329 466 ’
377 470 436 529 ¹1⁴
924 496 1012 539 nanc.
1037 481 1065 548 l,
1089 479 1150 535 1-7.

375 621 509 689 subiicit
534 621 640 688 oculis
662 621 759 709 quasi
782 647 855 692 eam
882 629 997 695 sistens
1021 630 1244 717 praesentem)
1271 626 1318 695 ud
1342 651 1418 694 eunt
1447 627 1545 694 tando
1570 627 1696 709 antello,

376 750 497 817 graece
526 749 534 794 :
558 726 725 814 plurima,
751 730 842 822 ὄχλος
860 737 1017 813 πλεῖστος,
1047 734 1144 821 proin
1168 756 1349 824 progressu
1377 737 1527 824 quodam
1556 733 1599 798 ad
1623 734 1699 796 eroth

374 833 487 905 πλῆθος
506 838 575 911 3,’1.
595 838 627 913 8,
649 833 697 902 ito
713 850 751 904 ut
762 841 876 906 navim
895 839 1075 908 ascendens
1089 840 1214 907 sederet
1229 843 1264 908 in
1280 842 1379 921 orari,
1397 850 1509 909 tantus
1526 847 1599 908 erat
1616 864 1697 907 con-

377 960 495 1007 cursus
513 943 551 1004 ut
570 961 609 1006 ea
627 947 777 1012 uteretur
797 949 1048 1034 opportunitate
1069 967 1172 1034 quam
1193 949 1255 1014 sihi
1276 954 1430 1036 paratam
1450 972 1489 1015 ac
1503 956 1696 1037 promptam

379 1065 450 1111 esse
468 1045 623 1114 voluerat
641 1056 715 1132 3,9;
737 1064 769 1118 et
789 1053 897 1118 omnis
914 1056 1007 1119 turba
1028 1051 1117 1117 circo
1134 1076 1227 1120 more
1243 1074 1344 1142 stipor
1362 1064 1484 1119 temam
1501 1066 1593 1136 eron
1607 1053 1699 1119 sedet

372 1149 410 1215 in
427 1151 586 1220 navicula
597 1156 732 1243 piscans
745 1162 780 1222 et
793 1157 829 1222 iu
848 1180 943 1226 suam
963 1157 1100 1225 trahens
1120 1181 1281 1246 sagenam
1299 1160 1427 1246 eosqui
1445 1161 1477 1225 in
1495 1166 1585 1228 terra
1597 1167 1693 1241 sunt;

371 1262 530 1324 accurate
559 1262 768 1348 evangelista
798 1285 933 1332 scenam
955 1265 1127 1352 componit
1150 1268 1280 1355 (Viae).
1304 1295 1319 1325 a
1351 1265 1509 1332 Videmus
1528 1268 1696 1334 Christum

370 1365 464 1430 terra
480 1367 636 1457 marique
654 1369 871 1454 evangelium
890 1392 1080 1460 propagare
1103 1379 1136 1438 et
1154 1374 1239 1439 sicut
1259 1378 1462 1439 mercatores
1482 1372 1633 1455 lucrum,
1650 1375 1698 1440 ita

369 1469 502 1538 animas
520 1494 702 1561 quaerere,
727 1481 760 1540 et
778 1482 959 1567 postquam
983 1477 1140 1564 privatim
1160 1478 1253 1544 domi
1277 1478 1486 1567 praedicavit
1506 1478 1644 1566 prodire
1662 1482 1695 1545 in

368 1576 564 1666 publicum,
582 1585 619 1645 ut
631 1601 748 1647 omnes
762 1581 938 1650 doctrinae
955 1604 1034 1649 suae
1048 1586 1228 1673 participes
1243 1584 1344 1651 faciat
1365 1613 1380 1644 »ι
1400 1584 1549 1675 (nield).

412 1688 496 1751 Eum
517 1682 578 1751 diu
605 1692 639 1753 et
655 1687 852 1777 frequenter
869 1689 1020 1756 docuisse
1039 1690 1195 1780 explicite
1215 1693 1373 1758 statuitur
1397 1714 1428 1756 v.
1456 1699 1476 1756 ‘2
1501 1705 1532 1758 et
1557 1692 1696 1761 docebat

368 1787 526 1862 ἐδίδασκεν
546 1790 642 1879 (nota
664 1795 760 1862 verbi
782 1796 928 1863 formam
952 1796 994 1862 de
1014 1796 1165 1886 eoquod
1185 1796 1259 1863 fieri
1276 1798 1373 1885 solet)
1393 1821 1448 1864 eos
1467 1799 1503 1863 in
1520 1793 1695 1884 parabolis

367 1904 494 1987 multa,
514 1909 644 1994 septem
663 1901 767 1968 refert
781 1902 966 1969 Matthaeus
982 1925 1057 1991 cap.
1079 1910 1131 1983 13,
1152 1925 1191 1968 ex
1209 1904 1332 1993 quibus
1346 1903 1431 1970 duas
1445 1910 1573 1970 llarcus
1592 1902 1696 1968 tradit

367 2009 424 2102 (de
445 2012 632 2078 seminante
651 2014 685 2076 et
710 2029 818 2094 grano
837 2008 972 2098 sinapis)
995 2008 1112 2076 addita
1133 2009 1230 2076 tertia
1251 2033 1338 2099 quae
1358 2010 1441 2076 alibi
1461 2032 1528 2075 non
1548 2030 1694 2076 comme-

365 2123 522 2185 moratur
534 2116 728 2207 (desemine
742 2114 831 2180 ultro
847 2113 1070 2181 fructificante
1085 2116 1195 2201 t,26);
1211 2129 1244 2181 et
1261 2115 1392 2182 dicebat
1407 2117 1477 2184 illis
1489 2118 1524 2182 in
1538 2115 1693 2182 doctrino

364 2246 427 2291 aaa
445 2225 468 2290 i.
491 2246 521 2291 e.
551 2225 642 2289 inter
665 2243 812 2311 eaquae
833 2220 949 2287 docuit
965 2222 1066 2288 etiam
1084 2221 1220 2288 dicebat
1236 2223 1301 2288 illis
1320 2223 1517 2313 parabolam
1533 2245 1621 2312 quae
1642 2245 1693 2289 se-

364 2331 493 2422 quitur,
514 2331 550 2397 in
570 2328 778 2396 institutione
802 2333 836 2393 et
859 2326 1016 2394 doctrina
1029 2350 1133 2417 quam
1150 2328 1199 2394 ibi
1219 2330 1370 2419 exposuit
1390 2331 1493 2396 etiam
1515 2330 1599 2395 haec
1615 2351 1692 2418 pro

365 2439 459 2521 tulit;
477 2437 535 2505 alii
551 2423 681 2524 διδαχὴν
700 2435 871 2523 accipiunt
888 2433 929 2500 de
955 2434 1054 2501 modo
1080 2443 1113 2501 et
1139 2437 1269 2502 ratione
1288 2436 1430 2503 docendi
1451 2437 1575 2504 Christi
1591 2436 1692 2524 (Keil,

371 2544 507 2634 Weiss);
528 2549 563 2611 at
581 2543 752 2610 Christum
771 2563 832 2608 suo
852 2540 953 2607 modo
970 2548 1002 2607 et
1016 2543 1146 2608 ratione
1166 2542 1230 2608 sibi
1252 2546 1392 2632 propria
1408 2544 1558 2610 docuisse
1578 2566 1639 2633 per
1658 2566 1692 2609 se

363 2656 468 2743 patet.
502 2655 584 2718 llum
611 2648 829 2740 peculiariter
851 2669 1050 2738 provocasse
1075 2650 1294 2716 attentionem
1320 2651 1410 2716 solus
1441 2651 1544 2716 habet
1567 2655 1693 2716 Marcus

363 2781 397 2826 v.
415 2765 434 2825 3
449 2756 583 2839 audite,
599 2763 673 2824 tum
686 2755 855 2845 pergitur,
873 2761 911 2820 ut
927 2754 1019 2845 apud
1034 2756 1145 2822 llatth.
1163 2778 1315 2846 quoque,
1332 2780 1407 2823 ecce
1426 2757 1508 2823 exiit
1522 2757 1693 2823 seminans

364 2863 414 2932 ad
425 2862 683 2946 seminandum
701 2862 841 2928 sednon
859 2863 974 2927 omnia
988 2883 1098 2948 grana
1117 2862 1265 2930 afferunt
1280 2865 1445 2943 fructum,
1469 2886 1535 2929 non
1552 2864 1691 2954 quidem

364 2992 404 3038 ex
417 2971 501 3038 vitio
526 2970 680 3051 seminis,
702 2968 761 3034 sed
784 2969 866 3057 quia
885 2989 999 3033 semen
1023 2967 1148 3034 bonum
1172 2991 1237 3035 non
1262 2971 1424 3060 recipitur
1449 2993 1488 3036 eo
1509 2969 1609 3037 modo
1624 2994 1691 3060 quo

365 3082 501 3168 oportet
519 3081 558 3143 ut
582 3076 731 3142 fructum
754 3075 857 3152 terat,
885 3098 915 3140 v.
941 3082 959 3142 t
989 3074 1088 3141 aliud
1111 3075 1229 3142 cecidit
1249 3079 1339 3142 circo
1362 3079 1450 3142 aiom
1478 3090 1692 3143 revenerunt

363 3183 515 3251 volucres
527 3181 613 3249 coeli
623 3193 654 3248 et
667 3180 885 3248 comederunt
900 3180 1002 3259 illud,
1020 3205 1051 3247 v.
1069 3191 1088 3248 5
1104 3181 1204 3248 uliud
1217 3183 1335 3248 cecidit
1350 3206 1450 3272 saper
1466 3198 1616 3272 panesa,
1635 3183 1695 3249 ubi

364 3312 433 3357 non
446 3289 564 3357 habuit
584 3300 708 3355 terram
723 3284 868 3353 maltam
889 3288 1044 3353 aestatim
1064 3299 1298 3367 exortantem,
1319 3292 1481 3378 quomam
1505 3313 1573 3355 non
1592 3289 1689 3356 liobe-

367 3393 425 3463 but
450 3395 666 3463 altz'tudzirem
687 3406 813 3473 terrae,
846 3392 999 3459 celeriter
1026 3394 1304 3483 progerminabat
1333 3396 1413 3485 quia
1439 3396 1577 3462 carebat
1600 3402 1691 3462 terra

365 3500 555 3593 profunda,
573 3529 589 3562 «
606 3501 680 3568 loca
695 3500 786 3566 enim
813 3521 910 3566 saxea
930 3508 1087 3588 cooperta
1115 3501 1246 3567 modica
1264 3508 1354 3567 terra
1374 3502 1439 3568 cito
1463 3508 1622 3588 vegetant
1638 3526 1689 3569 se-

368 3630 448 3676 men
468 3610 506 3676 in
521 3607 664 3675 herbam
682 3628 720 3674 ex
737 3604 973 3692 magnitudine
993 3606 1130 3688 caloris,
1153 3607 1232 3696 quia
1251 3609 1341 3673 calor
1360 3608 1408 3674 ihi
1430 3632 1496 3674 non
1513 3610 1691 3677 imbibitur

365 3715 402 3782 in
414 3713 585 3806 profundo
603 3713 689 3780 sicut
701 3711 736 3778 in
749 3711 884 3801 reliqua
898 3717 1000 3792 terra,
1022 3712 1080 3778 sed
1100 3713 1282 3781 reflectitur
1297 3737 1316 3780 a
1334 3737 1411 3780 saro
1425 3744 1440 3774 u
1456 3716 1575 3803 (loris.)
1588 3739 1595 3797 ;
1609 3715 1689 3782 dein

365 3823 447 3912 quia
467 3843 535 3890 non
553 3825 665 3911 posset
685 3819 844 3886 deorsum
859 3823 1053 3908 penetrare,
1072 3820 1138 3885 vim
1155 3842 1249 3886 suam
1265 3843 1398 3887 sursum
1415 3823 1520 3888 erexit
1534 3824 1687 3913 (Loitrph

365 3951 397 3996 v.
417 3935 485 3996 det
504 3926 640 4018 quando
657 3937 794 3992 exortus
812 3936 860 3991 est
875 3924 941 4006 sol,
959 3925 1166 3992 exaestuavit
1184 3935 1277 3993 aestu
1302 3928 1463 3994 adustum
1483 3935 1546 4003 est,
1568 3931 1689 3998 ardore

366 4034 445 4102 solis
462 4040 616 4102 exustum
633 4037 683 4098 est
696 4037 729 4098 et
743 4031 975 4112 torrefactum,
994 4034 1074 4122 quia
1091 4032 1163 4098 scil.
1186 4056 1251 4099 non
1274 4033 1422 4100 habebat
1438 4036 1634 4117 humorem,
1654 4045 1689 4103 ut

367 4145 445 4209 Luc.
471 4147 529 4225 8,6
548 4140 684 4220 dicitur,
711 4152 743 4204 et
763 4160 800 4203 eo
824 4136 917 4227 quod
934 4160 1000 4203 uon
1024 4137 1166 4204 habebut
1192 4138 1341 4206 radicem
1361 4142 1513 4223 exaruit,
1540 4144 1687 4210 radicem

368 4248 525 4315 videlicet
547 4269 634 4337 quae
657 4251 791 4312 tautum
820 4244 972 4311 humoris
991 4268 1009 4310 e
1035 4251 1124 4312 terra
1147 4248 1332 4313 attraheret
1358 4256 1522 4336 quantum
1539 4252 1688 4336 germini

368 4354 490 4422 alendo
509 4359 593 4421 esset
609 4352 705 4430 satis;
728 4351 873 4417 solemus
894 4373 1040 4441 namque
1065 4374 1188 4438 negare
1209 4355 1348 4419 omnino
1369 4354 1404 4419 id
1429 4355 1520 4444 quod
1539 4366 1687 4447 exparte

367 4467 453 4528 esset
466 4460 679 4547 negandum,
697 4480 774 4525 cum
797 4457 970 4546 loquimur
984 4458 1026 4524 de
1045 4459 1164 4525 effectu
1183 4460 1242 4549 qui
1257 4460 1345 4527 idem
1370 4471 1434 4543 est,
1457 4465 1526 4529 sire
1546 4464 1580 4529 id
1597 4465 1687 4554 quod

367 4572 516 4656 negatur
533 4567 672 4634 omnino
691 4564 778 4632 desit
789 4566 858 4631 sive
873 4587 911 4631 ex
931 4574 1026 4654 parte
1047 4567 1179 4654 (Patra).

412 4673 542 4766 Duplex
557 4671 770 4740 arefactionis
784 4694 886 4738 causa
904 4670 1112 4759 designatur,
1131 4673 1210 4739 solis
1224 4683 1334 4741 aestus
1353 4685 1385 4741 et
1402 4678 1547 4764 penuria
1572 4679 1682 4758 humi,

365 4805 405 4850 ex
419 4803 489 4871 qua
503 4780 541 4847 lit
553 4785 590 4847 ut
608 4779 705 4847 radix
719 4779 888 4846 sufficiens
903 4779 1002 4861 desit;
1019 4803 1105 4869 quae
1126 4781 1153 4846 si
1171 4781 1274 4862 adest,
1292 4783 1408 4872 planta
1424 4784 1501 4849 solis
1511 4790 1602 4851 aestu
1619 4808 1684 4851 non

365 4889 465 4957 facilc
483 4887 729 4975 corrumpitur;
748 4909 779 4954 v.
797 4894 861 4954 *let
877 4886 976 4954 alireu'
990 4886 1106 4954 cecidit
1117 4889 1151 4953 in
1163 4890 1278 4979 spinas
1290 4903 1321 4958 et
1338 4890 1686 4984 asca’aclerautspinuc
