3960 5654
225 511 285 570 434
766 524 859 567 nanc.
885 507 933 576 lo,
958 507 1020 566 7-8.

223 659 368 745 angelus
378 677 481 743 quam
494 677 615 743 parum
630 654 828 745 discipuliet
839 653 996 720 mulieres
1008 657 1173 721 rationem
1182 655 1560 722 habuerintverborum

224 765 372 832 Christi:
396 783 437 826 eu
458 762 676 828 haecomnia
699 765 793 830 vobis
818 762 902 827 dixit
922 766 956 826 et
980 766 1051 828 vos!
1081 801 1124 812 -
1146 767 1314 828 Venerunt
1337 763 1496 829 mulieres
1514 763 1558 829 ad

223 870 419 958 sepulcrum
436 892 512 935 cum
528 870 635 947 luctu,
652 870 786 951 dolore,
809 868 1057 944 sollicitudine3
1075 869 1290 958 apparitione
1309 868 1369 933 illa
1386 871 1560 960 inexspec-

224 984 293 1042 tata
324 984 355 1041 et
381 977 559 1062 incognita
584 978 845 1063 perterrefactae
867 984 961 1055 sunt;
985 997 1072 1064 quae
1096 975 1257 1061 angelum
1278 974 1474 1062 loquentem
1505 999 1561 1042 air·

223 1082 373 1161 dierant,
402 1083 468 1147 illis
491 1103 628 1169 quoque
653 1084 813 1150 accidunt
834 1083 975 1146 minime
996 1082 1237 1169 opinantibus;
1257 1086 1432 1169 praeterea
1445 1083 1560 1149 subita

224 1195 272 1255 tot
286 1190 504 1255 affectionum
534 1192 744 1256 successione
772 1194 805 1253 et
832 1189 1020 1253 mutatione
1043 1189 1274 1272 exagitantur3
1303 1209 1409 1275 quare
1424 1187 1468 1252 ad
1484 1189 1561 1253 ani-

224 1317 358 1362 morum
381 1295 584 1384 praesertim
604 1296 824 1361 muliebrium
846 1294 1153 1359 conformationem
1170 1293 1272 1383 plane
1292 1303 1560 1360 consentaneum

223 1403 378 1492 estquod
394 1401 547 1487 sequitur
564 1425 594 1466 x.
614 1410 634 1469 8
654 1400 783 1466 stillae
805 1414 964 1466 exeuntes
976 1401 1141 1488 [ruperunt
1153 1400 1193 1466 de
1208 1414 1446 1477 ntonumento;
1462 1401 1560 1466 inua-

222 1513 311 1576 serat
320 1511 410 1575 enim
429 1530 483 1572 eos
501 1520 670 1573 tremore!
689 1529 797 1595 pauor·
815 1503 926 1594 τρόμος
938 1529 1080 1595 corpore
1090 1507 1293 1586 tremebant,
1306 1504 1446 1580 ἔκστασις
1459 1508 1561 1573 vehe-

224 1618 329 1682 menti
349 1615 536 1701 agitatione
555 1616 652 1702 quasi
675 1616 798 1679 mentis
823 1614 1110 1679 abalienationem
1132 1620 1165 1677 ct
1183 1620 1358 1702 stuporem
1373 1635 1507 1701 passae3
1528 1625 1560 1680 et

222 1723 355 1790 nemini
367 1720 558 1810 quidquam
574 1721 751 1799 dixerunt,
779 1719 942 1786 timebant
955 1721 1065 1796 eru'm,¹
1081 1724 1205 1785 llarcus
1220 1721 1335 1810 itaque
1351 1720 1455 1786 refert
1471 1742 1560 1809 quae

223 1831 383 1896 mulieres
398 1850 437 1894 eo
454 1829 527 1916 ipso
543 1835 696 1916 tempore
707 1833 866 1915 expertae
879 1833 958 1892 sunt
972 1835 1005 1890 et
1015 1848 1102 1914 quae
1114 1826 1255 1892 reduces
1270 1849 1289 1891 a
1303 1828 1459 1916 sepulcro
1473 1828 1559 1893 omi·

222 1944 351 2002 serunt.
369 1940 491 2000 Verum
509 1933 726 1998 manifestum
742 1939 791 1998 est
806 1933 965 1998 mulieres
979 1933 1096 1998 sedata
1110 1932 1276 2021 paulatim
1288 1933 1346 1999 illa
1362 1934 1560 2000 animorum

221 2042 407 2130 agitatione
431 2048 464 2105 et
485 2041 688 2105 excitatione
715 2061 803 2128 quae
830 2039 1125 2105 vehementissime
1152 2040 1188 2104 in
1214 2062 1336 2128 corpus
1355 2062 1492 2129 quoque
1508 2063 1560 2107 re·

222 2148 453 2225 dundaverat,
476 2147 581 2212 verba
605 2147 718 2231 angeli
741 2167 857 2211 secum
878 2146 1094 2235 perpendisse
1117 2168 1225 2234 eaque
1247 2146 1451 2213 intellexisse
1467 2153 1500 2212 et
1517 2146 1560 2213 de

224 2261 297 2322 lesu
324 2260 523 2338 resurgente
549 2274 618 2318 esse
642 2252 786 2337 gavisae
804 2256 940 2318 Certum
970 2273 1106 2341 quoque
1131 2258 1179 2317 est
1200 2251 1286 2317 illud
1308 2253 1440 2319 nemini
1458 2253 1560 2343 quid-

223 2384 330 2451 quam
350 2360 510 2426 dixerunt
530 2361 576 2423 ita
592 2379 662 2423 esse
678 2359 958 2444 intelligendum,
982 2368 1019 2423 ut
1033 2358 1126 2446 quod
1144 2359 1188 2424 ab
1199 2361 1323 2445 angelo
1338 2361 1448 2426 iussae
1462 2367 1561 2427 erant

222 2491 291 2534 non
307 2468 419 2533 statim
437 2466 578 2532 reduces
598 2486 617 2528 a
634 2465 804 2553 sepulcro,
824 2466 872 2529 uti
886 2465 999 2550 augeli
1020 2466 1123 2530 verba
1139 2467 1366 2554 praecipiunt,
1384 2466 1561 2553 discipulis

153 2639 156 2646 Δ
223 2573 470 2642 enarraverint.
496 2577 557 2637 Eas
573 2578 689 2660 postea
708 2571 750 2636 de
766 2573 807 2636 iis
822 2595 909 2661 quae
926 2571 1081 2637 viderant
1103 2577 1136 2637 et
1150 2571 1330 2637 audierant
1356 2575 1459 2639 etiam
1484 2573 1561 2640 aliis

223 2704 378 2748 narrasse
403 2689 435 2745 et
461 2701 631 2762 narrasse,
654 2679 852 2766 praesertim
873 2700 951 2744 cum
976 2679 1173 2764 Magdalene
1189 2686 1222 2749 at
1238 2685 1353 2746 Petrus
1370 2688 1403 2746 et
1418 2685 1561 2748 loannes

223 2811 283 2854 sua
297 2810 434 2876 quoque
449 2787 586 2873 quaein
604 2785 752 2873 sepulcri
767 2785 840 2850 loco
858 2786 1015 2851 viderant
1025 2787 1251 2875 exposuerint,
1269 2788 1345 2875 quis
1362 2786 1558 2854 indubium

223 2894 377 2960 vocabit?
397 2893 489 2959 Unde
512 2893 610 2956 lacile
630 2897 721 2980 patet
743 2893 947 2957 Matthaeum
963 2899 996 2957 et
1021 2896 1143 2958 Lucam
1162 2893 1310 2960 scribere
1325 2896 1473 2982 potuisse
1484 2894 1561 2961 illas

223 3002 342 3067 exiisse
358 3022 436 3064 cum
454 2999 575 3063 timore
595 3004 629 3062 et
654 2995 782 3086 paridio
806 3005 838 3062 et
857 2999 1028 3063 nuntiasse
1045 2999 1258 3065 haecomnia
1278 3000 1437 3066 undecim
1455 3008 1489 3067 et
1503 3023 1559 3067 ce-

224 3109 303 3174 teris
318 3107 488 3173 omnibus
520 3105 556 3168 lli
577 3106 666 3168 enim
693 3125 762 3168 rem
782 3126 869 3191 quae
889 3126 953 3192 per
968 3127 1045 3170 cum
1063 3104 1151 3170 diem
1167 3112 1262 3192 gesta
1278 3114 1327 3172 est
1341 3108 1512 3174 succincte
1527 3114 1562 3174 et

222 3215 419 3280 summatim
443 3218 599 3284 narrant:
623 3216 749 3276 llarcus
764 3211 859 3276 ellert
874 3232 914 3275 ea
929 3211 1036 3276 solum
1052 3234 1140 3300 quae
1155 3214 1267 3278 statim
1282 3214 1326 3279 ab
1347 3215 1561 3303 apparitione

223 3323 311 3388 faeta
327 3329 360 3386 et
375 3321 498 3385 omissa
514 3325 604 3383 sunt.
622 3321 729 3392 Quare
746 3317 919 3402 distingue
937 3325 1090 3406 tempora
1105 3325 1138 3384 et
1155 3319 1338 3386 concordat
1352 3322 1513 3387 narratio.

264 3557 478 3631 apparentem
494 3549 778 3610 contradictionem
796 3550 909 3607 urrinni
928 3548 1097 3630 quidquam
1113 3548 1257 3609 dicerunt
1274 3557 1305 3611 et
1324 3554 1431 3614 Matth.
1448 3556 1519 3627 283
1529 3561 1561 3615 et

225 3655 298 3712 Luc.
316 3651 388 3719 aaa
409 3649 507 3725 aliqui
529 3649 570 3706 ita
593 3648 714 3706 solvere
735 3648 942 3717 conabantur,
961 3654 994 3709 ut
1014 3650 1203 3726 explicarent
1227 3668 1233 3709 :
1254 3651 1293 3709 iis
1313 3651 1463 3712 videlicet
1480 3670 1560 3731 quos

224 3766 331 3811 cuma
348 3747 493 3824 sepulcro
515 3745 657 3804 redirent
679 3746 790 3804 obvios
810 3745 969 3804 habebant
987 3747 1064 3806 nihil
1081 3748 1229 3807 dixerunt
1247 3747 1358 3827 (Erilli.
1378 3748 1446 3810 Coi.
1460 3749 1559 3812 Sallu.

230 3846 363 3917 Tirinus,
385 3844 490 3919 lunius.
510 3841 609 3902 (ulna
631 3842 718 3900 I'ulr.
737 3841 797 3900 Fil.
813 3844 910 3902 etlam
935 3842 1070 3916 Grotius,
1092 3844 1279 3920 Hummoud,
1300 3845 1460 3926 lr'uiuorl),
1478 3867 1561 3927 quae

224 3953 330 4005 tamen
347 3943 489 4018 acceptio
510 3940 657 3999 subtilior
676 3948 724 3999 est
745 3942 903 4017 nimisque
923 3949 1039 4002 coacta.
1059 3945 1179 4003 Pariter
1199 3945 1311 4023 nequit
1331 3947 1456 4007 admitti
1475 3949 1561 4024 quod

224 4043 342 4102 habeut
356 4043 388 4101 S.
408 4041 485 4114 tuq.
507 4038 558 4116 lde
579 4055 666 4097 cons.
685 4054 794 4114 evang.
813 4041 894 4111 32⁴·
912 4040 964 4117 ot)
983 4039 1056 4099 Brd.
1074 4040 1150 4101 Fut.
1167 4060 1221 4102 eos
1237 4045 1356 4103 nemini
1375 4047 1561 4122 angelorum

225 4140 404 4218 quidquam
422 4138 555 4205 dixisse,
577 4153 639 4194 nou
660 4136 858 4212 respondisse
877 4137 915 4195 ad
937 4156 974 4197 ea
993 4155 1071 4214 quae
1090 4140 1128 4198 ab
1148 4142 1259 4218 angelo
1281 4143 1460 4214 audierant;
1484 4145 1561 4205 item

226 4238 436 4297 reiicicndum
454 4241 502 4294 est
517 4251 570 4292 aas
587 4232 665 4292 nibil
682 4233 797 4293 dixisse
811 4234 995 4294 custodibus
1011 4254 1091 4312 quos
1107 4238 1243 4298 iacentes
1260 4240 1402 4300 viderant
1419 4242 1463 4319 (S.
1481 4242 1560 4321 Auq.

228 4335 343 4407 Iliacis).

266 4435 353 4492 Sicut
368 4433 479 4491 Petrus
494 4448 549 4507 pcr
566 4430 732 4488 mulierem
749 4429 787 4488 ad
803 4432 1002 4507 negationem
1019 4432 1167 4493 inductus
1182 4440 1244 4507 est,
1262 4436 1305 4495 ita
1321 4454 1378 4514 per
1393 4438 1562 4500 mulierem

226 4531 357 4590 nuntius
378 4531 406 4587 ci
431 4530 570 4587 mittitur
591 4529 659 4588 lesu
683 4527 892 4603 resurgentia,
914 4535 949 4588 ut
968 4545 1065 4604 quem
1094 4529 1211 4591 semina
1231 4532 1350 4593 lecerat
1370 4553 1497 4615 negare,
1517 4537 1561 4598 le—

226 4629 314 4686 mina
328 4628 444 4686 laceret
459 4626 603 4685 conlltcri
621 4622 814 4703 (lb-ullorum,
832 4624 942 4702 Sylla).
967 4629 1002 4685 Et
1020 4626 1178 4687 Solium-ou
1192 4630 1326 4690 advertit
1344 4651 1351 4690 ε
1367 4633 1448 4692 sicut
1462 4635 1562 4696 collo·

227 4726 338 4802 quium
355 4725 540 4800 angelicum
560 4724 743 4783 beatissima
758 4724 885 4801 Virgine
902 4725 999 4783 Maria
1013 4725 1140 4786 initium
1158 4729 1218 4788 luit
1232 4736 1360 4789 nostrae
1376 4731 1501 4803 salutis,
1518 4734 1562 4792 ita

225 4821 419 4898 colloquium
446 4823 633 4898 angelorum
661 4829 731 4898 post
757 4822 916 4882 Christum
942 4825 1129 4884 suscitatum
1152 4844 1224 4887 cum
1248 4828 1452 4901 mulieribuS,
1481 4832 1564 4891 inter

226 4939 305 4997 quas
322 4920 433 4978 llariae
450 4927 553 4989 crant,
570 4927 694 4979 nostrae
710 4921 767 4981 luit
785 4922 910 4981 initium
925 4925 1142 4999 reparationis.
1160 4925 1220 4984 Per
1233 4927 1363 5006 angelos
1378 4935 1484 4989 autem
1502 4929 1562 4990 im·
