3960 5654
1024 321 1111 367 nnc.
1135 305 1165 378 6,
1188 308 1291 368 sess.
1766 309 1822 370 llll
1855 376 1861 394 Ι

524 453 613 527 Quod
628 458 668 518 de
682 455 776 516 Petro
795 458 931 520 retertur
950 455 1058 519 llatth.
1077 457 1245 527 listis-31,
1267 457 1354 536 apud
1375 444 1515 517 Marcum
1535 476 1599 520 non
1618 456 1745 536 legitur.
1763 459 1825 519 Gur

484 550 541 625 ita,
559 556 727 634 quaerunt.
749 555 917 635 Perperam
936 553 1036 630 aliqui
1054 561 1185 616 censent
1205 556 1237 615 id
1258 572 1277 613 a
1295 556 1398 614 Marco
1414 571 1483 615 esse
1499 557 1655 618 omissum
1672 553 1748 635 quia
1763 556 1823 618 Pe·

485 655 551 712 trus
565 669 628 712 non
647 650 726 711 adeo
743 653 776 713 in
791 655 852 714 lide
868 654 982 712 sortem
997 669 1031 712 se
1047 653 1244 730 praestiterit
1260 649 1488 731 (Hilperrseld);
1505 653 1562 712 sed
1578 671 1651 714 cum
1672 655 1751 714 alias
1767 651 1823 713 de·

484 749 585 811 lectus
594 748 691 818 Petri,
706 753 834 830 negatio
851 750 966 810 Christi
979 768 1008 809 v.
1023 769 1053 830 g.
1071 769 1134 812 non
1153 754 1319 810 taceantur
1332 767 1350 808 a
1365 750 1481 822 Marco,
1499 767 1569 810 eam
1584 752 1744 811 rationem
1759 767 1824 812 non

483 863 576 925 posse
589 845 742 923 assignari
752 852 849 927 patet.
864 848 970 924 Neque
982 848 1046 909 dici
1063 853 1168 927 potest
1182 864 1256 907 cum
1268 844 1340 905 Keil
1351 847 1382 906 id
1398 864 1467 907 esse
1482 848 1636 909 omissum
1651 849 1729 926 quia
1743 848 1822 908 nihil

483 944 639 1006 conterret
659 945 698 1005 ad
721 962 816 1025 grave
840 944 918 1004 illud
941 946 1098 1006 iudicium
1122 944 1334 1023 mitigandum
1360 946 1447 1022 quod
1471 947 1593 1006 llarcus
1614 945 1652 1005 de
1673 944 1822 1006 tarditate

482 1040 712 1118 discipulorum
729 1044 863 1104 tulisset.
883 1042 960 1103 Cum
975 1044 1063 1104 enim
1079 1044 1203 1102 llarcus
1221 1060 1259 1102 ex
1274 1043 1423 1102 consulto
1444 1043 1572 1122 saepius
1588 1047 1700 1104 ell‘erat
1717 1047 1749 1102 et
1763 1042 1823 1103 boc

484 1139 552 1198 loco
572 1155 666 1215 quam
687 1140 825 1201 maxime
845 1157 941 1216 quam
961 1140 1038 1201 lenti
1059 1139 1193 1210 luerint,
1207 1140 1316 1218 potius
1339 1140 1371 1200 id
1391 1158 1518 1201 narrare
1539 1141 1664 1212 debuit,
1684 1140 1711 1200 si
1733 1140 1765 1200 in
1786 1157 1823 1201 ea

483 1235 567 1295 Petri
586 1238 710 1299 actione
729 1237 889 1298 delectum
915 1238 988 1298 lidei
1007 1236 1282 1316 deprehendisset
1307 1238 1420 1298 Melius
1439 1238 1494 1299 alii
1512 1241 1645 1299 censent
1665 1237 1821 1298 omissum

483 1349 552 1393 esse
568 1342 696 1414 propter
713 1336 871 1397 rationem
893 1336 1094 1397 contrariam.
1112 1336 1164 1396 Uti
1182 1336 1354 1407 Dominus,
1372 1336 1416 1396 ita
1433 1338 1546 1397 Petrus
1563 1353 1694 1414 quoque
1708 1335 1821 1397 ambu-

482 1431 567 1493 labat
585 1451 680 1512 super
698 1450 834 1511 aquam;
856 1434 961 1494 verbis
985 1433 1051 1494 suis
1069 1449 1075 1491 :
1092 1433 1245 1505 Domine,
1267 1433 1292 1492 si
1315 1439 1349 1494 tu
1367 1451 1417 1505 es,
1435 1434 1510 1495 iube
1533 1451 1583 1495 me
1604 1433 1644 1493 ad
1665 1437 1697 1493 te
1712 1432 1820 1494 venire

484 1546 581 1607 super
595 1548 703 1608 aquas,
715 1531 887 1592 sublimem
900 1531 1061 1608 quandam
1072 1529 1169 1592 iidem
1183 1548 1221 1591 ac
1234 1531 1401 1591 notionem
1416 1531 1455 1591 de
1471 1531 1597 1591 Domini
1613 1531 1757 1610 potentia
1771 1547 1823 1591 ex-

484 1628 608 1704 primit;
625 1628 665 1688 ad
684 1645 784 1688 unum
804 1629 931 1688 Domini
951 1629 1087 1690 verbum
1103 1645 1111 1687 :
1128 1628 1217 1698 veni,
1232 1628 1431 1689 descendite
1446 1628 1518 1688 navi
1540 1629 1573 1688 in
1591 1627 1691 1689 undas
1710 1632 1743 1689 et
1762 1627 1821 1688 ali·

483 1725 638 1803 quamdiu
660 1727 771 1786 llrmus
795 1727 827 1785 in
849 1727 896 1787 eis
916 1726 1044 1787 incedit.
1061 1727 1148 1798 Quae
1165 1727 1274 1787 omnia
1293 1744 1370 1787 sane
1391 1743 1583 1805 magnopere
1605 1724 1646 1788 ad
1666 1725 1820 1787 bonorem

483 1824 567 1883 Petri
582 1823 710 1884 iaciunt.
732 1823 822 1885 Unde
842 1823 921 1884 baec
939 1841 958 1884 a
977 1826 1071 1885 Petro
1091 1841 1160 1886 esse
1183 1828 1308 1884 narrata
1329 1842 1394 1885 non
1417 1829 1466 1884 est
1485 1824 1648 1885 credibile.
1667 1826 1748 1902 Ergo
1768 1840 1820 1884 ex-

481 1920 616 1998 plicatur
630 1939 685 1982 cur
704 1939 767 1982 non
785 1923 930 2001 legantur
943 1921 1029 2002 apud
1045 1922 1196 1983 llarcum.
1211 1922 1296 1983 Bene
1312 1922 1400 1983 enim
1420 1921 1573 1983 adnotant
1588 1939 1623 1983 ea
1638 1920 1723 2000 apud
1739 1921 1820 1982 llar-

481 2036 553 2079 cum
575 2036 641 2079 non
660 2019 796 2098 reperiri
813 2037 894 2097 quae
913 2026 1166 2081 commemorata
1186 2020 1219 2079 in
1234 2020 1414 2080 maximum
1431 2019 1514 2081 Petri
1530 2019 1686 2081 honorem
1706 2019 1819 2080 cessis-

482 2099 552 2177 s'ent
568 2116 618 2195 (cl.
638 2115 726 2176 Patr.
744 2117 783 2177 do
800 2119 917 2197 Evang.
935 2119 946 2178 Ι
963 2135 994 2196 p.
1009 2119 1065 2190 58,
1083 2115 1216 2193 Scirum,
1232 2116 1294 2178 Fit.
1314 2115 1420 2197 Coolr).

526 2367 686 2456 Discipuli
701 2374 818 2434 autem
844 2369 992 2434 maximo
1013 2374 1150 2458 stupore
1168 2367 1404 2457 percelluntur
1419 2367 1462 2434 de
1486 2365 1616 2457 duplici
1634 2366 1699 2432 hoe
1715 2364 1818 2432 mira·

480 2473 556 2540 culo
570 2486 603 2540 et
614 2473 693 2563 plus
708 2473 820 2564 mapis
836 2473 928 2541 intra
945 2496 980 2540 se
994 2473 1178 2563 stupebant
1187 2495 1200 2555 ,·
1212 2474 1360 2541 nimium
1373 2473 1465 2540 huno
1476 2479 1648 2562 stuporem
1664 2473 1705 2539 iis
1720 2493 1820 2539 evan-

480 2580 601 2667 gelista
620 2581 719 2646 vertit
734 2579 769 2646 in
786 2580 1012 2671 vituperium,
1031 2582 1114 2670 quia
1134 2603 1174 2648 eo
1193 2581 1379 2648 ostendunt
1393 2602 1428 2647 se
1448 2579 1600 2646 nondum
1620 2581 1685 2646 rite
1699 2600 1818 2668 perce·

481 2686 567 2776 pisse
587 2686 738 2753 divinam
753 2690 824 2754 lesu
838 2687 1016 2769 virtutem;
1038 2710 1071 2754 v.
1089 2693 1132 2754 52
1151 2687 1330 2754 nonenim
1351 2687 1592 2754 intellexerunt
1604 2683 1816 2775 deponebas,

480 2793 602 2883 quodsi
616 2794 706 2859 enim
727 2793 791 2860 hoe
809 2794 1014 2860 miraculum
1035 2794 1123 2862 bene
1141 2794 1415 2884 perpendissent,
1433 2796 1541 2860 lesum
1559 2793 1688 2860 habere
1707 2791 1817 2859 domi·

480 2900 575 2966 nium
599 2905 746 2967 naturae
771 2899 1028 2977 intellexissent3
1054 2899 1146 2967 unde
1170 2900 1214 2967 ab
1241 2898 1362 2967 eodem
1380 2905 1415 2966 et
1434 2921 1552 2987 gressu
1576 2898 1675 2965 firmo
1691 2898 1820 2966 calcari

479 3029 574 3073 mare
589 3013 625 3073 et
635 3012 777 3073 ventum
797 3007 966 3096 compesci
986 3028 1082 3096 posse
1099 3007 1276 3088 vidissent;
1297 3020 1371 3073 erat
1386 3007 1477 3073 enim
1492 3028 1550 3073 cor
1568 3027 1685 3072 eorrcm
1698 3003 1816 3073 obrue·

480 3125 611 3193 cotum,
633 3114 773 3203 proprie
797 3111 1024 3192 obeallatum,
1048 3114 1085 3180 in
1108 3112 1247 3181 modum
1275 3114 1354 3179 calli
1375 3113 1581 3179 obduratum
1603 3111 1747 3201 (Palr;);
1768 3113 1816 3178 ita

480 3218 592 3286 reddit
614 3221 798 3299 rationem,
822 3242 883 3286 cur
903 3221 1109 3286 miraculum
1123 3219 1420 3309 multiplicationis
1434 3220 1532 3308 panis
1546 3241 1613 3285 non
1628 3240 1706 3285 eum
1724 3218 1815 3284 fruc-

480 3333 552 3392 tum
568 3325 648 3392 iidei
664 3333 697 3392 et
705 3326 911 3413 cognitionis
926 3327 1044 3394 tulerit
1064 3348 1167 3417 quem
1185 3327 1306 3393 merito
1317 3325 1502 3416 exspectari
1513 3326 1662 3414 potuisse
1673 3322 1812 3391 indicat.

480 3436 542 3500 Cor
561 3432 719 3519 designat
737 3432 881 3514 durum,
906 3433 1117 3500 intellectum
1134 3434 1231 3522 quasi
1247 3454 1408 3513 caecum,
1434 3433 1515 3523 quia
1534 3432 1746 3522 apertissima
1758 3428 1813 3496 di-

479 3539 577 3605 vinae
591 3539 726 3606 virtutis
746 3539 952 3607 documenta
969 3561 1037 3606 non
1058 3541 1139 3606 satis
1159 3539 1368 3629 percipiunt.
1395 3543 1503 3616 Quare
1524 3539 1676 3606 Christus
1689 3537 1812 3604 iterum

479 3647 670 3735 iterumque
686 3668 776 3713 nova
795 3646 968 3735 potentiae
987 3652 1193 3733 argumenta
1207 3646 1372 3713 exhibere
1385 3645 1497 3713 debet.
1516 3645 1552 3713 ld
1568 3643 1713 3734 Theoplr.
1729 3666 1813 3733 quo-

479 3775 545 3842 que
564 3753 675 3840 tangit
694 3775 702 3818 :
728 3782 744 3813 «
766 3753 900 3820 videtur
923 3775 1003 3819 sane
1023 3753 1175 3820 Christus
1193 3759 1335 3843 propter
1356 3754 1422 3820 hoc
1438 3753 1628 3842 permisisse
1647 3751 1722 3819 illos
1738 3757 1813 3818 ten-

479 3860 559 3939 tari,
579 3865 615 3924 ut
626 3861 790 3949 quoniam
803 3881 824 3925 a
838 3859 986 3948 panibus
1003 3881 1082 3925 eum
1096 3881 1165 3926 non
1181 3859 1419 3946 cognovissent
1430 3860 1617 3926 notitiama
1632 3858 1719 3925 mari
1736 3879 1812 3946 per·
1912 3863 1915 3871 '

479 3965 630 4053 ciperent
654 3972 755 4055 atque
779 3965 961 4032 utilitatem
990 3972 1284 4055 consequerentur
1307 3994 1336 4032 ».
1360 3972 1469 4056 Atque
1490 3987 1546 4033 eos
1561 3988 1581 4033 a
1596 3965 1681 4032 mari
1694 3985 1811 4031 revera

479 4094 548 4138 esse
565 4071 700 4139 edoctos
724 4079 757 4139 et
782 4074 817 4139 in
844 4073 1039 4160 cognitione
1063 4076 1136 4139 lesu
1153 4073 1336 4162 profecisse
1360 4072 1425 4139 hac
1444 4071 1567 4139 Christi
1591 4093 1694 4160 super
1717 4092 1809 4138 mure

478 4178 709 4244 ambulatione
727 4179 887 4246 discimus
906 4202 927 4246 a
944 4183 977 4246 S.
996 4179 1173 4246 llattbaeo.

523 4289 627 4351 Vento
641 4288 810 4353 contrario
827 4293 903 4353 acta
923 4286 1021 4353 navis
1039 4288 1176 4353 cursum
1198 4307 1297 4352 suum
1316 4292 1433 4353 tenere
1458 4307 1526 4353 non
1548 4284 1674 4374 potuit,
1704 4307 1810 4374 quare

479 4413 545 4458 non
566 4390 607 4458 ad
630 4392 847 4459 Bethsaidam
868 4394 1073 4483 perveniunt
1093 4414 1162 4482 quo
1188 4392 1233 4460 ab
1255 4393 1352 4460 initio
1372 4391 1558 4458 tendebant
1586 4392 1629 4478 (ν.
1653 4391 1724 4480 t5),
1751 4390 1808 4458 sed

480 4521 509 4564 v.
528 4506 569 4567 53
584 4521 660 4565 cum
676 4499 966 4586 transfretassent,
983 4513 1144 4567 venerunt
1162 4501 1199 4567 in
1220 4511 1346 4567 terram
1366 4498 1569 4568 Genesar-etit
1584 4510 1616 4564 et
1632 4499 1808 4590 applicue-

477 4619 572 4685 runt,
592 4606 803 4673 vehebantur
819 4630 933 4676 versus
948 4613 1090 4692 terram,
1112 4609 1148 4674 in
1166 4607 1374 4676 Genesareth
1387 4607 1444 4697 (ci.
1463 4607 1617 4698 graece),
1633 4607 1808 4673 interram

479 4719 635 4795 Genesar,
652 4712 729 4781 vide
743 4713 788 4782 ad
806 4717 919 4782 llatth.
941 4722 1058 4798 1t,st;
1080 4713 1161 4782 inde
1176 4738 1254 4783 mox
1274 4715 1425 4783 Christus
1443 4715 1592 4804 perrexit
1605 4715 1641 4781 in
1661 4714 1809 4802 Caphar·
