3960 5654
862 379 952 424 uina
978 361 1026 429 re,
1051 360 1159 421 e-n.
1245 339 1247 342 ’
1620 357 1678 418 aas

346 513 465 581 eodem
481 510 603 579 haberi
615 529 733 588 censu3
751 531 870 578 verum
884 509 1083 595 contingere
1099 531 1214 599 posse,
1231 515 1268 574 ut
1282 530 1370 598 quae
1384 508 1524 575 minima
1537 505 1684 575 videam.

346 624 401 685 tur
413 618 590 686 hominum
606 618 749 696 iudicio,
767 619 860 706 apud
876 623 980 685 Deum
991 615 1060 682 sint
1074 617 1233 682 maxima.
1253 613 1426 681 ludicatur
1438 615 1571 703 itaque,
1586 611 1678 703 quod

352 726 434 792 Vict.
447 724 529 789 dicit
544 746 552 790 :
566 753 581 786 «
596 725 769 792 admirare
778 726 836 792 Dei
847 722 1011 791 iudicium
1023 777 1031 804 ,
1047 721 1218 812 quomodo
1232 743 1301 787 non
1313 720 1393 786 doni
1406 719 1678 806 magnitudinem

346 829 502 920 respiciat
516 830 729 911 etattendat,
747 853 864 896 verum
884 829 1094 895 alacritatem
1111 828 1252 894 allectus
1268 849 1302 906 »ς
1318 848 1429 915 neque
1443 826 1536 892 enim
1548 825 1677 892 donum
1710 853 1718 870 ·

345 934 528 1025 ponderat,
546 938 604 1005 sed
619 936 827 1004 voluntatem
839 937 950 1002 dantis
962 935 1111 1024 (Ruti),
1128 956 1195 1000 non
1210 934 1435 1000 substantiam
1449 932 1676 1011 offerentium,

345 1041 403 1108 sed
420 1045 663 1111 conscientiam
679 1050 813 1131 pensat,
836 1064 898 1108 nec
915 1041 1097 1132 perpendit
1117 1047 1303 1130 quantum,
1323 1039 1383 1106 sed
1398 1061 1436 1106 ex
1455 1043 1584 1127 quanto
1599 1058 1678 1127 pro·

344 1148 474 1215 leretur
491 1150 622 1239 (Beda).
643 1149 786 1216 Proinde
801 1151 837 1216 in
851 1170 959 1234 regno
974 1151 1142 1215 messiano
1159 1148 1276 1214 omnia
1289 1147 1445 1214 constitui
1460 1152 1494 1212 et
1506 1144 1679 1212 aestimari

345 1275 410 1319 non
426 1278 553 1346 pompa
568 1254 718 1346 quadam
742 1263 775 1323 et
790 1254 1027 1342 magnitudine
1042 1276 1132 1344 quae
1151 1259 1313 1320 cernatur
1329 1253 1451 1333 oculis,
1471 1251 1529 1319 sed
1552 1251 1679 1318 affectu

345 1361 478 1429 interno
504 1369 538 1429 et
564 1362 621 1452 pia
646 1361 822 1429 voluntate
848 1368 881 1428 et
907 1361 1014 1428 animi
1036 1362 1183 1427 fervore.
1210 1367 1320 1439 Quare
1345 1360 1466 1426 merito
1497 1357 1679 1447 Theopla:

346 1494 362 1528 ι(
382 1469 494 1554 gloria
508 1469 571 1535 tibi
587 1468 728 1548 Christe,
745 1469 805 1559 qui
819 1475 854 1535 et
867 1490 976 1558 parva
990 1489 1090 1557 saepe
1105 1469 1260 1554 gratiora
1275 1465 1381 1534 habes
1395 1473 1429 1532 et
1444 1465 1585 1554 suscipis
1595 1485 1678 1555 prae

345 1577 478 1661 magnis
502 1577 535 1640 »l
566 1574 861 1652 Quemadmodum
885 1577 1001 1665 itaque
1029 1575 1065 1640 in
1084 1572 1253 1663 parabola
1272 1571 1316 1639 de
1334 1572 1497 1662 operariis
1522 1572 1558 1637 in
1577 1570 1679 1638 vinea

345 1681 473 1768 (llatth.
494 1687 571 1762 20,1
593 1681 681 1770 seq.)
698 1680 890 1748 ostenditur
908 1704 978 1748 non
1000 1703 1136 1769 semper
1150 1679 1412 1746 diuturnitatem
1425 1677 1553 1745 laboris
1574 1676 1678 1744 etiam

344 1789 503 1876 consequi
523 1787 618 1876 apud
639 1793 743 1854 ileum
764 1788 928 1855 maiorem
949 1786 1159 1869 mercedem,
1182 1788 1230 1853 ita
1250 1808 1341 1853 nunc
1360 1785 1451 1852 idem
1471 1783 1617 1852 ostendit
1636 1782 1678 1850 de

345 1893 585 1979 magnitudine
614 1901 648 1959 et
673 1892 854 1983 splendore
877 1896 1008 1984 operis;
1030 1915 1098 1959 non
1118 1916 1204 1983 opus
1229 1893 1335 1974 inse,
1358 1914 1427 1958 non
1446 1913 1586 1973 munus,
1608 1911 1678 1956 non

344 2021 463 2066 census
480 2000 729 2083 consideratur,
747 2000 807 2067 sed
819 2002 991 2088 operantis
1006 2007 1040 2067 et
1054 1999 1165 2066 dantis
1180 2000 1334 2066 affectus.
1354 2001 1460 2065 Etiam
1478 1997 1534 2063 hic
1554 1995 1645 2064 valet
1665 2017 1674 2064 :

346 2106 484 2193 spiritus
502 2114 553 2172 est
572 2107 632 2196 qui
654 2107 814 2176 vivificat.
836 2112 875 2173 Et
891 2108 973 2197 quia
991 2107 1164 2196 pharisaei
1182 2105 1298 2172 omnia
1317 2106 1352 2172 in
1372 2103 1596 2173 observantiis
1619 2125 1677 2170 ex-

345 2213 448 2278 ternis
472 2213 633 2281 collocata
653 2237 724 2280 esse
749 2215 945 2303 opinantur,
975 2214 1039 2280 hac
1057 2236 1119 2281 sna
1144 2212 1300 2279 doctrina
1323 2211 1504 2301 discipulos
1523 2210 1677 2276 imbuere

340 2319 451 2385 studet
470 2325 503 2385 et
527 2341 697 2386 summam
720 2320 843 2387 viduae
867 2328 1104 2410 paupertatem
1130 2341 1209 2386 cum
1239 2320 1379 2386 caritate
1401 2319 1553 2384 iunctam
1573 2313 1676 2384 laude

343 2425 504 2492 extollens
529 2426 692 2516 relinquit
715 2428 881 2517 templum
906 2425 1131 2514 magnificum
1156 2432 1190 2492 et
1212 2447 1336 2493 vanam
1361 2424 1469 2491 cultus
1494 2422 1676 2513 pharisaici

343 2553 515 2621 pompam.

645 2750 673 2807 3.
697 2748 802 2808 Sermo
827 2745 942 2808 Christi
964 2746 1206 2828 escltntolopicih
1231 2748 1371 2818 lat-37.

391 2955 458 3017 lam
480 2952 632 3039 proxime
652 2953 755 3017 instat
776 2950 847 3018 dies
866 2953 1031 3041 passionis
1052 2960 1085 3017 et
1105 2953 1224 3018 mortis
1245 2955 1329 3018 lesu.
1357 2955 1478 3017 Verum
1495 2956 1678 3039 antequam

343 3059 503 3147 patiatur,
543 3057 719 3148 discipulis
750 3058 846 3123 brevi
877 3059 1084 3148 compendio
1120 3080 1259 3124 cursum
1292 3056 1438 3148 explieat
1464 3057 1677 3123 saeculorum

342 3170 375 3229 et
388 3164 580 3231 doctrinam
604 3164 709 3230 tradit
733 3187 801 3253 qua
827 3164 914 3230 duce
935 3165 1099 3231 inollenso
1116 3165 1204 3254 pedo
1225 3165 1290 3254 ipsi
1312 3186 1448 3254 quoque
1474 3185 1535 3254 per
1555 3163 1678 3230 multas

343 3269 580 3337 tribulationes
613 3272 798 3357 ingressuri
826 3271 895 3338 sint
924 3272 959 3337 in
978 3273 1139 3358 gloriam.
1172 3276 1239 3338 lloc
1265 3272 1389 3338 Christi
1417 3270 1614 3337 vaticinium
1640 3269 1677 3336 in

344 3384 457 3443 monte
477 3376 645 3442 olivarum
664 3399 682 3443 e
708 3378 846 3464 regione
863 3379 983 3467 templi
1001 3378 1120 3444 datum
1145 3377 1237 3445 idem
1268 3384 1317 3444 est
1344 3378 1435 3468 quod
1462 3377 1575 3443 tlatth.
1597 3382 1675 3457 eta

342 3505 413 3571 seq.
430 3489 463 3548 et
485 3487 562 3548 Luc.
585 3489 665 3562 21,5
680 3505 752 3572 seq.
774 3483 914 3570 legitur,
939 3488 1007 3550 lam
1029 3485 1063 3550 in
1088 3484 1333 3551 commentario
1356 3486 1470 3551 llatth.
1500 3488 1525 3549 ll
1554 3507 1588 3574 p.
1612 3489 1676 3552 ets

343 3611 413 3677 seq.
435 3588 567 3654 ostendi
590 3588 698 3656 tribus
717 3588 753 3655 id
775 3590 931 3679 partibus
951 3592 1108 3657 constitui
1124 3615 1213 3680 quae
1230 3591 1324 3681 apud
1346 3590 1534 3681 quemlibet
1552 3613 1676 3680 synop-

345 3695 490 3761 ticorum
518 3694 667 3762 discerni
691 3697 831 3785 possint.
866 3702 903 3763 nt
928 3697 962 3762 in
989 3699 1104 3786 prima
1126 3697 1268 3787 quidem
1288 3704 1384 3787 parte
1408 3698 1574 3787 pericula,
1597 3720 1676 3788 per-

343 3801 546 3881 secutiones,
574 3802 785 3868 calamitates
813 3802 971 3888 generali
994 3803 1143 3893 quadam
1170 3806 1301 3871 ratione
1327 3803 1566 3870 describuntur
1590 3826 1677 3894 quae

343 3906 527 3996 discipulos
555 3908 678 3974 Christi
708 3915 846 3975 manent
883 3932 989 3999 usque
1015 3911 1057 3977 ad
1090 3910 1419 3978 consummationem
1447 3911 1676 3993 saeculorum3

344 4010 403 4079 sed
424 4013 526 4078 simul
550 4013 591 4079 iis
616 4016 791 4103 promissis
811 4016 1011 4082 muniuntur
1037 4016 1163 4106 quibus
1184 4018 1420 4084 confortentur
1446 4024 1483 4084 ut
1509 4017 1678 4107 intrepide

344 4127 376 4184 et
394 4119 508 4185 animo
534 4118 639 4185 alacri
666 4122 797 4187 cunctis
821 4121 1077 4188 discriminibus
1099 4146 1171 4190 sese
1198 4124 1372 4191 obiiciant.
1400 4129 1485 4190 llaec
1506 4146 1586 4214 pars
1605 4132 1679 4214 post

346 4226 557 4314 prooemium
584 4226 730 4314 (titt-tl
753 4228 949 4295 continetur
972 4253 1004 4294 v.
1032 4237 1127 4297 5-13.
1150 4231 1312 4319 Sequitur
1340 4231 1463 4314 altera,
1491 4253 1560 4320 qna
1581 4253 1677 4320 prae-

343 4330 448 4398 dictio
475 4331 516 4398 de
545 4333 720 4399 eversione
749 4334 841 4401 urbis
864 4342 898 4402 et
923 4336 1043 4426 templi
1067 4338 1278 4417 continetur;
1305 4337 1431 4404 dantur
1459 4338 1588 4404 monita
1616 4360 1678 4428 pro

345 4438 404 4504 illo
418 4446 571 4528 tempore
593 4439 780 4506 tristissimo
800 4447 833 4507 et
852 4441 1064 4510 calamitates
1079 4465 1229 4511 summas
1243 4445 1317 4510 fore
1333 4450 1512 4533 progente
1527 4451 1680 4535 apostata

345 4547 541 4612 enuntiatur
564 4570 597 4611 v.
623 4551 737 4614 lt-l9.
762 4551 845 4614 Cum
873 4556 989 4616 autem
1015 4550 1182 4617 indicium
1204 4551 1237 4617 in
1267 4558 1404 4639 gentem
1429 4558 1617 4640 apostatam
1636 4552 1679 4618 sit

346 4660 446 4742 typus
465 4652 605 4742 quidam
626 4658 659 4719 et
673 4656 846 4744 exemplar
860 4655 979 4724 iudicii
994 4657 1215 4740 universalis,
1238 4659 1353 4725 statim
1371 4658 1565 4726 adnectitur
1580 4660 1679 4727 tertia

345 4781 423 4846 pars
443 4784 511 4849 qua
528 4761 589 4828 illa
607 4770 853 4830 enumerantur
871 4764 973 4852 signa
997 4788 1085 4854 quae
1109 4774 1187 4833 ante
1210 4766 1394 4833 adventum
1416 4765 1536 4834 iudicis
1557 4767 1679 4836 Christi
