3960 5654
173 479 234 578 232
401 480 404 485 ’
726 496 815 540 nanc.
838 479 868 547 9,
892 478 960 538 1-3.

171 631 284 706 Porro,
302 632 327 691 si
345 630 418 698 939
437 627 556 688 dicitur
577 627 650 690 inde
670 630 819 709 profecti,
838 627 871 688 id
894 627 1030 708 intelligi
1052 627 1148 688 debet
1167 644 1206 687 ex
1226 628 1356 708 regione
1375 627 1509 700 montis;

173 730 229 808 qui
255 728 335 789 illud
356 723 429 784 inde
453 725 612 803 explicant
631 746 669 788 ex
693 729 821 806 regione
847 725 1017 789 Caesareae
1041 723 1193 801 Philippi,
1219 727 1404 805 supponunt
1425 725 1510 801 quod

171 826 347 907 quaeritur,
369 809 555 901 supponunt
574 831 721 886 montem
741 840 811 884 esse
832 840 933 902 prope
954 826 1149 886 Caesaream.
1168 821 1251 882 Etsi
1270 823 1512 885 llareusnarrat

171 942 226 986 eos
242 927 493 1000 praetergressos
513 940 583 983 esse
599 925 644 981 διὰ
660 928 707 993 τῆς
723 920 870 988 Γαλιλαίας
885 927 918 982 et
939 922 1065 984 venisse
1080 919 1314 997 Capharnaum,
1330 919 1511 999 recogitan-

172 1021 249 1082 dum
265 1023 314 1078 est
330 1035 403 1078 eum
423 1022 562 1081 scribere
582 1023 702 1080 llomae
723 1036 779 1097 pro
801 1020 966 1093 Romanis,
984 1017 1100 1096 quibus
1122 1018 1267 1078 looorum
1287 1017 1368 1078 situs
1386 1035 1449 1078 non
1470 1018 1513 1077 ita

171 1120 266 1177 notus
280 1121 361 1186 erat,
380 1123 416 1178 ut
430 1117 568 1196 supponi
585 1121 692 1194 potest
711 1115 836 1175 ltaliam
854 1118 989 1195 eiusque
1008 1115 1104 1176 urbes
1124 1116 1313 1194 praecipuas
1332 1119 1423 1175 notas
1443 1131 1511 1175 esse

171 1213 270 1288 ltalis;
288 1232 385 1293 quare
396 1214 533 1276 dubitari
547 1218 654 1291 potest
669 1213 753 1273 sitne
769 1216 953 1292 exemplum
966 1211 1043 1273 illud
1056 1213 1177 1274 adrem
1192 1230 1255 1290 quo
1271 1212 1361 1272 Patr.
1377 1212 1512 1274 modum

171 1312 319 1372 narrandi
336 1313 413 1373 risui
429 1327 586 1390 exponere
601 1315 744 1371 conatur.
762 1312 911 1373 Ceterum
926 1311 966 1371 cl.
984 1310 1161 1372 Commeat.
1178 1309 1288 1370 lfatth.
1305 1312 1332 1371 ll
1345 1329 1376 1390 p.
1393 1312 1442 1372 80.
1459 1311 1510 1371 81.

215 1492 300 1555 Dum
312 1489 417 1576 igitur
426 1486 462 1553 in
476 1494 592 1553 moute
603 1493 718 1556 oraret
729 1488 819 1576 (Luc.
832 1486 939 1577 ΜΒ),
953 1480 1214 1576 transfiguratus
1226 1497 1276 1553 est
1287 1507 1401 1552 eoram
1412 1486 1512 1577 ipsr‘s;

170 1623 186 1655 α
209 1594 364 1682 intellige
385 1591 723 1680 transfigurationem
739 1616 808 1660 non
828 1593 1035 1661 characteris
1055 1591 1102 1682 (et
1124 1590 1426 1681 lineamentorum)
1446 1593 1511 1658 im-

170 1701 393 1768 mutationem
420 1699 481 1766 sed
512 1706 672 1766 manente
706 1701 902 1767 charactere
939 1698 1052 1790 qualis
1079 1699 1176 1789 prius
1212 1703 1298 1782 erat,
1328 1696 1513 1766 ineffabilis

40 1846 44 1854 ·
173 1806 259 1874 lueis
271 1807 400 1873 factum
413 1827 483 1872 esse
498 1811 725 1894 augmentum
741 1833 757 1866 »
772 1806 932 1898 (Theopd.
950 1805 1024 1872 sim.
1049 1804 1157 1895 vict).
1174 1808 1257 1872 Nam
1270 1804 1436 1895 inquere
1449 1805 1514 1871 ista

172 1912 458 2002 metamorphosis
474 1910 531 2000 (cf.
548 1915 724 1998 graecum)
742 1913 970 1979 constituetur
981 1911 1175 1978 declaratur
1188 1936 1220 1979 v.
1236 1918 1304 1978 het
1315 1911 1513 1978 vestimenta
1608 1953 1609 1956 =

171 2020 242 2084 eius
252 2019 347 2107 saeta
361 2031 441 2085 sunt
454 2018 670 2108 splendentia
685 2032 718 2085 et
733 2018 880 2085 condedo
895 2019 1000 2085 nimir
1014 2018 1104 2085 velut
1116 2019 1189 2099 m'c,
1205 2017 1326 2108 qualia
1338 2016 1429 2106 sollo
1445 2039 1514 2084 non

143 2180 145 2185 .
169 2136 279 2217 potest
292 2146 395 2214 cuper
408 2138 534 2192 terram
550 2124 700 2192 candida
712 2125 846 2213 secere,
859 2124 921 2213 qui
937 2123 1059 2191 modus
1068 2124 1232 2214 loquendi
1247 2130 1379 2214 atquae
1393 2123 1514 2190 ultima

171 2231 382 2321 comparatio
397 2253 437 2297 ex
455 2232 528 2321 ipsa
547 2231 637 2297 Petri
652 2233 848 2299 narratione
868 2233 1039 2318 originem
1054 2230 1166 2312 ducit,
1189 2230 1239 2297 ita
1253 2231 1346 2297 enim
1366 2231 1427 2319 qui
1445 2230 1514 2296 suis

78 2422 80 2426 μ
170 2336 258 2404 vidit
281 2337 387 2403 oculis
407 2336 502 2427 loqui
524 2338 609 2404 solet
630 2337 686 2426 (ef.
711 2338 823 2425 1,3³);
848 2344 983 2427 praeter
1002 2326 1221 2427 splendorem
1244 2337 1389 2403 vestium
1408 2337 1514 2403 refert

170 2443 377 2512 Matthaeus:
390 2449 422 2510 et
435 2443 650 2534 resplenduit
658 2444 764 2510 facies
773 2446 846 2510 eius
855 2443 942 2510 sieut
952 2445 1011 2511 sol.
1026 2443 1155 2511 Dicitur
1164 2444 1280 2533 itaque
1292 2443 1514 2530 transfigura-

170 2555 239 2632 tus,
259 2556 296 2617 ut
311 2550 387 2618 Alb.
407 2552 472 2630 ait,
491 2551 658 2639 quianon
675 2550 920 2634 humanitatis,
938 2551 997 2618 sed
1017 2549 1151 2637 gloriae
1169 2549 1308 2616 divinae
1323 2549 1513 2616 claritatem

172 2655 334 2737 ostendit,
360 2678 465 2746 quam
491 2657 670 2724 ostendere
690 2679 761 2724 non
786 2662 861 2724 erat
881 2661 1071 2724 consuetus.
1100 2656 1194 2723 Unde
1209 2657 1247 2722 in
1266 2657 1334 2723 alia
1347 2656 1459 2746 specie
1480 2664 1514 2722 et

172 2762 286 2849 figura
300 2764 471 2853 apparuit.
496 2768 584 2830 Haec
600 2770 717 2831 autem
733 2764 869 2831 claritas
884 2764 921 2829 in
937 2762 1071 2830 Christo
1091 2763 1171 2845 fuit,
1192 2768 1230 2830 ut
1244 2763 1336 2829 fans.
1355 2761 1457 2845 dicit,
1475 2785 1514 2828 ex

144 2889 150 2901 ·
173 2869 290 2936 innato
305 2869 435 2956 gloriae
455 2869 592 2936 divinae
609 2869 745 2957 fulgore
761 2870 939 2937 autetiam
955 2892 994 2937 ex
1008 2868 1222 2936 beatitudine
1237 2869 1372 2936 animae
1390 2868 1513 2935 Christi

171 2996 259 3064 quae
274 2975 319 3042 ab
340 2976 438 3042 initio
460 2975 694 3065 conceptionis
712 2998 847 3067 semper
863 2975 965 3043 beata
981 2981 1097 3043 tamen
1118 2976 1374 3066 dispensatione
1395 2975 1514 3041 divina

173 3081 287 3148 radios
315 3104 394 3148 suae
422 3080 646 3148 beatitudinis
673 3103 743 3148 nou
762 3081 962 3150 diffundens
990 3083 1024 3148 in
1050 3105 1190 3172 eorpus,
1216 3083 1286 3149 iam
1310 3081 1355 3148 ad
1380 3087 1514 3172 tempus

172 3187 337 3277 permissa
352 3194 402 3254 est
417 3188 513 3255 sicin
527 3209 650 3277 corpus
673 3211 770 3254 suam
788 3188 937 3275 gloriam
959 3187 1152 3255 diffundere
1167 3188 1343 3278 quomodo
1359 3210 1434 3255 eam
1449 3188 1515 3254 dif-

172 3293 292 3360 fundet
307 3295 342 3360 iu
359 3295 565 3361 resuscitatis
578 3300 778 3361 sanctorum
793 3295 1012 3384 corporibus3
1028 3300 1131 3384 atque
1146 3300 1242 3361 tanta
1258 3300 1331 3362 erat
1343 3295 1464 3361 Christi
1479 3297 1515 3361 in

172 3404 243 3467 toto
270 3423 413 3489 corpore
436 3402 588 3485 claritas,
620 3408 658 3467 ut
680 3423 720 3468 ea
739 3407 977 3491 transponente
1003 3402 1204 3468 vestimenta
1224 3401 1423 3469 viderentur
1444 3423 1514 3468 esse

172 3527 278 3595 quam
305 3508 449 3573 maxime
471 3506 618 3574 eandida
638 3514 673 3574 et
693 3508 872 3593 fulgentia.
898 3509 999 3575 Plura
1015 3507 1093 3574 vide
1116 3507 1209 3598 apud
1225 3510 1359 3576 Suarez
1380 3509 1417 3574 in
1439 3514 1458 3574 3
1476 3532 1511 3598 p.

172 3614 206 3679 S.
225 3612 344 3678 Thom.
362 3635 421 3702 qu.
437 3620 491 3695 ii,
508 3612 596 3703 disp.
614 3620 657 3681 32
672 3635 698 3679 s.
719 3620 750 3680 1.
768 3614 802 3680 Si
823 3612 998 3704 duplicem
1015 3615 1307 3703 comparationem
1329 3615 1515 3681 retinemus

174 3716 265 3807 (vide
289 3717 366 3785 lect.
392 3722 494 3808 van),
519 3719 597 3785 talis
623 3719 740 3806 fulgor
761 3724 795 3786 et
818 3719 981 3809 splendor
1003 3721 1148 3787 vestium
1169 3742 1190 3785 a
1210 3719 1341 3807 gloriae
1359 3720 1514 3812 claritate
1624 3781 1625 3784 ,

174 3825 305 3891 Christo
329 3825 528 3893 inhaerente
548 3825 767 3906 describitur,
785 3826 896 3916 qualis
914 3848 1024 3916 neque
1040 3826 1074 3893 in
1096 3849 1213 3893 rerum
1235 3831 1362 3893 natura
1380 3828 1515 3893 exsistat

177 3953 288 4021 neque
307 3937 380 3997 arte
400 3938 433 3998 et
452 3932 621 3999 industria
640 3933 794 3999 humana
814 3940 918 4022 queat
937 3933 1038 4000 effici.

217 4041 355 4104 Praeter
382 4037 572 4105 claritatem
598 4038 695 4106 illam
719 4039 837 4106 vident
858 4044 931 4106 lesu
958 4038 1078 4126 alege
1101 4045 1135 4106 et
1157 4039 1333 4129 prophetis
1362 4039 1516 4106 exhiberi

171 4144 419 4225 testimonium,
445 4145 561 4231 alege
581 4147 665 4235 quia
694 4151 744 4211 est
764 4144 988 4235 paedagogus
1011 4145 1056 4212 ad
1084 4145 1270 4226 Christum,
1294 4168 1315 4212 a
1338 4146 1515 4236 prophetis

173 4250 254 4340 quia
284 4249 383 4316 illum
406 4251 697 4340 praenuntiarunt
721 4252 854 4341 (Viae).
883 4275 915 4320 v.
946 4257 965 4318 3
989 4264 1022 4318 et
1044 4251 1208 4343 apparuit
1229 4252 1415 4319 illisaciae
1438 4276 1515 4320 eum

171 4358 288 4445 Moyse
300 4370 333 4422 ct
347 4370 444 4423 crant
460 4358 634 4447 loquentes
647 4381 724 4425 cunt
741 4360 839 4442 fesu;
850 4357 997 4426 foederis
1009 4359 1123 4447 itaque
1137 4358 1313 4425 institutor
1324 4365 1360 4426 et
1371 4360 1516 4427 foederis

171 4463 389 4543 instaurator,
422 4464 636 4551 «legislator
657 4471 691 4531 et
721 4466 892 4555 propheta
915 4465 1057 4531 eximius
1077 4472 1247 4555 apparent
1270 4472 1303 4532 et
1329 4466 1516 4556 loquuntur

174 4590 252 4634 cum
272 4571 415 4637 Domino
432 4571 467 4636 in
483 4593 584 4638 carne
599 4572 776 4654 veniente,
800 4577 836 4638 ut
853 4570 1035 4639 ostendant
1054 4571 1166 4661 ipsum
1181 4594 1252 4639 esse
1267 4594 1371 4661 quem
1393 4580 1516 4640 cuncte

171 4674 257 4762 legis
272 4679 306 4740 et
321 4678 569 4765 prophetarum
585 4678 727 4745 oracula
743 4678 975 4768 promiserunt
994 4705 1009 4737 o
1032 4677 1138 4767 (Beda
1157 4680 1232 4745 sim.
1256 4677 1332 4744 Alb.
1357 4678 1512 4768 aliique).

172 4786 346 4860 Quaerunt
363 4786 536 4872 quomodo
559 4787 603 4852 ab
619 4785 781 4875 apostolis
795 4785 970 4874 potuerint
989 4786 1165 4872 cognosci,
1184 4785 1314 4875 quippe
1330 4807 1414 4874 quos
1429 4808 1514 4875 apo-

169 4886 246 4954 sloli
271 4909 449 4977 nunquam
471 4891 634 4958 vidissent
656 4914 699 4958 ne
723 4891 989 4978 inimaginibus
1013 4891 1168 4981 quidem,
1192 4913 1272 4958 cum
1290 4891 1421 4958 ludaeis
1443 4915 1514 4959 nou
