3960 5654
880 373 970 415 nnnc.
997 356 1044 419 ll,
1069 354 1151 412 9-tt.
1630 349 1689 409 295

351 505 391 566 cl.
404 509 510 585 Antiq.
524 505 607 575 3,l0.
620 507 638 563 4
649 509 681 564 et
696 508 794 577 13,13.
809 505 850 574 ὅ).
867 506 959 566 Hisce
975 519 1118 564 consona
1134 507 1210 563 sunt
1225 520 1303 579 quae
1322 503 1352 560 in
1369 508 1501 561 tractatu
1515 499 1689 561 misehnico

352 604 390 665 de
406 601 614 667 tabernaculis
630 603 900 681 praescribuntur.
917 605 1050 678 Insuper
1066 600 1107 660 ibi
1124 601 1256 660 additur
1269 601 1293 658 si
1308 601 1433 659 canitur
1446 599 1585 657 hosanna
1602 597 1690 658 fasci-

353 703 441 764 culos
459 703 529 763 illos
545 716 613 760 esse
629 700 793 779 agitandas
809 704 841 757 et
856 698 1045 764 vibeaudos,
1065 705 1096 758 et
1115 697 1250 776 singulis
1266 698 1380 757 diebus
1396 695 1480 755 illius
1497 695 1566 754 sesti
1586 696 1689 755 taber·

353 800 539 862 uaculoruni
553 815 606 858 eos
622 798 816 859 circumdare
833 797 977 857 sollemni
994 813 1110 874 pompa
1129 795 1226 853 altare
1243 801 1275 853 et
1287 811 1398 854 canere
1413 794 1553 853 hosanna
1568 793 1619 868 tet.
1632 791 1690 851 Sn-

355 896 512 958 rcnbnsins
542 896 566 954 11
593 916 622 974 p.
659 896 727 955 270.
754 896 827 964 2743
855 892 979 972 Liqelini
1000 893 1093 952 Thes.
1128 894 1337 960 lastrorum
1363 893 1508 959 :aarum
1533 888 1687 966 30,r·257).

353 995 455 1066 Quare
471 993 554 1070 apud
573 995 722 1054 rabbinos
739 992 842 1068 ipsum
859 992 976 1051 testum
999 991 1276 1050 tabernaculorum
1295 990 1472 1066 appellatur
1485 989 1641 1059 hosanna,
1659 991 1691 1047 et

352 1093 493 1152 hosanna
508 1093 619 1162 rabba,
636 1091 776 1150 hosanna
791 1104 941 1168 maguum
955 1095 1087 1149 vocatur
1104 1090 1262 1164 septimus
1278 1088 1347 1147 eius
1364 1087 1434 1146 sesti
1452 1086 1519 1146 dies
1535 1092 1566 1144 et
1579 1102 1690 1162 preces

352 1205 410 1267 per
423 1188 493 1248 illos
506 1189 573 1249 dies
588 1185 765 1249 fundendae
781 1188 906 1247 nomine
923 1186 1103 1245 hosannoth
1117 1186 1326 1261 designantur
1342 1184 1520 1260 eodemque
1533 1185 1629 1242 etiam
1645 1182 1690 1241 la-

353 1285 462 1345 seiculi
478 1285 539 1355 itti,
555 1286 630 1362 quia
645 1284 678 1341 in
695 1300 804 1343 eorum
819 1284 1117 1360 circumgestatione.
1135 1287 1166 1340 et
1183 1282 1398 1342 commotione
1411 1281 1623 1340 acclamabant
1633 1281 1689 1339 ho-

354 1400 450 1442 sanna
465 1383 516 1463 (cf.
534 1382 674 1458 [tantors
676 1427 684 1455 ,
703 1382 838 1441 Lexicon
853 1381 957 1440 chald.
976 1397 1006 1456 p.
1024 1380 1107 1456 992).

392 1482 464 1560 ipsa
480 1484 591 1540 natura
610 1482 826 1555 comparatum
843 1482 905 1549 est,
923 1483 958 1538 ut
973 1479 1115 1546 coronis,
1135 1478 1286 1549 floribus,
1305 1478 1394 1537 laetis
1410 1477 1691 1537 acclamationibus

353 1578 498 1638 homines
523 1577 700 1636 animorum
723 1575 967 1636 exsultationem
994 1575 1131 1651 prodant.
1156 1582 1187 1634 et
1216 1577 1408 1652 exprimant.
1432 1575 1561 1634 Accedit
1583 1581 1690 1635 autern

354 1675 439 1753 quod
455 1674 619 1752 aptissime
635 1673 673 1732 ad
692 1674 844 1752 gaudium
862 1674 900 1732 de
917 1673 1062 1751 ingressu
1080 1674 1211 1733 Messiae
1229 1673 1510 1733 demonstrandum
1523 1675 1692 1733 assumunt

353 1774 432 1833 ritus
445 1789 482 1831 ex
493 1772 572 1832 sesto
586 1772 870 1831 tabernaculorum.
889 1771 933 1830 Eo
948 1771 1034 1830 enim
1050 1771 1131 1830 sesto
1149 1772 1301 1831 iubentur
1317 1771 1437 1842 laetari,
1450 1772 1524 1847 quia
1538 1771 1691 1830 Dominus

355 1871 393 1929 iis
408 1869 606 1930 benedixerit
630 1869 734 1947 (Dent.
759 1870 849 1938 tart
864 1886 929 1945 seq.
953 1871 1026 1927 hev.
1045 1870 1162 1945 ‘ah-lt),
1186 1870 1337 1929 iubentur
1355 1886 1514 1928 memores
1534 1886 1602 1928 esse
1622 1885 1691 1927 om·

354 1967 446 2027 nium
462 1967 689 2027 beneficiorum
700 1983 781 2043 quae
797 1967 828 2024 in
843 1983 973 2044 egressu
985 1984 1022 2026 er
1038 1970 1182 2043 hegrpto
1193 1971 1225 2026 et
1239 1967 1270 2025 in
1283 1967 1531 2027 commoratione
1553 1984 1589 2026 ac
1604 1983 1692 2043 pere·

353 2065 531 2144 grinatione
553 2081 611 2142 per
636 2063 796 2123 desertum
819 2081 836 2122 a
862 2064 1000 2122 Domino
1029 2070 1229 2142 acceperant.
1255 2065 1333 2124 Cum
1363 2065 1470 2141 itaque
1500 2065 1529 2122 in
1554 2064 1691 2124 adventu

356 2161 485 2222 Messiae
507 2162 644 2221 maxima
672 2162 726 2221 Dei
750 2160 932 2221 benedictio
955 2168 983 2221 et
1013 2179 1177 2221 summum
1200 2164 1401 2222 contineatur
1423 2163 1631 2231 beneficium,
1652 2160 1691 2220 ad

355 2260 440 2338 quod
463 2259 584 2337 reliqua
605 2260 714 2319 omnia
740 2260 772 2318 in
796 2265 900 2319 vetere
927 2260 1054 2319 loedere
1082 2260 1269 2337 spectabant
1288 2266 1320 2319 ct
1342 2277 1400 2318 suo
1421 2260 1517 2318 mode
1537 2261 1691 2337 populum

355 2359 597 2437 praeparabant,
616 2357 752 2416 maxime
774 2357 967 2416 conveniens
988 2365 1056 2416 erat
1078 2363 1109 2416 et
1128 2364 1212 2416 certe
1234 2375 1296 2417 non
1317 2358 1385 2416 sine
1405 2357 1458 2416 Dei
1476 2363 1553 2416 nutu
1573 2358 1689 2417 laetum

355 2460 418 2525 est,
433 2459 468 2515 ut
484 2456 628 2515 Messiam
646 2472 681 2514 ea
698 2455 833 2514 laetitiae
849 2455 1079 2531 significatione
1100 2455 1273 2514 salutarent
1289 2472 1352 2531 qua
1369 2455 1484 2514 festum
1504 2456 1690 2514 tabernacu-

355 2554 460 2613 lorum
483 2570 521 2612 eo
544 2557 687 2629 tempore
713 2552 871 2611 celebrare
898 2552 1052 2611 solebant.
1086 2556 1185 2628 :nque
1219 2554 1333 2612 merito
1363 2553 1474 2612 turbae
1504 2556 1693 2630 acceperunt

356 2667 461 2710 ramos
477 2650 650 2728 palmarum
663 2650 759 2726 (loau.
774 2648 892 2726 tid-‘lh
905 2650 1013 2726 palma
1026 2656 1075 2708 est
1085 2651 1170 2708 enirn
1182 2651 1365 2727 symbolum
1380 2651 1527 2710 victoriae
1539 2655 1570 2709 et
1581 2651 1692 2710 trium·

356 2749 426 2828 phi;
442 2748 533 2808 turba
550 2748 602 2806 illa
618 2764 730 2826 magna
750 2764 845 2823 quam
862 2746 941 2806 vidit
958 2749 1089 2806 loannes
1105 2754 1133 2806 et
1156 2766 1252 2824 quam
1271 2749 1475 2808 dinumerare
1493 2765 1587 2807 nemo
1601 2753 1690 2826 pote-

356 2850 417 2919 rat,
436 2863 473 2906 er
495 2846 645 2905 omnibus
664 2845 812 2924 gentibus
833 2850 864 2902 et
885 2846 1035 2904 tribubus
1055 2851 1087 2904 et
1108 2846 1233 2922 populis
1253 2853 1285 2906 et
1307 2847 1441 2924 linguis,
1463 2852 1551 2905 erant
1572 2851 1692 2906 stantes

356 2950 428 3004 ante
448 2944 595 3004 thronum
619 2950 650 3003 et
672 2943 796 3020 palmae
819 2944 849 3000 in
873 2944 1019 3003 manibus
1045 2961 1174 3010 eorum:
1197 2945 1228 3003 hi
1254 2949 1407 3004 venerunt
1428 2944 1467 3004 de
1489 2945 1691 3004 tribulatione

356 3059 469 3121 magna
484 3041 592 3120 (Apoe.
610 3042 671 3110 'l‚9.
690 3042 750 3118 ll).
768 3040 910 3100 Christus
926 3049 1033 3100 autem
1053 3043 1084 3099 in
1105 3059 1142 3100 eo
1161 3048 1208 3101 est
1225 3048 1258 3101 ut
1273 3047 1434 3102 certamen
1456 3044 1540 3101 ineat
1556 3050 1586 3102 et
1603 3042 1690 3120 prin-

354 3140 459 3217 cipem
475 3140 568 3200 huius
588 3139 701 3198 mundi
723 3139 827 3198 eiiciat
847 3144 879 3197 et
897 3140 1097 3215 triumphum
1121 3146 1191 3211 agat
1207 3140 1245 3199 de
1266 3146 1398 3217 peccato
1419 3146 1450 3199 et
1470 3146 1583 3200 morte.
1604 3139 1691 3200 [nde

356 3237 470 3297 merito
487 3241 650 3314 tamquam
671 3237 772 3295 vietor
787 3254 822 3295 ac
838 3237 1055 3314 triumphator
1071 3239 1166 3297 modo
1186 3239 1333 3297 sollemni
1353 3238 1531 3298 deducitur.
1550 3272 1587 3280 —
1602 3239 1689 3297 lusu-

356 3353 412 3412 per
423 3336 469 3395 uti
488 3351 525 3394 eo
546 3334 596 3394 die
617 3352 717 3412 agnus
738 3334 894 3411 paschalis
915 3335 1094 3413 eligebatur
1111 3344 1139 3394 el
1158 3337 1343 3412 ornabatur,
1364 3337 1405 3395 ita
1426 3337 1578 3402 Christus,
1597 3353 1692 3395 serus

357 3432 410 3493 ille
426 3435 532 3511 Agnus
546 3433 600 3491 Dei
616 3433 668 3509 qui
683 3432 766 3490 tollit
782 3437 944 3509 peecatum
962 3432 1089 3495 mundi,
1108 3451 1170 3492 non
1187 3435 1253 3493 sine
1271 3451 1387 3511 pompa
1403 3442 1433 3493 et
1449 3439 1560 3493 ornatu
1579 3435 1691 3494 urbem

357 3530 444 3590 illam
461 3529 648 3607 ingreditur,
663 3531 693 3587 in
709 3548 770 3605 (rua
786 3548 842 3606 pro
853 3530 964 3589 muudi
980 3531 1080 3588 salute
1097 3532 1312 3591 immolandus
1327 3538 1403 3602 erat,
1417 3538 1450 3592 ut
1463 3551 1521 3592 suo
1538 3533 1691 3609 sanguine

358 3646 415 3688 nos
431 3646 448 3688 a
464 3629 612 3687 servitute
630 3628 810 3687 redimeret.

402 3798 505 3874 Quale
526 3797 679 3863 futurum
702 3799 745 3862 sit
765 3819 906 3882 regnum
934 3797 1052 3872 ltarid,
1081 3803 1169 3863 lesus
1194 3799 1342 3864 ostendit
1364 3799 1446 3865 dum
1470 3803 1502 3865 in
1527 3803 1690 3891 ternplum

358 3904 453 3991 quasi
479 3905 513 3968 in
535 3925 648 3969 arcem
669 3926 764 3970 suam
784 3904 913 3990 regiam
939 3905 1092 3969 ascendit
1115 3928 1144 3969 r.
1173 3912 1209 3969 lt
1232 3917 1263 3969 et
1283 3906 1435 3972 introivit
1455 3909 1637 3974 lerrnelent
1657 3910 1693 3975 in

359 4009 543 4100 templunz;
556 4010 599 4075 cf.
617 4009 689 4075 blal.
709 4018 762 4084 at
777 4033 784 4089 ς
801 4013 965 4099 templum
983 4018 1056 4075 erat
1071 4012 1269 4096 syrubolum
1289 4022 1323 4079 et
1339 4013 1462 4103 pignus
1481 4017 1691 4104 praescntiae

359 4118 414 4184 bei
434 4123 467 4183 et
484 4116 739 4182 inhabitationis
761 4119 793 4182 in
817 4119 958 4205 populo;
979 4117 1063 4182 haec
1087 4127 1202 4183 auteur
1224 4121 1417 4207 praeseutia
1436 4128 1468 4186 et
1488 4122 1693 4188 inhabitatio

359 4224 403 4290 ad
417 4224 552 4290 culmen
570 4223 751 4289 adducitur
767 4224 800 4287 in
818 4223 923 4288 l'erbo
939 4223 1031 4312 (pared
1048 4247 1127 4288 reiro
1145 4227 1272 4291 sactum
1289 4233 1337 4291 est
1355 4234 1388 4292 et
1404 4228 1566 4294 habitavit
1582 4231 1617 4294 in
1633 4252 1694 4296 no·

358 4331 411 4396 bis
425 4334 532 4414 (ioan.
553 4333 689 4415 aitte
719 4331 969 4418 circumspectis
989 4331 1162 4408 oronites,
1190 4363 1203 4390 a
1228 4340 1402 4421 tamquam
1424 4334 1580 4401 dominus
1601 4335 1693 4402 illius

361 4437 547 4504 habitaculi
562 4437 789 4525 circumspicit
803 4437 918 4502 omnia
932 4459 1019 4526 quae
1037 4439 1072 4503 in
1091 4439 1220 4527 templo
1237 4448 1333 4505 eraut
1352 4448 1384 4507 et
1399 4448 1480 4508 tuuc
1492 4444 1631 4532 quidem
1647 4445 1692 4510 si-

361 4544 424 4610 tuit
440 4543 523 4610 dans
540 4550 672 4632 tempus
686 4544 903 4609 correctionis
923 4546 974 4610 his
990 4547 1048 4633 qui
1068 4546 1177 4634 ipsum
1201 4546 1453 4636 despiciebant;
1477 4552 1692 4638 postmodum

363 4673 445 4717 vero
470 4672 545 4716 cum
570 4650 721 4717 rediisset
745 4653 912 4717 austerius
935 4675 993 4717 eos
1025 4655 1159 4740 prrnirit
1191 4661 1367 4742 tamquam
1398 4657 1645 4744 incorrigibiles
1676 4689 1691 4720 n

364 4757 515 4844 (Bartsch
538 4759 692 4824 similiter
712 4759 863 4838 Selinus,
886 4759 947 4824 Fil.
961 4781 972 4834 ,·
992 4761 1156 4848 ripiiiatnr
1177 4761 1309 4849 Seliepp
1329 4763 1498 4828 Christum
1521 4788 1559 4831 ex
1575 4766 1694 4835 ordine
