3960 5654
1039 486 1129 534 uine.
1156 475 1251 542 ΗΜ.
1774 478 1815 538 29

477 624 560 687 bunc
576 628 728 688 intereos
743 623 835 686 alieri
849 629 966 705 quibus
986 623 1191 702 perspicuum
1212 627 1255 684 sit
1268 621 1432 699 apostolos
1446 629 1477 683 et
1492 622 1702 702 evangelistas
1718 626 1752 686 in
1766 629 1814 689 in·

476 726 703 803 terpretatione
724 721 958 802 Scripturarum
981 737 1109 782 sensum
1132 721 1329 800 quaesivisse
1345 736 1407 780 non
1429 723 1523 781 verba
1541 739 1601 782 nec
1619 738 1812 800 magnopere

475 822 515 884 de
536 823 648 884 ordine
668 823 934 897 sermonibusque
953 835 1096 891 curasse,
1113 822 1191 881 dum
1212 817 1388 878 intellectui
1409 835 1458 878 res
1477 825 1611 896 pateret.
1632 820 1688 881 Cui
1704 823 1812 880 autem

475 919 553 981 haec
567 918 733 994 responsio
753 938 815 980 non
830 916 1015 989 satisfaciat,
1033 918 1086 978 ille
1108 917 1210 978 solvat
1225 916 1501 990 quaestiunculam
1516 933 1572 977 cur
1587 935 1644 995 pro
1663 916 1815 978 lialachia

474 1018 572 1077 isaias
587 1021 738 1092 ponatur,
756 1041 770 1070 «
788 1016 888 1076 solvat
907 1012 987 1074 hanc
1009 1015 1158 1093 imperita
1177 1014 1411 1090 praesumptio,
1428 1016 1460 1071 et
1475 1029 1534 1090 ego
1555 1015 1671 1074 erroris
1688 1015 1813 1076 veniam

474 1114 669 1190 deprecabor
694 1140 719 1171 v.
736 1114 795 1173 alii
811 1112 955 1172 contenti
975 1117 1048 1173 sunt
1067 1111 1233 1172 advertere
1257 1110 1322 1169 duo
1345 1109 1496 1169 vaticinia
1519 1109 1551 1168 in
1576 1111 1712 1171 diversis
1735 1112 1814 1174 locis

473 1209 558 1270 edita
573 1209 604 1269 in
621 1230 720 1272 unum
734 1209 899 1271 oraculum
914 1210 1038 1271 contexi
1054 1209 1165 1287 (Orio,
1178 1208 1210 1266 iu
1227 1212 1287 1267 cat.
1302 1208 1351 1267 Cr.
1363 1225 1370 1279 ;
1382 1212 1441 1266 cat.
1455 1206 1537 1284 aur.)
1553 1214 1586 1268 et
1601 1226 1700 1269 unum
1717 1209 1813 1271 isaiae

473 1323 591 1368 nomen
613 1308 736 1370 recitari
758 1312 869 1383 utpote
894 1307 1078 1369 vetustioris
1098 1310 1130 1365 et
1152 1305 1254 1365 altero
1278 1304 1479 1377 celebrioris,
1499 1329 1513 1358 «
1532 1304 1576 1364 ita
1596 1306 1699 1366 solent
1718 1324 1813 1386 saepe

474 1406 546 1465 novi
568 1405 751 1467 testamenti
774 1406 948 1483 scriptores
968 1409 1001 1463 et
1020 1405 1077 1464 sub
1100 1403 1251 1482 generico
1268 1402 1497 1481 prophetarum
1517 1402 1564 1463 vel
1582 1405 1661 1464 certi
1679 1404 1813 1466 alicuius

473 1504 646 1581 prophetae
662 1502 791 1562 nomine
808 1504 909 1563 multa
924 1502 1092 1561 recitantes
1108 1518 1146 1560 ex
1167 1500 1277 1560 multis
1297 1500 1430 1560 collecta
1445 1501 1477 1560 in
1492 1517 1591 1560 unam
1607 1502 1722 1562 seriem
1739 1503 1812 1563 iun-

471 1604 551 1678 gunt
571 1625 585 1655 »
608 1599 745 1678 (datm).
769 1601 934 1660 Existimat
952 1597 1066 1676 Sebeqq
1089 1598 1120 1656 in
1141 1598 1378 1676 praedicatione
1397 1599 1574 1675 apostolica
1596 1600 1695 1659 moris
1714 1599 1812 1661 luisse

472 1697 533 1759 hoc
546 1697 731 1758 vaticinium
748 1699 861 1758 alierre
877 1697 936 1756 sub
952 1697 1080 1756 nomine
1097 1696 1195 1755 isaiae
1216 1701 1248 1755 et
1263 1695 1347 1756 bunc
1362 1712 1455 1755 usum
1471 1713 1541 1756 esse
1556 1703 1734 1769 servatum,
1752 1698 1812 1758 etsi

471 1796 567 1856 verba
590 1795 777 1873 prophetica
803 1795 865 1854 alia
887 1811 1015 1873 quoque
1041 1794 1244 1854 adderentur.
1271 1795 1388 1853 Verum
1412 1793 1542 1870 quidem
1567 1800 1616 1854 est
1640 1794 1755 1854 lsaiam
1780 1795 1812 1856 in

471 1893 643 1971 evangeliis
655 1894 784 1953 nomine
801 1893 907 1953 efferri
923 1897 1034 1970 quater
1048 1891 1171 1962 decies3
1188 1890 1245 1950 sed
1261 1908 1332 1951 cum
1348 1891 1401 1951 alii
1417 1908 1543 1969 quoque
1558 1892 1626 1952 suis
1637 1893 1813 1954 recitentur

471 1991 656 2051 nominibus
671 1991 834 2068 (ieremias
848 1991 908 2062 bis,
926 1989 1035 2049 ilatth.
1052 1991 1123 2062 ΞΜ
1138 1993 1170 2049 et
1184 1990 1273 2059 27‚9;
1291 1988 1414 2060 Daniel,
1430 1989 1531 2061 lonas,
1544 1989 1619 2063 loel,
1632 1992 1702 2049 Act.
1714 1989 1810 2070 aio),

472 2088 585 2148 dubito
605 2105 683 2149 num
708 2107 745 2149 ea
767 2089 848 2147 ratio
872 2087 998 2147 admitti
1020 2087 1133 2165 possit.
1158 2088 1269 2164 Neque
1290 2087 1367 2146 satis
1388 2087 1551 2165 probabile
1575 2085 1704 2147 videtur
1724 2088 1811 2165 quod

471 2186 567 2245 sentit
582 2189 668 2248 Patr.
687 2187 819 2246 ludaeos
834 2186 946 2261 solitos
967 2185 1061 2245 luisse
1077 2189 1181 2245 totum
1200 2184 1428 2262 prophetarum
1444 2184 1592 2245 volumen
1612 2186 1736 2264 signare
1751 2203 1810 2246 no-

470 2285 557 2343 mine
573 2285 643 2344 eius
657 2285 711 2361 qui
729 2285 833 2362 primo
849 2285 917 2344 loco
935 2283 966 2342 in
981 2283 1041 2343 boc
1050 2283 1212 2343 volumine
1229 2287 1375 2359 ponatur,
1390 2283 1519 2342 nomine
1534 2283 1647 2356 lsaiae;
1661 2307 1675 2337 a
1690 2284 1811 2345 etenim

472 2387 503 2440 et
517 2365 713 2459 postremam
729 2382 902 2442 bibliorum
918 2385 1053 2460 partem,
1071 2379 1186 2457 inqua
1205 2370 1500 2458 liber'psalmorum
1518 2384 1568 2440 est
1587 2380 1732 2440 omnium
1749 2383 1811 2460 pri·

473 2496 546 2538 mus
562 2479 702 2556 psalmos
719 2479 912 2557 appellatam
934 2480 972 2538 ab
991 2479 1054 2539 illis
1069 2482 1195 2539 constat
1210 2476 1296 2556 (Luc.
1315 2476 1420 2556 atat)
1436 2483 1468 2537 et
1487 2478 1555 2556 ipsa
1570 2478 1667 2538 biblia
1682 2480 1811 2541 nomine

470 2576 560 2653 legis,
587 2581 696 2653 utpote
721 2595 803 2654 quae
830 2577 928 2637 totius
952 2576 1095 2655 corporis
1120 2576 1245 2654 primus
1271 2574 1353 2634 liber
1377 2574 1434 2647 sit,
1457 2591 1526 2635 mos
1551 2575 1636 2653 apud
1664 2577 1734 2637 illos
1752 2577 1813 2638 luit

470 2674 636 2752 designare
661 2698 687 2732 ».
710 2677 749 2734 nt
767 2675 886 2735 dicitur
905 2692 912 2733 ε
934 2691 1016 2752 quae
1036 2675 1154 2750 scripta
1173 2678 1248 2732 sunt
1268 2672 1298 2730 in
1319 2672 1386 2750 lege
1408 2672 1524 2751 Moysi,
1546 2674 1577 2732 in
1597 2675 1761 2752 prophetis
1780 2678 1812 2735 et

469 2771 617 2849 psalmis,
635 2773 683 2832 lex
701 2778 733 2832 et
751 2772 926 2851 prophetae
947 2772 1033 2850 (Luc.
1056 2774 1163 2842 2t,tt;
1182 2770 1292 2830 llattlr.
1315 2772 1398 2841 idi.
1419 2769 1505 2849 οἱα),
1528 2788 1635 2849 neque
1655 2773 1811 2832 tamenin

470 2868 539 2946 lege
553 2874 585 2929 et
600 2870 679 2929 lsaia
695 2874 725 2928 et
742 2868 883 2946 psalmis.

514 3080 582 3141 lam
606 3074 859 3141 demonstratur
882 3076 958 3163 quis
984 3073 1027 3139 sit
1047 3074 1199 3140 clamans
1223 3073 1279 3139 ille
1300 3079 1333 3139 et
1355 3096 1424 3163 qua
1442 3074 1573 3142 ratione
1595 3081 1693 3164 paret
1720 3077 1808 3145 viam

468 3172 603 3240 Domini
616 3196 648 3239 v.
661 3179 679 3239 b
690 3173 759 3260 sicit
771 3174 916 3238 loannes
931 3172 967 3237 in
978 3169 1128 3254 deserto,
1147 3176 1287 3267 ἐγένετο,
1305 3181 1413 3247 iactus
1427 3186 1492 3262 est,
1506 3180 1654 3270 prodiit,
1670 3184 1807 3265 exstitit,

468 3287 676 3378 baptizabat
696 3277 853 3366 βαπτίζων
867 3288 894 3352 is
909 3288 980 3353 scil.
1004 3288 1100 3353 cuius
1115 3308 1242 3379 munus¹
1261 3293 1335 3353 erat
1353 3286 1544 3376 baptizare,
1567 3288 1687 3355 eodem
1709 3312 1809 3356 sensu

466 3417 535 3484 quo
550 3395 633 3461 alias
646 3393 818 3474 βαπτιστής
833 3401 975 3460 vocatur
993 3394 1048 3481 (cf.
1065 3399 1164 3475 6,2t;
1181 3395 1294 3478 8‚28);
1314 3393 1484 3459 desertum
1503 3394 1658 3481 intellige
1677 3424 1692 3455 a
1716 3396 1809 3484 quod

467 3523 487 3567 a
506 3503 582 3567 lacu
597 3501 778 3590 asphaltite
795 3500 996 3567 excurrebat
1010 3522 1106 3567 secus
1121 3499 1302 3565 Iordanem
1322 3522 1382 3588 per
1397 3499 1525 3566 medias
1540 3502 1697 3588 regiones
1717 3511 1808 3570 vete·
1906 3571 1910 3575 ,

466 3628 543 3673 rum
557 3607 795 3687 israelitarum,
814 3608 861 3673 ita
873 3612 986 3672 tamen
1001 3612 1039 3672 ut
1052 3609 1137 3673 citra
1152 3606 1332 3673 lordanem
1350 3629 1418 3672 non
1433 3607 1520 3673 ultra
1535 3609 1699 3675 terminos
1712 3611 1808 3699 aqui-

467 3714 601 3780 lonares
620 3714 889 3780 Beniamitarum
902 3735 937 3778 se
952 3712 1142 3802 porrexisse
1161 3712 1333 3795 videatur,
1351 3720 1442 3779 certe
1458 3735 1525 3779 non
1541 3715 1629 3781 ultra
1644 3715 1808 3782 meridia-

467 3843 544 3886 nam
560 3820 806 3888 extremitatem
820 3820 913 3886 lacus
925 3819 1113 3886 Tiberiadis
1130 3846 1145 3878 u
1163 3819 1302 3907 (Potin).
1320 3824 1474 3885 Ceterum
1489 3819 1660 3887 desertum
1678 3821 1808 3889 ludaeis

465 3927 591 3993 dicitur
606 3927 701 4013 regio
717 3949 784 3992 non
799 3925 941 3992 omnino
958 3925 1102 4006 sterilis,
1123 3925 1184 3992 sed
1200 3948 1289 4015 quae
1305 3927 1398 4012 agris
1411 3927 1553 4015 quidem
1568 3928 1722 3993 colendis
1738 3950 1805 3994 non

464 4035 508 4099 sit
528 4039 619 4122 apta,
646 4041 681 4100 at
699 4032 864 4119 gregibus
884 4033 1062 4121 pascendis
1083 4039 1293 4121 opportuna3
1316 4047 1349 4099 et
1363 4032 1572 4122 praedicans
1592 4036 1805 4124 baptismam

464 4140 696 4228 poenitentiae
711 4141 747 4206 io
764 4122 995 4206 remissionem
1008 4151 1248 4227 peccatorum,
1264 4143 1422 4227 κηρύσσων
1438 4140 1520 4206 dicit
1541 4140 1805 4208 sollemnitatem

464 4245 641 4334 quandam
662 4253 695 4314 et
716 4247 952 4313 auctoritatem
967 4268 1037 4336 qua
1052 4268 1177 4335 praeco
1193 4269 1214 4312 a
1235 4268 1316 4333 rege
1338 4248 1458 4313 missus
1472 4246 1635 4314 mandata
1652 4248 1804 4337 perferre

465 4359 499 4419 et
521 4353 725 4420 annuntiare
746 4355 848 4435 solet;
873 4376 912 4419 eo
929 4351 1023 4441 quod
1040 4353 1288 4441 poenitentiam
1307 4349 1486 4440 perairorio,
1505 4355 1626 4421 mentis
1645 4357 1803 4423 mutatio-

465 4482 562 4542 nem,
593 4466 811 4549 peccatorum
830 4461 903 4528 scil.
929 4459 1187 4526 detestationem
1210 4482 1413 4550 morumque
1432 4461 1708 4528 emendationem
1729 4463 1804 4530 fieri

464 4568 575 4650 iubet,
598 4589 744 4654 regnum
771 4569 978 4635 messianum
1002 4567 1070 4633 iam
1094 4567 1225 4634 indicat
1251 4590 1318 4634 non
1349 4569 1383 4633 in
1408 4568 1640 4635 dominatione
1669 4577 1805 4638 terrena

465 4676 659 4757 consistere,
683 4697 801 4741 verum
823 4675 857 4741 in
884 4675 983 4742 bonis
1001 4674 1251 4763 spiritualibus.
1275 4674 1481 4743 Praedicans
1501 4681 1616 4742 autem
1643 4673 1806 4765 perciacum

467 4783 709 4870 poenitentiam
726 4781 782 4869 (de
798 4781 935 4849 notione
951 4783 1041 4848 vocis
1056 4780 1133 4848 vide
1149 4785 1339 4849 comment.
1359 4783 1394 4848 in
1414 4783 1528 4849 ilatth.
1545 4788 1605 4873 tp.
1626 4784 1704 4871 117)
1723 4808 1805 4855 ean·

468 4887 546 4956 dem
559 4890 853 4980 praeparationem
867 4911 974 4977 regno
986 4889 1155 4957 messiano
1164 4910 1238 4955 csse
1251 4891 1388 4957 obviam
1402 4890 1579 4957 ferendam
1590 4889 1688 4958 docet
1702 4916 1807 4983 quam

1664 5174 1849 5272 ἰ
