3960 5654
694 116 696 120 i
821 113 825 120 ι
1169 115 1173 121 .
1202 109 1203 112 ’
1228 106 1237 120 ὁ
1305 112 1308 116 ι
1329 111 1353 119 .-
1473 109 1490 119 -0
1623 110 1632 123 ῃ

16 115 372 177 ''-.·.‘:2&af-''si'‘J-'J&stiffi-(bissf
393 140 413 163 'a
432 136 433 139 ’
453 145 469 166 s,
541 122 646 168 ²⁴4¹·st
659 117 735 165 “’·“ιῗ’,“ι
754 121 826 161 vnis>
846 125 879 144 Τ
934 119 996 159 'strab
1013 145 1016 158 ς
1036 154 1038 159 .
1063 135 1076 145 ··
1160 132 1165 142 '
1184 111 1214 159 ss
1238 109 1253 131 ἢ
1280 113 1290 129 '⁶
1319 119 1321 125 Ι
1353 116 1363 127 x
1411 110 1507 166 eiii-'3⁶‘
1533 117 1573 143 μ’
1592 126 1596 137 ’
1619 122 1641 146 ⁸¹

14 146 99 201 3⁴¹⁹*-
112 174 125 199 ἱ,
140 188 143 194 Ι
170 153 232 200 ημμῗ
245 166 311 200 μὴν
325 182 333 194 '¹
344 149 408 198 ¹⁸:¹¹de
421 157 453 179 ².-
466 178 468 185 Ι
486 128 1025 226 Τ’,ΓζἰᾪθγιεξμζχῴᾍῆυῄἓωψᾪςήῂιΙ
1040 175 1046 186 ι
1060 150 1214 209 {affimat-ff
1436 164 1452 177 ·,
1474 178 1477 185 i

14 194 56 243 ”fs
69 190 320 254 ,⁸‘alfii⁴f.'.‡·‘*·‘,·.'''‚*''·.³3''.'
335 202 345 245 -ἴ
392 235 394 240 ¹
420 239 423 244 Ι
454 221 457 227 ,
473 202 480 219 .’
503 206 505 210 ·
543 197 573 235 ¹:35¹·
585 192 621 241 Ἰν..
637 206 653 233 .''
748 206 837 250 ‘a‘
850 202 955 253 'wne-„Les
989 186 1039 229 „sq
1052 187 1082 213 ⁸⁴⁸·-
1124 198 1210 248 sejam
1233 206 1273 244 «ssi
1328 204 1345 255 ⁴¹j
1375 196 1486 253 visua?
1516 228 1522 242 Ι
1558 243 1563 251 .
1613 229 1625 247 κ

557 262 560 267 ·
831 262 846 279 ν
874 275 883 283 s
1114 256 1122 283 7

153 501 211 563 rsa
582 465 584 469 ’
702 523 792 572 nac.
817 508 847 577 e,
872 507 933 566 la.

152 665 380 741 nem5,2l-t3
392 655 469 722 iude
480 655 616 726 videtur
626 659 744 726 referri
751 655 795 722 ad
806 656 1033 724 domumlairi
1044 657 1156 746 (Dion.
1167 658 1315 748 sclam)
1325 660 1482 750 quamvis

151 762 210 830 alii
228 765 338 849 magis
356 763 391 827 in
412 762 609 833 universum
629 767 672 833 ad
692 763 931 851 Capharnaum
951 763 1073 854 respici
1091 766 1198 832 velint
1212 765 1319 854 (Patr.
1335 766 1480 856 Scheqq,

150 870 246 957 Fit),
258 867 344 936 abiit
357 869 394 933 in
403 871 554 957 patriam
566 893 683 950 sacam,
698 874 832 960 tempus
845 867 1016 937 indicatur
1028 872 1179 958 generali
1192 871 1340 962 quadam
1351 874 1481 940 ratione

149 974 241 1042 idem
251 973 341 1064 quod
353 997 392 1040 ex
406 979 572 1045 Matthaeo
587 982 686 1055 13,53
702 997 837 1066 quoque
847 976 1035 1063 colligitur;
1052 976 1147 1043 nullo
1160 977 1262 1045 modo
1272 983 1384 1044 autem
1395 979 1483 1046 illud

149 1078 241 1170 quod
257 1085 334 1147 Luc.
353 1089 431 1162 blo
446 1085 608 1160 habetur,
623 1104 729 1170 quare
745 1084 809 1150 hac
824 1084 892 1149 iam
907 1085 1036 1150 ratione
1047 1084 1103 1149 hic
1112 1091 1252 1150 eventus
1262 1084 1305 1151 ab
1319 1084 1379 1151 illo
1389 1084 1482 1174 apud

148 1191 273 1253 Lucam
293 1186 555 1278 distinguendus
575 1189 658 1265 erit,
679 1191 727 1256 uti
746 1190 967 1276 distinguunt
980 1194 1074 1257 Patr.
1096 1187 1161 1257 Fit.
1184 1189 1311 1280 aliique
1331 1190 1420 1281 (vide
1437 1188 1483 1256 ad

147 1293 260 1360 llattb.
285 1297 415 1385 13‚53);
433 1309 468 1363 et
486 1293 715 1385 sequebantur
734 1319 812 1363 cum
832 1295 994 1386 descipab‘
1011 1298 1082 1364 eius
1104 1317 1187 1386 quos
1206 1296 1278 1363 eius
1298 1297 1429 1389 itineris
1447 1303 1482 1364 et

148 1404 290 1468 eventus
308 1403 449 1469 comites
467 1407 501 1468 et
519 1407 618 1469 testes
637 1403 739 1470 luisse
758 1403 851 1470 solus
869 1401 1014 1470 adnotat
1032 1409 1170 1471 llarcus.

193 1508 350 1575 Secunda
364 1509 479 1598 itaque
493 1508 567 1574 vice
580 1509 729 1576 Christus
741 1511 810 1576 suis
824 1508 955 1576 civibus
966 1511 1111 1597 gratiam
1127 1509 1240 1590 offert;
1259 1532 1291 1576 v.
1306 1515 1327 1574 ἓ
1342 1521 1375 1575 et
1384 1509 1481 1597 sacto

148 1611 286 1681 sabbato
303 1616 413 1705 coepit
423 1616 460 1680 in
471 1636 647 1706 synaqoqa
660 1615 797 1700 docere;
811 1615 920 1705 aliqui
934 1615 1102 1704 explicant
1119 1637 1127 1683 :
1142 1617 1251 1707 coepit
1264 1614 1479 1705 praedicare,

148 1719 231 1809 quia
249 1742 327 1787 mox
347 1722 559 1810 interruptus
573 1723 615 1788 sit
635 1722 683 1789 ita
704 1729 741 1789 ut
756 1743 826 1788 non
841 1723 991 1813 potuerit
1009 1743 1080 1789 rem
1095 1720 1140 1788 ad
1155 1722 1258 1789 finem
1273 1721 1479 1811 perducem

148 1824 206 1893 alii
223 1847 232 1893 :
250 1848 318 1892 uon
334 1828 461 1918 incepit
474 1832 554 1895 ante
568 1827 766 1908 sabbatum
787 1827 847 1895 alii
865 1851 873 1897 ε
888 1828 939 1895 ibi
954 1828 1090 1895 initium
1106 1830 1185 1895 fecit
1204 1826 1478 1919 praedicationis,

147 1936 190 1999 nt
203 1953 282 1999 cum
300 1937 426 2000 llarcus
440 1934 644 2023 frequenter
664 1935 726 2001 bac
743 1957 824 2002 voce
844 1940 958 2002 utatur
976 1935 1089 2025 (vicies
1100 1935 1205 2003 sexies
1219 1934 1320 2022 scil),
1340 1933 1480 2001 fortasse

148 2042 285 2127 praeter
301 2038 438 2106 obviam
456 2041 550 2108 vocis
565 2041 738 2108 notionem
753 2042 841 2109 nibil
859 2041 954 2109 aliud
969 2047 1042 2109 erat
1053 2041 1318 2132 exquirendum
1336 2039 1483 2107 etmulti

148 2142 410 2212 admirabantur
422 2147 460 2213 in
470 2146 628 2214 doctrina
638 2147 710 2214 eius
720 2144 749 2209 οἱ
765 2143 876 2228 πολλοί
889 2149 1044 2238 plerique
1054 2146 1355 2237 obstupescebant,
1368 2145 1481 2213 admi-

148 2250 279 2318 ratione
294 2252 582 2342 percellebantur,
601 2276 689 2344 quae
703 2261 752 2321 est
767 2256 818 2321 vis
829 2257 921 2322 vocis
935 2277 1089 2342 graecae,
1105 2254 1252 2320 dicentes
1267 2274 1278 2320 .·
1294 2251 1384 2319 trude
1398 2251 1481 2319 baie

147 2355 378 2426 haecomnia!
390 2360 511 2428 dicunt
523 2359 624 2441 τούτῳ
639 2363 709 2428 iam
724 2383 802 2428 cum
812 2362 928 2452 aliquo
943 2368 1153 2452 contemptu,
1169 2361 1250 2427 huic
1259 2360 1330 2427 scil.
1345 2382 1450 2450 quem
1460 2382 1481 2425 a

146 2465 294 2555 pueritia
306 2467 462 2534 novimus
474 2469 579 2535 vitam
591 2467 718 2555 degere
730 2490 947 2536 communem
957 2475 1039 2536 etex
1049 2468 1178 2535 familia
1190 2489 1340 2557 paupere
1352 2473 1478 2534 ortum.

141 2572 261 2640 Prima
283 2574 529 2642 exclamatione
552 2575 588 2641 id
612 2575 705 2665 quod
729 2575 876 2642 audiunt
898 2597 989 2643 nunc
1013 2581 1046 2642 et
1061 2574 1155 2666 quod
1175 2574 1218 2641 de
1240 2597 1280 2642 eo
1303 2575 1372 2641 iam
1388 2575 1480 2640 lama

144 2687 373 2770 perceperunt
384 2682 437 2748 vel
448 2683 516 2749 alia
524 2684 659 2749 ratione
669 2688 811 2764 norunt,
824 2683 1099 2773 complectuntur
1109 2681 1223 2748 verbis
1232 2681 1341 2748 obviis
1351 2680 1479 2770 quibus

144 2784 408 2855 admirationem
431 2791 473 2855 de
493 2789 533 2854 iis
555 2811 642 2879 quae
664 2811 779 2855 coram
800 2789 898 2856 nobis
918 2796 1071 2877 aguntur
1097 2789 1287 2879 exprimere
1316 2786 1476 2854 solemus.

145 2894 254 2968 Quare
269 2893 354 2962 haeo
369 2918 430 2961 vox
445 2895 616 2962 immerito
630 2894 755 2962 dicitur
767 2918 789 2962 a
803 2895 936 2986 Sebepp
948 2897 1061 2962 minus
1074 2900 1151 2985 apte
1163 2896 1246 2985 poni
1260 2894 1373 2979 initio,
1390 2886 1479 2984 quae

142 2998 257 3088 potius
278 2998 420 3067 deberet
440 3023 511 3068 esse
527 3001 648 3068 ultimo
667 3000 752 3069 loeo.
771 3001 836 3070 Sed
851 3003 874 3068 ii
896 3024 1043 3091 quorum
1064 3001 1172 3068 animi
1188 3001 1303 3091 aliqua
1321 3022 1358 3067 re
1373 2999 1478 3067 vehe-

145 3106 251 3171 menti
269 3106 495 3174 admiratione
512 3114 779 3192 commoventur,
801 3109 909 3176 solent
927 3111 1038 3198 prima
1058 3130 1138 3175 voce
1156 3112 1264 3174 totam
1282 3106 1478 3197 impressio·

143 3231 223 3278 nem
238 3217 271 3278 et
286 3213 356 3279 vim
370 3213 510 3281 affectus
525 3216 721 3296 enuntiare,
737 3221 770 3282 et
786 3214 866 3282 dein
880 3215 976 3281 illam
991 3215 1248 3305 impressionem
1260 3236 1323 3303 per
1340 3211 1477 3300 singula

144 3321 335 3386 accuratius
344 3322 441 3410 quasi
455 3321 638 3410 explicare.
657 3325 766 3399 Quare
780 3320 980 3411 modusque
992 3325 1120 3387 Marcus
1132 3320 1289 3388 homines
1301 3319 1479 3408 loquentes

144 3423 224 3492 lacit
250 3425 294 3494 ad
320 3427 514 3494 animorum
542 3428 695 3494 indolem
721 3428 823 3517 plane
846 3427 956 3496 lactus
974 3428 1121 3494 videtur.
1148 3430 1231 3494 Cum
1251 3424 1476 3492 Nazarethani

144 3531 178 3596 in
208 3535 282 3598 lesu
307 3533 377 3600 vita
402 3533 575 3623 usquead
600 3556 731 3601 annum
759 3535 967 3617 tricesimum
992 3525 1080 3600 nibil
1105 3532 1315 3600 adverterint
1339 3531 1432 3621 quod
1456 3554 1477 3597 a

143 3659 262 3706 norma
283 3641 458 3706 communi
478 3639 667 3722 recederet,
684 3662 752 3707 non
767 3648 907 3730 possunt
925 3663 993 3707 non
1016 3641 1160 3708 mirari:
1183 3638 1272 3705 unde
1292 3639 1374 3705 huic
1392 3637 1479 3704 haec

143 3731 274 3811 omnia!
298 3746 379 3812 Dein
402 3746 487 3812 baec
513 3746 630 3813 omnia
651 3769 713 3837 per
733 3756 847 3837 partes
868 3755 1133 3838 prosequuntur,
1160 3747 1208 3812 uti
1228 3746 1336 3812 solent
1356 3745 1415 3833 qui
1439 3744 1475 3810 in

142 3852 367 3919 admiratione
386 3853 531 3919 alicuius
549 3854 600 3920 rei
620 3855 752 3920 animos
768 3853 898 3922 habent
915 3854 1059 3934 defix0s;
1081 3868 1114 3919 ee
1129 3874 1215 3942 qaae
1234 3864 1285 3939 cst
1306 3850 1475 3941 sapientia

75 3948 77 3953 ’
143 3978 231 4047 quae
248 3958 329 4025 data
351 3971 401 4025 est
414 3960 483 4040 illi,
503 3959 614 4048 qualis
633 3961 801 4051 sapientia
820 3959 900 4028 data
921 3969 971 4027 est
990 3960 1056 4027 illi!
1079 3973 1112 4026 et
1127 3959 1266 4026 uirtutes
1286 3956 1369 4024 tales
1384 3980 1474 4047 qcaae

140 4084 204 4154 per
231 4088 353 4133 manea
378 4066 449 4133 eius
473 4067 682 4154 efficiuntur,
709 4074 802 4133 verte
827 4089 867 4133 ex
888 4089 1011 4155 graeco
1030 4065 1217 4134 secundum
1235 4063 1416 4132 lectionem
1439 4065 1474 4130 in

142 4175 167 4238 B
180 4180 244 4240 etc.
259 4180 293 4240 et
304 4174 445 4240 virtutes
455 4173 555 4252 tales,
570 4178 641 4239 tam
656 4195 802 4260 magnae
817 4181 911 4255 sunt,
930 4174 1031 4263 siper
1043 4195 1164 4240 manus
1176 4173 1250 4239 eius
1266 4170 1473 4255 efficiuntur,

142 4281 165 4347 i.
181 4302 212 4346 e.
228 4280 258 4346 si
278 4303 399 4347 manus
417 4280 580 4370 imponit,
598 4282 790 4347 sanationes
805 4287 854 4348 tot
874 4303 914 4347 ac
936 4286 1048 4348 tantae
1068 4280 1170 4356 liunt3
1191 4268 1331 4365 δυνίιμεις
1347 4284 1396 4345 est
1412 4301 1474 4344 vox

142 4387 264 4453 usitata
282 4386 325 4454 de
347 4387 521 4454 miraculis
540 4409 628 4476 quae
647 4393 727 4453 suut
747 4388 884 4454 effectus
903 4389 1036 4454 virtutis
1054 4386 1194 4454 altioris.

144 4526 150 4536 ·
186 4493 268 4559 ltein
287 4516 349 4583 per
372 4494 510 4581 singula
531 4516 669 4583 quoque
689 4494 858 4583 explicant
879 4494 945 4561 sibi
964 4502 996 4561 et
1014 4493 1230 4560 considerant
1246 4494 1354 4582 lianc,
1376 4491 1473 4581 quasi

141 4598 207 4666 sihi
223 4598 405 4666 reddentes
415 4601 596 4677 rationem,
611 4600 801 4667 curmerito
811 4622 889 4667 cum
901 4601 1018 4689 aliqua
1028 4599 1248 4690 despicientia
1261 4600 1304 4666 de
1320 4622 1358 4665 eo
1368 4599 1473 4664 locuti

142 4707 208 4775 sint
228 4729 261 4773 v.
283 4714 302 4773 3
326 4728 437 4772 nonne
459 4708 513 4773 la'c
530 4721 580 4774 est
591 4707 700 4797 saber,
716 4709 732 4770 ὁ
747 4707 863 4770 τέκτων
878 4712 977 4774 notus
993 4708 1051 4774 ille
1068 4707 1165 4774 faber
1180 4729 1282 4796 quem
1301 4727 1417 4773 omnes
1436 4713 1474 4772 ut

141 4814 244 4880 talem
255 4814 387 4891 norint;
399 4835 469 4901 qua
478 4815 709 4904 appellatione
719 4814 938 4909 consequitur
947 4818 1053 4881 lesum
1067 4837 1185 4882 revera
1194 4820 1303 4881 artem
1314 4812 1472 4880 fabrilem

140 4920 337 4987 exercuisse.
356 4919 448 4986 Unde
463 4920 527 4987 hac
544 4923 741 5010 quaestione
755 4943 860 5013 quam
874 4923 1020 4989 maxime
1032 4921 1212 5009 designant
1225 4922 1347 5007 ingens
1359 4913 1478 4986 discri-‘
