3960 5654
890 376 980 423 alac.
1003 361 1032 430 a,
1058 361 1162 420 ia-sc.
1633 335 1690 424 iai
1806 338 1832 365 ⁸

358 531 447 592 gare3
463 517 489 575 si
505 509 589 590 apud
603 513 797 575 Matthaeum
812 515 906 574 verba
921 509 1019 571 Isaiae
1038 511 1077 570 iis
1093 508 1302 588 applicantur,
1320 508 1383 569 iam
1397 526 1462 572 non
1477 514 1614 589 possunt
1627 515 1692 572 ter·

357 611 520 690 giversari,
537 609 593 670 sed
609 610 728 672 debent
743 609 866 672 conlusi
882 610 986 670 silere.
1002 608 1096 669 Proin
1112 608 1137 666 si
1154 606 1197 665 ita
1212 605 1300 684 loqui
1317 605 1362 665 las
1375 611 1433 678 est,
1450 608 1535 685 apud
1552 610 1691 670 Marcum

356 712 445 790 prior
461 710 544 767 ictus
566 725 630 769 non
653 710 743 778 terit,
765 708 837 768 terit
860 708 961 768 solum
987 705 1162 776 secundus;
1185 702 1270 784 apud
1294 704 1483 765 llatthaeum
1504 711 1535 765 et
1553 708 1642 785 prior
1660 713 1693 768 et

358 804 518 869 secundus
535 805 618 866 ierit.

396 905 450 975 Oui
468 904 578 965 volunt
593 903 800 982 evangelistas
819 904 850 962 in
866 900 1034 961 scribendo
1046 901 1182 960 alterum
1199 901 1238 959 ab
1253 899 1353 960 altero
1369 917 1419 960 res
1434 918 1503 961 esse
1519 906 1690 973 mutuatos,

355 1003 452 1063 etiam
472 999 522 1060 hic
541 1005 715 1081 quaerunt,
737 1005 807 1060 uter
826 1000 868 1060 sit
886 998 983 1076 prior.
1007 1001 1146 1058 llarcum
1164 997 1302 1074 priorem
1323 1015 1392 1058 esse
1410 998 1462 1058 alii
1482 999 1690 1072 contendunt,

353 1099 443 1161 ouius
466 1099 613 1160 ordinem
638 1097 819 1159 mutaverit
837 1095 1027 1168 Matthaeus,
1053 1095 1144 1156 cuius
1171 1095 1384 1156 narrationem
1409 1101 1441 1156 et
1467 1099 1638 1159 mutaverit
1660 1102 1692 1159 et

355 1196 532 1257 breviorem
553 1194 729 1259 reddiderit
744 1193 886 1275 (Meyer);
901 1193 956 1254 alii
974 1211 992 1255 e
1011 1197 1119 1254 contra
1138 1194 1280 1254 Marcum
1303 1197 1372 1254 es‘se
1395 1195 1534 1256 secundo
1551 1194 1622 1256 loco
1636 1213 1692 1275 po·
1791 1245 1792 1248 η

356 1282 675 1355 nendum'alllrmant
693 1293 811 1372 quippe
831 1292 886 1370 qui
904 1291 992 1352 varia
1013 1290 1204 1369 permisceat
1225 1295 1321 1368 atque
1342 1291 1526 1362 contundet,
1542 1291 1689 1355 ordinem

338 1398 506 1470 ,sequatur
534 1394 694 1468 ineptum,
723 1389 1064 1452 circumlocutionibus
1094 1394 1127 1449 et
1153 1388 1322 1449 sententiis
1352 1390 1554 1468 generalibus
1583 1395 1690 1453 utatur

355 1488 478 1568 (Keim).
494 1489 556 1550 Sed
569 1487 731 1567 quomodo
749 1488 924 1567 explicatur
945 1489 1082 1548 llarcum
1100 1487 1126 1545 si
1142 1487 1254 1547 habuit
1273 1486 1486 1548 narrationem
1504 1489 1586 1549 bene
1598 1506 1688 1551 com-

355 1589 491 1666 positam
506 1590 537 1646 et
552 1586 668 1646 litteris
682 1587 899 1665 consignatam
913 1585 1053 1646 voluisse
1070 1601 1139 1645 eam
1154 1586 1341 1662 perturbare
1359 1589 1391 1646 et
1406 1585 1473 1646 sine
1488 1586 1552 1647 ulla
1566 1587 1688 1648 ratione

354 1702 460 1745 rerum
480 1701 516 1743 ac
535 1684 766 1744 sententiarum
785 1684 903 1744 seriem
923 1687 956 1743 et
972 1680 1118 1743 ordinem
1139 1683 1287 1743 mutaret
1304 1681 1385 1754 Quid
1401 1684 1497 1760 ergo?
1511 1684 1689 1746 Matthaeus

353 1781 480 1860 scripsit
503 1786 598 1859 prout
621 1781 667 1842 rei
691 1781 873 1842 recordatus
898 1786 962 1854 est;
980 1781 1114 1850 Marcus,
1129 1785 1223 1859 prout
1244 1783 1357 1842 Petrus
1383 1781 1522 1842 narravit
1542 1787 1574 1843 et
1595 1787 1690 1862 prout

354 1879 502 1941 Romanis
515 1896 566 1939 res
580 1897 649 1939 esse
666 1877 870 1939 declarandas
885 1877 1050 1939 iudicavit.

395 2111 567 2177 Pharisaei
587 2109 701 2199 palam
724 2131 839 2176 coram
861 2109 970 2176 turbis
988 2109 1053 2198 (uti
1071 2114 1165 2199 patet
1187 2131 1227 2176 ex
1245 2115 1324 2188 o,56
1340 2115 1374 2176 et
1392 2116 1489 2192 r,1t;
1508 2110 1551 2176 cl.
1570 2112 1685 2178 lletlh.

350 2222 450 2298 lt,36
465 2222 498 2283 et
515 2217 627 2305 15,10)
640 2221 748 2283 lesum
760 2215 1025 2305 interpellarunt
1037 2222 1071 2282 et
1081 2217 1334 2283 accusationem
1343 2237 1440 2283 suam
1456 2217 1685 2305 protulerunt.

349 2327 433 2390 llum
451 2323 605 2390 Christus
628 2345 686 2390 eos
710 2324 888 2412 alloquens
916 2321 1115 2412 respondet,
1137 2322 1261 2411 turbae
1285 2344 1356 2389 sese
1374 2321 1543 2413 recipiunt
1558 2323 1688 2413 proba·

348 2429 463 2496 biliter
484 2429 635 2518 quadam
660 2429 784 2497 ductae
809 2430 1000 2498 reverentia
1027 2430 1181 2496 virorum
1208 2428 1410 2497 auctoritate
1433 2429 1527 2518 apud
1550 2429 1687 2520 plebem
1805 2508 1806 2513 ἵ

348 2536 546 2604 valentium.
569 2537 721 2603 Christus
732 2544 847 2603 autem
865 2542 983 2604 contre
1001 2537 1086 2602 ritus
1100 2534 1179 2602 illos
1193 2536 1313 2603 inanes
1327 2535 1430 2602 etiam
1441 2556 1557 2603 coram
1568 2536 1688 2606 'turbis

349 2641 492 2709 reddere
507 2643 580 2709 vult
598 2644 835 2709 testimonium
859 2649 893 2709 et
910 2642 1034 2709 docere
1055 2641 1098 2709 ad
1114 2642 1201 2731 quid
1219 2643 1262 2709 sit
1286 2640 1549 2725 attendendum,
1568 2648 1605 2711 ut
1630 2666 1686 2711 os-

348 2749 465 2816 tendat
478 2749 563 2816 [also
578 2756 753 2816 accusatos
768 2771 838 2815 esse
850 2748 1037 2838 discipulos
1052 2771 1083 2817 v.
1109 2755 1149 2816 lt
1170 2761 1203 2815 ct
1217 2748 1387 2815 advocans
1406 2749 1528 2816 iterum
1549 2748 1686 2817 turbam

348 2855 481 2923 dicebat
498 2854 568 2922 illis
583 2878 595 2922 .·
612 2855 731 2923 audite
750 2878 803 2922 mc
819 2877 934 2922 omnes
948 2867 981 2922 et
1000 2853 1196 2944 intelligite,
1217 2879 1249 2921 v.
1277 2862 1318 2923 15
1335 2853 1427 2922 nihil
1443 2868 1492 2922 est
1510 2869 1606 2923 catra
1624 2857 1686 2924 lto·

349 2964 473 3030 minem
501 2962 662 3029 introiens
687 2963 724 3029 in
745 2985 823 3029 eccm
843 2962 938 3053 quod
958 2962 1069 3052 possit
1091 2984 1169 3029 eccm
1200 2961 1436 3052 coinquinare,
1462 2961 1523 3029 scd
1538 2985 1626 3054 quae
1645 2963 1687 3030 de

349 3067 483 3136 homine
501 3069 713 3160 procedunt,
744 3068 809 3135 illa
827 3082 908 3135 scint
926 3091 1016 3158 quac
1040 3069 1296 3136 communicant
1316 3068 1488 3136 hominem
1508 3070 1531 3136 i.
1558 3092 1588 3136 e.
1607 3092 1687 3137 eum

347 3176 586 3266 coinquinant,
606 3175 826 3243 immundum
849 3174 1018 3258 reddunt,
1042 3198 1063 3242 a
1086 3175 1189 3243 rebus
1203 3177 1309 3243 sacris
1324 3184 1454 3243 arcent.
1475 3176 1687 3244 Christusita

348 3282 512 3372 loquitur,
529 3287 566 3349 ut
585 3283 698 3373 primo
713 3289 817 3372 etper
835 3305 870 3349 se
885 3281 1044 3349 videatur
1056 3282 1092 3348 in
1105 3288 1253 3349 mentem
1272 3304 1433 3350 revocare
1446 3304 1514 3349 non
1525 3283 1687 3352 alimenta

350 3388 476 3479 quibus
491 3391 579 3457 vesci
594 3389 696 3456 liceat
709 3389 885 3456 hominem
900 3388 1098 3478 inquinare,
1119 3407 1238 3456 verum
1258 3411 1338 3457 eum
1355 3388 1453 3456 reddi
1470 3389 1688 3458 immundum

351 3495 463 3585 lepra,
485 3496 578 3563 fluxu
591 3496 747 3577 seminis,
765 3502 845 3576 etc,
859 3500 963 3585 prout
976 3495 1012 3563 in
1028 3495 1105 3583 lege
1118 3494 1311 3564 declaretur
1323 3497 1413 3585 (hev.
1433 3501 1510 3576 133
1525 3519 1594 3586 seq.
1609 3502 1688 3581 152

350 3602 451 3692 seq.).
473 3607 512 3668 Et
528 3623 567 3668 eo
585 3602 687 3668 modo
704 3602 827 3669 turbae
841 3606 999 3691 poterant
1013 3624 1092 3668 eum
1111 3602 1303 3690 intelligere
1323 3607 1357 3669 et
1379 3600 1459 3670 inde
1481 3602 1688 3671 concludere

351 3708 437 3775 cibis
452 3709 518 3775 illis
532 3709 658 3798 quibus
675 3708 790 3775 ludaei
810 3714 951 3776 utantur
964 3709 1053 3775 vesci
1071 3709 1230 3776 manibus
1245 3732 1316 3776 non
1331 3709 1487 3795 religiose
1500 3708 1576 3776 lotis
1590 3709 1687 3777 nullo

351 3813 451 3882 modo
466 3816 641 3882 hominem
657 3815 800 3883 reddere
815 3815 1052 3897 immundum,
1071 3815 1153 3906 quia
1169 3817 1212 3883 de
1231 3816 1294 3884 tali
1311 3814 1528 3882 immunditie
1548 3815 1637 3882 nihil
1651 3817 1688 3882 in

350 3921 428 4008 lege
455 3927 638 4002 saluatur,
665 3922 767 3989 statui
793 3923 886 3988 enim
914 3920 1169 3989 immunditiem
1194 3924 1228 3989 in
1256 3922 1298 3989 iis
1324 3944 1411 4012 quae
1435 3920 1623 4012 procedant
1646 3920 1688 3989 de

351 4028 504 4097 homine.
526 4035 576 4097 lta
598 4029 709 4096 videri
727 4033 863 4118 poterat
882 4028 1035 4095 Christus
1058 4028 1196 4119 plebem
1222 4051 1243 4095 a
1266 4027 1509 4096 traditionibus
1530 4028 1689 4096 humanis

353 4157 512 4203 revocare
532 4136 576 4202 ad
591 4135 705 4224 legem
729 4135 926 4202 mosaicam.
946 4134 1012 4202 Sed
1035 4141 1140 4224 prout
1163 4135 1271 4203 verba
1290 4135 1688 4209 referunturllatth.15,

356 4249 393 4309 ll
413 4263 420 4310 :
440 4241 533 4331 quod
560 4243 716 4332 procedit
731 4265 771 4309 ex
793 4263 870 4323 ore,
899 4241 965 4308 hoc
987 4243 1188 4332 coinquinat
1216 4242 1409 4322 hominem,
1438 4263 1490 4309 res
1510 4242 1622 4308 stetim
1647 4242 1692 4309 ad

354 4370 465 4416 mores
479 4349 694 4417 transfertur.
712 4355 821 4440 Atque
835 4349 929 4415 idem
947 4349 1051 4417 etiam
1065 4350 1121 4416 hic
1135 4349 1258 4416 saltem
1273 4350 1441 4429 innuitur,
1463 4371 1540 4416 cum
1558 4347 1693 4416 dicatur

353 4459 395 4519 τὰ
419 4453 451 4519 ἐν.
468 4462 521 4518 τοῦ
540 4452 697 4544 ἀνθρώπου
717 4453 950 4543 ἐκπορευόμενα,
972 4456 1036 4523 sub
1061 4479 1130 4546 qua
1150 4455 1298 4524 dictione
1327 4456 1480 4544 generali
1508 4462 1692 4546 praecepta

351 4564 437 4651 legis
455 4565 498 4630 de
516 4563 721 4654 quibasdam
739 4561 971 4631 immunditiei
1000 4562 1186 4650 generibus
1200 4586 1268 4630 non
1287 4562 1373 4631 adeo
1395 4563 1574 4630 commode
1588 4562 1689 4629 intel·

354 4670 416 4757 ligi
431 4679 582 4761 possunt.
605 4672 698 4739 ldem
713 4670 869 4739 innuitur
888 4692 920 4736 v.
943 4676 983 4736 1o
998 4669 1029 4737 si
1047 4670 1123 4761 quis
1141 4669 1243 4738 habet
1260 4692 1360 4739 aures
1374 4669 1537 4738 audiendi
1549 4668 1688 4750 audiat,

355 4800 421 4868 qua
442 4779 628 4848 monitione
653 4779 847 4848 declaratur
873 4800 942 4845 non
965 4799 1035 4845 esse
1059 4778 1272 4846 haerendum
1299 4781 1334 4845 in
1354 4778 1549 4870 superficie,
1568 4798 1689 4846 verum
