3960 5654
902 482 993 527 nnc.
1017 470 1047 539 t,
1073 466 1174 526 rara.
1650 467 1707 527 ur

375 619 541 684 Romanos
559 637 577 680 e
597 615 738 700 regione
757 613 920 702 expellat3
944 613 1085 682 credere
1106 615 1136 680 ei
1156 616 1323 702 noluntt).
1348 620 1431 682 Cum
1452 617 1568 705 itaque
1586 615 1709 681 Christi

373 720 564 790 doctrinam
581 742 648 786 non
664 721 874 810 susceperint
888 743 928 789 eo
949 744 1018 811 quo
1036 725 1186 808 oportuit
1209 721 1326 801 modo,
1346 722 1380 785 in
1401 745 1547 811 poenam
1567 720 1709 787 ulterior

375 830 423 897 eis
444 827 608 896 institutio
633 828 848 896 subtrahitur
867 849 899 896 v.
932 834 972 894 12
992 838 1031 892 ut
1047 827 1198 894 videntes
1225 827 1363 893 videant
1385 841 1417 892 et
1436 850 1504 892 non
1522 829 1660 894 videant
1677 837 1710 892 et

371 934 699 1002 artdientesuudiunt
711 946 743 1000 et
755 933 1046 1023 noninteltiqant,
1064 957 1105 1000 ne
1124 932 1264 1022 quando
1285 945 1525 1000 convertantur
1544 947 1578 999 et
1596 934 1709 1000 dimit·

370 1040 711 1131 tanturer'speccata;
722 1039 834 1105 verbis
849 1041 939 1106 hisce
949 1042 1117 1106 sententia
1131 1041 1279 1106 retertur
1289 1063 1329 1106 ex
1345 1040 1427 1107 isaia
1438 1047 1506 1119 6,9.
1524 1047 1576 1105 10.
1602 1045 1710 1129 Saepe

370 1148 541 1238 explicant
554 1146 605 1210 ἵνα
619 1151 668 1215 ita
682 1153 734 1225 ut,
757 1150 853 1235 quasi
866 1146 938 1214 sola
955 1147 1149 1214 consecutio
1164 1153 1198 1212 et
1217 1151 1358 1213 eventus
1380 1147 1645 1233 significaretur.
1668 1151 1710 1211 At

374 1254 411 1320 id
432 1253 521 1322 ntia
540 1256 682 1345 propria
702 1254 838 1320 notione
864 1252 956 1320 vocis
973 1253 1119 1332 recedit,
1147 1255 1194 1320 ita
1217 1276 1354 1342 quoque
1376 1254 1446 1319 vim
1466 1253 1656 1320 sententiae
1671 1259 1711 1318 et

377 1360 486 1427 minas
495 1360 614 1428 iudicii
621 1359 731 1425 divini
740 1358 904 1427 infirmat.
917 1362 1002 1425 Nem
1010 1361 1307 1449 peceatohominis
1314 1360 1490 1449 supposito
1497 1363 1581 1425 Deus
1590 1380 1710 1424 revera

373 1466 445 1534 vult
455 1489 588 1557 eaquae
598 1488 662 1555 pro
671 1488 733 1532 sua
743 1465 871 1533 iustitia
882 1486 960 1532 cum
971 1471 1110 1555 peccato
1123 1489 1211 1532 nexu
1222 1466 1374 1554 quodam
1384 1466 1518 1533 interno
1528 1465 1710 1532 coniuncta

374 1579 463 1641 sunt.
485 1573 717 1642 communiter
736 1572 877 1660 quidem
896 1570 1073 1660 loquimur
1096 1576 1200 1638 [teum
1215 1573 1414 1662 permittere
1434 1573 1710 1639 obcaecationem

372 1685 407 1746 et
426 1679 701 1755 obdurationem;
721 1686 755 1744 at
776 1679 953 1768 permissio
975 1679 1022 1745 ita
1043 1681 1179 1767 concipi
1196 1678 1315 1759 debet,
1337 1685 1375 1746 ut
1388 1684 1473 1747 [teus
1494 1679 1552 1744 illa
1567 1700 1656 1767 quae
1670 1701 1710 1745 ex

372 1786 481 1852 abusu
501 1785 600 1851 liberi
618 1784 752 1852 arbitrii
770 1784 946 1851 hominum
963 1791 1166 1873 sequuntur,
1187 1791 1329 1875 peccata
1342 1785 1414 1852 scil.
1437 1807 1518 1851 suae
1533 1784 1709 1872 guberna·

372 1891 457 1958 tioni
471 1897 503 1957 et
518 1891 576 1956 tini
593 1913 695 1980 quem
710 1890 855 1957 intendit
870 1889 1063 1957 subservire
1079 1891 1192 1958 laciat.
1211 1896 1256 1958 Eo
1272 1893 1383 1978 magis
1396 1890 1463 1958 dici
1480 1896 1592 1979 potest
1605 1896 1639 1957 et
1653 1889 1711 1957 de·

372 1998 554 2064 betheum
578 1998 662 2064 velle
686 2019 764 2063 cum
788 1999 905 2083 agitur
921 1997 964 2063 de
985 2020 1116 2087 poenae
1137 1998 1326 2065 inflictione
1348 1999 1402 2065 vel
1420 1998 1463 2065 de
1481 1998 1711 2065 subtractione

373 2105 505 2191 gratiae
517 2126 620 2193 quam
638 2104 738 2169 bomo
753 2108 895 2193 propter
913 2103 1059 2170 abusum
1075 2104 1271 2191 gratiarum
1285 2105 1441 2171 incurrit.
1461 2104 1498 2170 ld
1518 2112 1634 2171 autem
1649 2103 1713 2170 hoc

257 2296 261 2311 ,
373 2211 445 2277 loco
459 2210 601 2278 obtinet.
619 2213 702 2276 Cum
720 2211 840 2276 turbae
854 2233 872 2276 a
890 2210 975 2277 falsa
989 2210 1047 2276 illa
1061 2212 1313 2299 exspectatione
1328 2234 1394 2278 non
1410 2233 1445 2278 se
1461 2212 1613 2278 revocari
1626 2210 1712 2278 sine-

373 2324 449 2384 rent
463 2339 573 2406 ueque
587 2320 660 2383 lesu
675 2338 716 2383 ea
732 2316 799 2383 fide
812 2315 1040 2383 adhaererent
1057 2339 1161 2406 quam
1176 2323 1229 2383 tot
1245 2319 1353 2404 signis
1367 2324 1400 2383 et
1419 2319 1634 2404 argumentis
1650 2339 1712 2406 po-

368 2424 526 2506 stulavit,
552 2425 620 2491 iam
643 2446 678 2491 se
704 2423 928 2491 reddiderunt
948 2425 1081 2514 ineptas
1101 2424 1147 2490 ad
1172 2425 1422 2491 institutionem
1443 2424 1485 2490 de
1509 2447 1592 2491 vera
1614 2425 1712 2510 regni

374 2529 531 2598 messiani
545 2537 668 2597 natura
690 2529 905 2620 capiendam.
923 2536 1032 2619 Atque
1053 2532 1087 2597 in
1104 2552 1254 2619 poenam
1277 2531 1427 2598 Christus
1441 2532 1638 2599 ulteriorem
1660 2535 1711 2596 at·

371 2659 440 2726 que
460 2636 653 2726 explicitam
671 2636 864 2704 doctrinam
881 2637 948 2703 illis
964 2659 1032 2703 non
1048 2637 1172 2717 tradit;
1192 2638 1252 2705 sed
1271 2639 1448 2705 veritatem
1469 2637 1536 2704 illis
1549 2638 1712 2728 proponit

370 2744 470 2833 quasi
483 2743 651 2811 velamine
666 2744 851 2811 obtectam.
869 2743 1048 2811 Praevidet
1060 2744 1136 2810 illos
1153 2766 1224 2811 non
1238 2766 1309 2811 esse
1324 2743 1569 2823 intellecturos;
1591 2744 1712 2811 nihilo

373 2851 485 2917 minus
499 2872 539 2916 eo
554 2850 654 2917 modo
668 2849 777 2917 docet.
797 2855 906 2927 Quare
921 2850 1059 2917 illorum
1076 2852 1141 2918 hac
1157 2852 1192 2917 in
1209 2873 1245 2918 re
1261 2852 1458 2919 caecitatem
1471 2851 1557 2918 velle
1572 2851 1708 2934 dicitur,

374 2957 572 3048 quaesimul
584 2963 634 3023 est
645 2979 755 3046 poena
767 2978 870 3046 quam
883 2966 1094 3024 meruerunt.
1110 2958 1191 3024 Vide
1205 2963 1395 3026 comment.
1410 2958 1523 3026 ttatth.
1540 2962 1687 3048 1p.51·1.

417 3067 500 3132 Cum
520 3063 625 3130 verba
643 3063 847 3153 deprompta
862 3064 930 3129 sint
942 3087 982 3130 ex
1000 3065 1098 3143 lsaia,
1118 3063 1215 3154 apud
1232 3087 1336 3154 quem
1352 3064 1394 3132 de
1406 3087 1467 3131 suo
1481 3072 1635 3153 tenipore
1651 3086 1709 3130 va-

373 3171 454 3254 lent,
468 3171 568 3237 umul
581 3169 753 3237 indicatur
767 3169 954 3259 aequalitas
968 3170 1139 3258 quaedam
1154 3171 1357 3238 conditionis
1372 3194 1459 3260 quae
1472 3172 1607 3238 exsistat
1621 3172 1711 3238 iuter

374 3277 538 3367 populum
555 3282 663 3343 aetate
685 3279 789 3343 isaiae
808 3285 842 3343 et
863 3277 1024 3365 aequales
1041 3279 1177 3344 Christi.
1196 3283 1308 3367 Atque
1325 3301 1458 3359 revera,
1481 3279 1531 3344 uti
1552 3279 1711 3366 aequales

373 3385 475 3450 tsaiae
487 3382 598 3449 verbis
611 3390 644 3448 et
659 3383 903 3449 monitionibus
915 3383 1103 3474 prophetae
1114 3407 1177 3473 pro
1193 3407 1254 3451 sua
1269 3385 1400 3451 malitia
1412 3384 1530 3452 offensi
1544 3386 1709 3451 maiorem

373 3488 558 3557 induerunt
571 3491 838 3569 contumaciam,
857 3489 1082 3557 rebellionem
1097 3492 1132 3556 in
1144 3495 1249 3557 Deum
1265 3498 1432 3558 auxerunt
1444 3496 1477 3559 et
1490 3490 1535 3558 ad
1547 3491 1709 3580 blasphe-

378 3595 463 3662 mias
480 3601 558 3663 sunt
573 3597 745 3686 progressi
765 3596 823 3682 (cl.
846 3597 954 3682 5,19)‚
977 3597 1025 3661 ita
1049 3620 1118 3686 quo
1138 3599 1247 3684 magis
1268 3598 1420 3665 Christus
1440 3598 1540 3665 docet
1558 3604 1591 3663 et
1607 3598 1710 3664 mira-

377 3703 455 3769 cula
468 3709 594 3793 patret,
610 3724 650 3768 eo
666 3704 774 3768 maior
790 3704 826 3768 in
843 3725 921 3768 cum
938 3705 1090 3769 exoritur
1111 3705 1286 3786 simultas,
1304 3705 1412 3771 donec
1430 3703 1571 3771 tandem
1589 3703 1708 3771 turbae

374 3809 577 3876 clamoribus
595 3809 799 3898 importunis
820 3831 897 3875 eum
918 3808 963 3875 ad
980 3811 1091 3876 crucis
1112 3811 1324 3900 supplicium
1343 3811 1529 3901 postulant.
1553 3814 1708 3877 Ceterum

374 3914 555 4006 videquae
575 3915 733 3982 adnotavi
753 3917 787 3980 in
806 3919 993 3983 Comment.
1016 3922 1054 3983 ls.
1079 3921 1088 3981 t
1109 3941 1143 4005 p.
1167 3924 1231 3986 139
1252 3941 1322 4007 scq.

417 4021 625 4089 laudaverat
650 4022 802 4088 Christus
824 4021 1011 4111 discipulos
1032 4024 1125 4112 quod
1147 4024 1342 4093 desiderent
1364 4048 1499 4093 sensum
1526 4024 1708 4116 parabolae

372 4128 563 4215 intelligere
583 4136 617 4195 et
635 4135 833 4219 exposuerat
849 4150 911 4195 eur
931 4129 1040 4195 turbis
1061 4130 1261 4219 loqueretur
1279 4134 1315 4198 in
1334 4133 1507 4222 parabolis
1526 4155 1614 4222 quac
1633 4132 1706 4200 scil.

375 4258 409 4302 se
427 4237 516 4325 ipsas
532 4237 664 4325 ineptas
678 4235 904 4303 reddidissent
915 4235 960 4301 ad
976 4258 1092 4302 veram
1112 4238 1155 4303 de
1170 4260 1280 4324 regno
1294 4241 1350 4306 [tei
1364 4239 1558 4306 doctrinam
1572 4241 1708 4328 eapien-

273 4349 275 4351 ’
372 4343 452 4409 dam
464 4365 496 4409 v.
515 4349 567 4409 11.
586 4349 638 4408 12.
657 4347 732 4410 Post
749 4344 838 4409 hanc
853 4343 952 4430 quasi
968 4343 1216 4428 digressionem
1233 4346 1321 4411 redit
1336 4346 1488 4413 Christus
1502 4345 1546 4413 ad
1561 4347 1708 4412 interro-

373 4450 545 4537 gationem
571 4449 834 4539 discipulorum,
862 4471 938 4516 eam
966 4473 1027 4516 sua
1057 4453 1253 4540 quaestione
1282 4475 1456 4520 assumens
1480 4476 1521 4519 ac
1551 4459 1709 4542 repetens

376 4581 406 4622 v.
425 4564 463 4623 13
476 4570 508 4623 et
521 4555 570 4622 ait
586 4556 656 4623 iltis
671 4579 682 4622 :
698 4558 831 4623 nescitis
842 4555 1046 4647 parabolam
1062 4560 1151 4624 trane
1164 4572 1198 4626 et
1213 4559 1381 4648 quomodo
1397 4582 1511 4627 omrtes
1525 4559 1709 4652 parabolas

376 4665 600 4752 acquescens?
609 4664 656 4730 ita
664 4662 736 4730 scil.
752 4686 806 4730 eos
819 4665 947 4731 reducit
957 4664 1001 4730 ad
1013 4665 1049 4731 id
1059 4667 1153 4754 quod
1164 4668 1199 4731 in
1212 4690 1243 4733 v.
1260 4674 1300 4734 10
1314 4668 1497 4757 petierant3
1508 4690 1626 4735 sensus
1636 4675 1706 4735 est:

377 4771 569 4858 vosigitur,
595 4771 644 4837 uti
666 4771 839 4853 letemini,
862 4771 997 4838 nescitis
1016 4771 1100 4860 quid
1124 4773 1207 4840 haec
1227 4775 1292 4840 sibi
1313 4774 1395 4841 velit
1414 4775 1578 4864 parabola
1598 4796 1709 4863 neque

375 4879 464 4944 scitis
475 4877 645 4968 quomodo
657 4899 777 4944 omnes
787 4878 970 4968 parabolas
980 4880 1194 4968 concipiatis.
1211 4886 1248 4948 tn
1261 4882 1325 4948 hac
1335 4882 1449 4970 itaque
1462 4884 1630 4950 sententia
1642 4903 1709 4948 non
