3960 5654
514 314 605 361 usae.
627 300 657 367 l,
680 298 731 359 22.
1230 301 1287 361 123

30 470 124 518 ·non
139 445 329 538 quidquam
348 445 449 514 faciat
467 455 505 516 ut
529 453 665 514 maneat
680 447 853 515 occultum
873 453 906 513 et
926 448 1143 535 ignoratum.
1165 448 1224 515 sed
1247 459 1287 517 ut

10 558 191 625 nilestctur
211 559 245 622 et
265 555 303 621 in
323 573 421 620 suam
444 555 542 622 cedat
563 552 711 639 gloriam
733 561 766 620 et
791 555 969 621 hominum
990 556 1170 622 utilitatem
1189 576 1220 618 v.
1237 561 1282 620 22

0 700 4 715 ν
45 673 93 731 est
114 659 204 728 enim
223 657 362 750 aliquid
377 658 612 729 absconditum
638 659 732 751 quod
748 682 817 726 nen
837 661 1084 749 manifestetur,
1104 662 1176 728 scil.
1198 682 1285 748 quae

28 772 219 857 operatur,
237 767 340 835 etiam
352 787 413 834 suo
427 773 579 855 tempore
593 775 673 834 nota
685 787 756 833 esse
766 766 851 844 vult,
865 767 924 831 etsi
940 767 983 833 ad
1000 773 1131 854 tempus
1147 774 1287 857 propter

15 875 64 942 ‘as
78 895 196 943 causas
209 871 440 960 cognitionem
454 872 633 939 hominum
648 873 800 959 fugiant3
817 879 970 939 ceterum
985 894 1108 959 graece
1127 895 1134 938 :
1153 895 1220 939 non
1237 881 1286 939 est

12 979 139 1062 ultum,
157 980 225 1048 ru'st'
239 990 277 1045 ut
291 980 536 1059 manifestetur,
559 1003 619 1047 nec
632 979 768 1066 suetum
785 992 833 1044 est
849 978 1039 1060 oecultum,
1060 985 1097 1044 ut
1115 978 1187 1045 scil.
1213 1001 1285 1046 ma-

2 1091 32 1154 :t
53 1087 245 1167 occultum,
266 1084 327 1152 sed
343 1099 381 1153 ut
398 1086 434 1152 in
452 1085 572 1174 palam
595 1085 730 1168 uem'at;
750 1108 840 1152 nunc
861 1085 999 1174 quidem
1018 1086 1214 1172 mysterium
1232 1108 1285 1155 re.-

27 1194 86 1262 nei
101 1193 210 1261 turbis
233 1195 282 1258 est
296 1190 534 1260 absconditum
553 1214 664 1282 neque
689 1191 759 1257 iam
779 1196 914 1281 tempus
926 1197 992 1270 est,
1011 1197 1048 1256 ut
1068 1191 1108 1255 iis
1124 1191 1284 1257 reddatur

12 1322 88 1384 um3
110 1304 146 1368 at
167 1297 369 1388 neutiquam
392 1319 529 1387 semper
552 1297 692 1365 debebit
717 1320 854 1364 manere
880 1297 1066 1374 occultunt;
1090 1319 1168 1363 nam
1192 1297 1283 1385 quod

0 1438 21 1464 a·
40 1405 137 1474 vobis
152 1405 189 1471 in
201 1402 366 1485 tenebris,
388 1403 491 1471 dicite
510 1405 546 1471 in
564 1404 712 1486 lumine,
730 1411 763 1470 et
777 1404 872 1494 quod
884 1405 919 1469 in
932 1426 1015 1471 aure
1030 1404 1171 1482 auditis,
1186 1425 1284 1493 prae-

14 1517 64 1581 :te
86 1532 192 1601 super
222 1515 313 1578 tecta
332 1510 461 1600 (tlatth.
492 1515 619 1598 103⁷).
647 1514 748 1578 Docet
766 1511 882 1601 itaque
904 1509 1089 1599 discipulos
1115 1511 1216 1599 quale
1238 1511 1281 1576 sit

23 1616 222 1698 consilium,
242 1616 303 1706 qui
317 1617 389 1685 scil.
408 1616 483 1682 vult
500 1617 677 1684 veritatem
701 1617 912 1684 manifestari
933 1622 965 1683 et
988 1638 1104 1683 omnes
1124 1617 1279 1683 homines

9 1725 83 1792 eius
95 1723 277 1815 pervenire
299 1723 548 1810 cognitionem
564 1723 656 1790 unde
679 1745 735 1789 eos
747 1745 884 1813 quoque
903 1723 1228 1803 efficaciterinvitat,
1246 1729 1283 1790 ut

0 1853 32 1897 tc
61 1831 121 1898 bei
142 1826 282 1898 consilio
304 1851 368 1920 pro
394 1829 527 1898 viribus
555 1834 794 1920 cooperentur.
817 1835 902 1897 Deris
928 1830 1018 1896 enim
1037 1842 1099 1919 pe'r
1126 1829 1282 1895 homines

11 1937 171 2005 homines
181 1936 346 2027 loquitur.

0 2187 8 2207 ·
33 2177 161 2239 overhia
175 2176 253 2239 haec
272 2176 312 2239 de
327 2176 456 2238 lucerna
470 2178 612 2247 lucente,
635 2181 708 2251 etc,
728 2178 940 2256 multiplicem
957 2178 1133 2239 admittunt
1150 2177 1284 2256 applica-

4 2292 81 2338 tem.
99 2275 151 2338 Uti
164 2275 238 2354 quis
248 2274 320 2336 aliis
331 2274 441 2336 lucem
459 2275 576 2336 inferre
592 2277 771 2354 concipitur
786 2276 946 2348 doctrina,
964 2277 1006 2337 ita
1021 2276 1140 2354 pariter
1154 2276 1214 2336 dici
1231 2293 1283 2354 po-

16 2373 135 2435 ⁴'lucem
146 2389 294 2453 spargere
301 2372 470 2434 sanctitate
482 2374 578 2435 vitae.
590 2377 693 2452 Atque
707 2391 744 2434 eo
755 2374 852 2435 modo
863 2375 1021 2452 accipiunt
1041 2373 1115 2433 Vtct.
1130 2372 1258 2452 tteopt.
1274 2394 1283 2432 .·

11 2477 66 2534 cut
83 2472 211 2533 lucerna
227 2470 360 2551 ponitur
376 2476 411 2532 ut
430 2472 551 2545 luceat,
567 2473 610 2532 ita
627 2477 659 2533 et
677 2471 743 2531 vita
760 2477 863 2531 vestra
876 2471 1024 2532 omnibus
1038 2472 1209 2549 conspicua
1223 2473 1282 2532 erit

3 2587 112 2631 mnes
127 2568 167 2630 ad
182 2569 284 2648 ipsam
301 2569 489 2648 respicient;
507 2569 625 2630 idcirco
644 2568 716 2630 date
730 2586 862 2646 operam
880 2574 913 2629 ut
932 2569 996 2629 vita
1010 2575 1114 2629 vestra
1129 2570 1209 2629 bona
1225 2570 1280 2630 sit:

0 2684 55 2738 ue
69 2667 157 2728 enim
171 2666 204 2727 in
217 2666 333 2746 angulo
348 2666 478 2740 sedetis,
493 2666 548 2727 sed
566 2667 694 2730 lucerna
706 2668 819 2727 estis...
835 2670 889 2727 Est
903 2668 1124 2745 unusquisque
1141 2672 1281 2727 nostrum

9 2782 89 2838 rna,
103 2764 160 2843 qui
171 2763 266 2825 debet
279 2765 355 2842 poni
371 2782 467 2842 super
479 2764 717 2837 candelabrum,
734 2763 795 2826 hoc
810 2773 856 2825 est
873 2783 968 2842 super
981 2765 1199 2826 summitatem
1215 2765 1282 2825 eius

0 2880 29 2924 ze
51 2860 233 2924 secundum
251 2863 355 2923 Deum
366 2867 424 2922 est
439 2863 707 2935 conversationis,
725 2869 760 2922 ut
778 2868 810 2923 et
828 2863 899 2922 aliis
915 2864 1016 2941 possit
1035 2862 1156 2934 lucere,
1173 2871 1204 2922 et
1220 2880 1281 2923 non

0 2985 2 3012 ι
21 2959 142 3032 modio,
159 2959 220 3021 hoc
234 2962 282 3020 est
296 2960 354 3021 sub
368 2960 589 3039 gastrimargia
605 2965 637 3020 et
654 2960 799 3021 ciborum
816 2978 903 3031 cura,
919 2978 1024 3038 neque
1041 2963 1099 3021 sub
1113 2962 1205 3033 lecto,
1223 2962 1282 3021 hoc

13 3057 121 3137 quiete
140 3081 168 3116 u.
190 3057 238 3118 Ad
252 3074 332 3136 quae
350 3062 585 3135 consequenter
604 3059 701 3118 etiam
719 3058 912 3137 adaptante.
933 3061 997 3118 2⁹2:
1019 3083 1032 3112 «
1051 3060 1279 3137 unusquisque,

4 3183 13 3209 ι
37 3157 159 3217 bonum
181 3155 293 3217 iecerit
316 3155 382 3216 sive
407 3156 528 3217 malum
550 3157 582 3216 in
606 3157 747 3227 occulto,
773 3158 1028 3218 manifestabitur
1052 3158 1147 3218 etiam
1176 3157 1226 3216 hic
1251 3165 1279 3218 et

8 3253 485 3332 itomagisintuturosaeeu10;
503 3255 581 3332 quid
595 3255 679 3314 enim
693 3256 795 3334 magis
808 3254 1031 3315 absconditum
1049 3257 1132 3316 Deo‘?
1141 3261 1279 3314 attamen

1 3353 71 3431 ipse
89 3351 311 3413 manifestatus
335 3356 384 3413 est
402 3352 434 3412 in
454 3369 546 3413 carne
571 3376 598 3411 ».
619 3355 658 3412 at
679 3353 738 3413 hoc
761 3354 830 3414 loco
855 3355 941 3431 prior
963 3355 1104 3431 acceptio
1128 3358 1210 3414 certe
1234 3360 1279 3412 est

10 3450 81 3511 tino
97 3448 317 3528 pracferenda,
341 3450 416 3528 quia
435 3450 577 3511 Christus
597 3450 772 3529 discipulos
792 3452 831 3511 de
852 3453 1003 3530 mysterio
1021 3452 1108 3530 regni
1125 3451 1179 3511 Dei
1196 3451 1281 3510 insti-

27 3547 224 3626 expositioue
238 3546 406 3626 parabolae
422 3550 455 3608 et
474 3548 549 3626 quia
563 3549 595 3608 in
611 3549 818 3626 sequentibus
839 3567 965 3626 quoque
983 3567 1037 3609 eos
1049 3548 1234 3608 adhortatur
1247 3556 1277 3608 ut

10 3644 129 3706 uinum
152 3644 323 3725 diligenter
348 3645 480 3706 audiant
506 3650 538 3706 et
566 3647 745 3724 suscipiant.
774 3648 880 3724 Neque
912 3648 976 3707 ullo
1002 3650 1094 3725 pacto
1117 3647 1229 3711 officit.
1253 3647 1278 3703 si

8 3759 60 3805 em
78 3743 173 3804 verba
191 3742 255 3804 alio
271 3743 304 3805 iu
325 3747 477 3805 contextu
490 3744 585 3804 aliam
602 3745 650 3804 rel
668 3745 855 3822 ampliorem
876 3746 1002 3822 exigant
1017 3744 1278 3822 significationem

19 3840 129 3903 llatth.
143 3843 226 3912 tat.
243 3842 316 3903 Luc.
332 3841 448 3921 ¹133).
466 3843 544 3902 Nam
560 3859 664 3919 perse
682 3843 840 3903 eiusmodi
858 3843 1021 3920 parabolae
1037 3842 1075 3902 ad
1093 3842 1194 3901 multa
1208 3846 1279 3918 apte

0 3938 151 4000 licentur
171 3944 203 4000 et
226 3938 387 4015 Christum
409 3938 530 4000 eisdem
556 3957 652 4000 usum
680 3957 748 4000 esse
774 3941 915 4019 saepius,
942 3942 1038 4001 etiam
1059 3943 1133 4000 Luc.
1154 3941 1227 4009 8,lss
1248 3946 1279 3999 et

20 4038 55 4111 3,
72 4037 149 4097 item
166 4039 241 4099 Luc.
262 4038 335 4107 8‚18
354 4042 386 4097 et
405 4039 496 4112 1936
511 4037 702 4098 ostenditur.
720 4038 806 4098 ldem
826 4039 906 4098 valet
926 4039 964 4098 dc
986 4057 1014 4098 r.
1036 4040 1073 4097 :li
1093 4037 1145 4115 (cl.
1168 4039 1276 4098 Mattlt.

3 4144 31 4188 ἰ
53 4140 86 4194 et
98 4137 171 4197 Luc.
187 4135 271 4214 aar)
285 4139 317 4195 et
332 4134 371 4195 de
388 4154 417 4193 v.
430 4139 470 4196 25
485 4134 604 4212 (Matth.
623 4138 712 4205 tata
723 4142 755 4196 et
769 4139 861 4207 ΜΕ)
874 4138 961 4213 etc).

0 4233 68 4292 tis
84 4233 200 4293 mirum
216 4238 264 4293 est
280 4233 364 4311 quod
378 4232 495 4311 Sclteqq
511 4239 617 4294 contra
633 4235 874 4312 explicationem
896 4235 1002 4294 obiicit
1020 4253 1026 4292 :
1046 4236 1069 4293 si
1084 4234 1218 4311 apostoli
1235 4235 1276 4294 ibi

0 4333 66 4392 ent
85 4331 206 4403 lucere,
224 4331 277 4392 ubi
300 4331 443 4393 Christus
463 4349 526 4391 non
545 4333 673 4393 lucebat
692 4333 748 4392 sed
770 4334 800 4391 in
819 4332 975 4411 parabolis
997 4332 1195 4409 loquebatur,
1216 4333 1278 4392 lere

6 4431 128 4490 rentur
142 4428 173 4489 id
186 4427 301 4490 debere
316 4431 472 4509 corrigere
488 4430 573 4507 quod
589 4431 739 4509 magister
753 4430 836 4490 haud
850 4431 929 4490 bene
945 4431 1070 4491 lecisset
1085 4429 1133 4488 rel
1150 4429 1179 4489 id
1194 4446 1278 4506 prae-

13 4545 30 4588 e
49 4526 135 4606 quod
155 4527 222 4604 ipse
241 4528 414 4588 omisisset.
437 4530 546 4588 Nonne
569 4546 679 4589 ret-era
700 4529 857 4588 debebant
878 4529 916 4587 iis
939 4529 1118 4607 praedicare
1141 4527 1178 4587 ad
1200 4546 1277 4606 quos¹

11 4627 88 4687 istus
103 4626 136 4686 in
149 4625 214 4686 vita
226 4643 285 4686 sua
299 4627 424 4686 mortali
440 4645 504 4687 non
520 4634 586 4687 erat
602 4628 739 4687 missus?
751 4626 929 4687 offenditur
943 4627 1058 4704 Seteqq
1075 4644 1177 4705 porro.
1195 4627 1277 4704 quod

0 4750 8 4777 ἰ
37 4725 187 4803 parabola
207 4741 247 4785 ne
272 4724 442 4785 minimum
466 4725 594 4804 quidem
620 4725 789 4803 vestigium
817 4725 955 4785 mandati
979 4725 1144 4802 discipulis
1170 4724 1277 4785 traditi
