3960 5654
184 526 245 586 211
389 489 391 493 γ
731 536 821 584 usuc.
844 521 894 591 to,
919 522 969 583 30.

184 674 448 743 destituerentur
465 669 598 737 auxiliis
619 677 653 739 et
668 671 807 740 solatiis.
827 674 912 736 Sunt
927 675 1058 757 tamen,
1076 679 1113 741 ut
1128 672 1220 741 iderti
1240 673 1389 743 advertit
1404 674 1513 766 aliqui

182 783 242 872 qui
254 775 411 846 additum
425 777 492 844 hoe
511 798 588 842 eum
593 775 882 869 persecutionibus
896 777 991 846 velut
1001 785 1133 871 partem
1146 778 1304 849 beneficii
1323 779 1417 871 quod
1432 803 1512 870 pro-

182 888 335 954 mittatur
346 884 531 975 explicent3
550 884 620 952 esse
630 886 702 953 seil.
716 884 807 950 inter
819 881 911 951 dona
925 887 983 952 Dei
992 909 1090 977 posse
1101 888 1172 978 pati
1185 908 1250 976 pro
1263 888 1394 956 Christo
1408 892 1442 953 et
1457 910 1512 954 eos

181 992 249 1059 dici
264 990 381 1058 beatos
399 1014 420 1058 a
437 990 568 1058 Christo
588 992 648 1081 qui
667 989 762 1057 varia
780 990 959 1057 hominum
979 993 1111 1061 malitia
1126 994 1362 1083 perpetiantur
1381 994 1510 1083 (Matth.

181 1104 273 1180 5,11.
293 1098 359 1187 12).
381 1099 440 1164 Pia
453 1096 593 1186 quidem
607 1094 805 1187 explicatio,
823 1095 883 1164 sed
897 1119 988 1186 quae
1003 1100 1077 1188 ipsa
1091 1101 1357 1168 enumerationis
1371 1100 1458 1168 serie
1472 1122 1513 1166 ae

179 1204 310 1272 ratione
319 1226 390 1272 non
402 1203 680 1285 commendatur;
696 1224 803 1291 quare
816 1204 853 1270 io
862 1204 977 1293 priore
987 1206 1184 1296 acceptione
1196 1226 1300 1296 quam
1314 1207 1454 1275 Cassian
1460 1229 1512 1288 us,
1629 1276 1635 1283 ,

180 1311 325 1402 Theoph.
342 1312 403 1390 Sa,
417 1309 544 1395 listins,
562 1307 776 1391 Menoetius,
794 1312 905 1400 Lamy
917 1314 952 1377 et
966 1312 1171 1380 recentiores
1184 1318 1377 1402 sequuntur
1390 1314 1513 1381 sisten-

179 1416 262 1485 dum
287 1419 363 1486 erit.
391 1418 595 1507 Nuperrime
619 1413 760 1506 quidam
783 1439 847 1507 pro
869 1417 1166 1506 persecutionibus
1187 1419 1256 1488 hoc
1281 1418 1356 1487 loco
1381 1441 1513 1509 ponere

178 1525 285 1593 voluit
302 1524 502 1592 vestimenta
520 1522 687 1613 pretiosa,
709 1523 836 1614 quippe
854 1545 943 1613 quae
962 1524 1008 1591 ad
1022 1525 1143 1593 seriem
1163 1546 1278 1592 rerum
1292 1525 1415 1592 melius
1429 1548 1511 1593 eon·

132 1653 139 1665 ·
178 1631 369 1700 venirent¹.
386 1629 453 1697 Sed
468 1630 662 1696 coniectura
682 1633 732 1695 est
750 1629 853 1719 plane
873 1630 1019 1712 inutilis,
1040 1653 1084 1698 ne
1101 1629 1216 1700 dicam
1235 1631 1358 1700 frivola
1378 1636 1412 1699 et
1426 1631 1512 1699 ridi-

177 1738 269 1819 cula;
306 1743 566 1825 utramcumque
599 1735 860 1825 explicationem
891 1737 1053 1824 elegeris,
1078 1738 1331 1828 persecutiones
1360 1761 1401 1807 eo
1429 1739 1512 1807 loeo

175 1865 309 1912 sensum
323 1842 492 1935 praebent
505 1843 645 1909 omnino
658 1840 703 1908 ad
717 1864 791 1908 rem
805 1846 923 1932 aptum
938 1850 971 1911 et
982 1844 1106 1911 Christi
1115 1845 1337 1935 promissione
1346 1844 1510 1932 dignum.

176 1951 219 2018 lis
235 1951 351 2039 itaque
369 1950 530 2017 Dominus
543 1948 579 2015 in
598 1949 662 2015 hoc
680 1954 833 2039 tempore
848 1948 1032 2039 pollicetur
1045 1951 1243 2042 centuplum
1262 1963 1295 2018 et
1314 1951 1506 2019 insaecula

172 2057 292 2146 futuro
311 2057 418 2124 vitam
436 2068 625 2122 aeternam.

213 2271 305 2351 Apud
327 2268 511 2333 Cassianum
528 2270 561 2330 in
580 2269 748 2330 collatione
765 2273 804 2330 at
823 2287 893 2349 cap.
911 2272 951 2331 26
963 2267 1019 2349 (Μ.
1036 2273 1086 2344 ts,
1104 2273 1180 2334 1325
1200 2271 1283 2352 seq.)
1300 2272 1381 2334 haee
1396 2273 1508 2352 legun·

173 2376 244 2433 tur:
262 2392 278 2424 α
295 2369 477 2448 centuplam
493 2368 624 2429 fratrum
637 2372 848 2446 parentumve
863 2368 996 2447 recipiet
1006 2369 1232 2447 quantitatem,
1248 2370 1393 2449 quisquis
1411 2372 1510 2451 patris

172 2469 269 2532 unius
284 2467 335 2528 vel
354 2467 467 2527 matris
483 2483 541 2527 seu
556 2465 614 2525 lilii
629 2482 687 2544 pro
702 2465 817 2527 Christi
832 2466 962 2527 nomine
977 2466 1106 2529 cantate
1120 2471 1303 2546 contempta
1319 2468 1351 2529 in
1366 2469 1509 2530 omnium

172 2567 229 2646 qui
246 2565 371 2628 Christo
390 2564 576 2626 deserviunt
590 2562 797 2625 dilectionem
811 2549 1065 2625 sincerissimam
1083 2564 1214 2637 transit,
1230 2582 1288 2645 pro
1309 2583 1374 2627 uno
1388 2567 1511 2628 scilieet

172 2670 219 2728 tot
238 2664 402 2726 inveniens
423 2666 529 2742 patres
548 2662 726 2740 fratresque
745 2662 935 2724 ferventiore
957 2679 993 2723 ac
1010 2662 1238 2742 praestantiore
1258 2663 1321 2723 sihi
1339 2663 1509 2726 affectione

171 2763 347 2825 devinctos.
364 2759 575 2839 Multiplieata
593 2759 691 2820 etiam
710 2758 881 2821 domorum
901 2764 994 2838 atque
1015 2777 1162 2840 agromm
1176 2762 1377 2841 possessione
1392 2761 1508 2823 ditabi-

170 2867 234 2933 tur,
256 2859 403 2939 quisquis
422 2876 486 2919 una
506 2857 602 2918 domo
618 2874 677 2936 pro
695 2856 810 2918 Christi
831 2857 1001 2919 dilectione
1018 2857 1135 2920 reiecta
1155 2858 1321 2921 innumera
1338 2859 1509 2920 monacho·
1582 2892 1584 2897 ·

170 2976 244 3021 rum
262 2956 444 3018 habitacula
468 2959 633 3033 tamquam
657 2955 788 3035 propria
810 2954 1003 3033 possidebit,
1023 2955 1058 3016 in
1084 2973 1287 3036 quacumque
1311 2957 1398 3017 orbis
1419 2962 1509 3037 parte

169 3056 304 3120 velutin
319 3071 397 3116 suae
418 3052 533 3114 domus
553 3053 622 3113 iure
644 3052 830 3114 succedens.
841 3042 1015 3124 'Quomodo
1032 3054 1118 3114 enim
1137 3071 1204 3115 non
1218 3053 1418 3133 centuplum,
1434 3059 1466 3115 et
1481 3056 1508 3115 si

170 3154 296 3218 Domini
311 3152 412 3214 nostri
427 3150 603 3211 sententiae
622 3149 813 3229 superadiiei
826 3149 951 3227 aliquid
966 3150 1013 3211 fas
1026 3155 1089 3223 est,
1105 3151 1178 3231 plus
1198 3169 1296 3230 quam
1319 3152 1507 3231 centuplum

170 3253 295 3332 recipit,
311 3250 368 3330 qui
385 3248 498 3310 decem
517 3247 567 3309 vel
584 3247 695 3326 viginti
715 3264 882 3308 servornm
898 3247 1078 3309 ministeria
1091 3248 1188 3310 infida
1200 3252 1232 3310 et
1247 3249 1400 3311 coacticia
1413 3249 1507 3311 dere-

170 3351 319 3430 linquens
340 3352 389 3409 tot
414 3348 625 3425 ingenuorum
643 3363 680 3406 ac
702 3344 861 3406 nobilium
882 3349 1057 3425 spontaneo
1076 3347 1205 3409 fulcitur
1225 3347 1402 3425 obsequio?
1416 3346 1507 3418 Quod

171 3451 215 3511 ita
229 3465 298 3511 esse
313 3446 411 3508 etiam
427 3444 541 3506 vestris
561 3443 788 3524 experimentis
807 3444 941 3522 probare
955 3444 1121 3523 potuistis,
1138 3445 1193 3523 qui
1213 3444 1349 3524 singulis
1364 3445 1507 3523 patribus

169 3547 392 3624 matribusque
412 3560 448 3603 ae
468 3541 616 3603 domibus
638 3541 817 3615 derelictis,
833 3541 1013 3620 quamlibet
1034 3542 1147 3604 mundi
1166 3546 1290 3622 partem
1312 3542 1439 3604 fueritis
1459 3543 1508 3603 in-

168 3644 268 3726 gressi
282 3646 398 3723 patres,
415 3645 533 3701 matres
548 3639 726 3717 fratresque
742 3639 944 3715 innumeros,
961 3638 1076 3701 domos
1091 3657 1218 3720 quoque
1232 3643 1264 3701 et
1277 3657 1370 3720 agros
1384 3657 1506 3702 servos-

170 3759 232 3823 que
254 3739 460 3802 fidelissimos
484 3737 607 3816 absque
628 3736 694 3797 ullo
719 3735 946 3797 sollicitudinis
966 3737 1074 3800 labore
1095 3738 1300 3817 conquiritis,
1318 3738 1373 3816 qui
1394 3755 1450 3798 vos
1471 3742 1507 3799 ut

168 3840 314 3921 proprios
332 3836 479 3898 dominos
499 3835 656 3897 submisse
681 3834 877 3912 suscipiunt,
901 3835 1147 3914 amplectuntur,
1168 3836 1292 3906 fovent,
1314 3839 1507 3899 venerantur

169 3939 283 4001 officiis
299 3961 327 3997 u.

209 4037 293 4099 Sunt
315 4035 369 4113 qui
391 4032 470 4094 haec
491 4030 606 4092 Christi
630 4030 726 4091 verba
748 4029 875 4109 impleri
900 4029 1005 4091 dicant
1024 4030 1121 4092 modo
1143 4030 1316 4111 spirituali,
1332 4031 1375 4092 ita
1394 4036 1430 4093 ut
1447 4049 1505 4111 pro

169 4132 401 4215 temporalibus
424 4129 538 4190 dentur
555 4127 673 4207 gratiae
695 4127 888 4207 spirituales.
910 4130 956 4189 Eo
975 4128 1072 4209 modo
1088 4128 1197 4191 scribit
1215 4126 1251 4190 S.
1269 4127 1477 4210 Hieronymus
1496 4149 1506 4190 :

171 4258 186 4290 a
201 4233 257 4313 qui
269 4230 405 4293 carnalia
413 4246 472 4308 pro
484 4226 645 4288 salvatore
660 4224 816 4286 dimiserit
829 4225 1007 4306 spiritualia
1017 4226 1160 4306 recipiet,
1174 4244 1254 4305 quae
1267 4226 1505 4306 comparatione

170 4349 206 4393 ao
220 4331 333 4391 merito
350 4329 399 4390 sui
412 4327 458 4387 ita
470 4329 563 4387 erunt
578 4323 670 4403 quasi
685 4323 712 4382 si
728 4341 824 4401 parvo
842 4341 976 4386 numero
992 4325 1192 4386 centenarius
1209 4342 1361 4387 numerus
1376 4342 1505 4404 eompa-

170 4433 257 4492 retur
272 4451 287 4482 »
304 4425 360 4507 (Μ.
375 4424 518 4503 26139),
535 4426 568 4484 et
586 4421 698 4483 eadem
715 4423 831 4501 repetit
849 4420 936 4483 Beda
950 4422 1012 4484 hie.
1032 4422 1136 4484 Simili
1157 4422 1252 4484 modo
1272 4421 1308 4484 S.
1327 4422 1504 4484 Ambrosius

170 4544 227 4608 per
243 4524 431 4604 centuplum
449 4523 555 4601 ipsum
573 4523 675 4581 Deum
694 4519 808 4598 accipit
824 4520 878 4599 qui
897 4521 937 4581 ah
955 4521 994 4581 iis
1014 4521 1215 4601 possideatur
1234 4522 1290 4600 qui
1310 4523 1417 4582 omnia
1431 4521 1505 4583 reli-

203 4728 226 4775 1.
240 4723 279 4772 lta
293 4719 436 4771 Marthatt
450 4718 478 4767 in
496 4715 624 4783 periodica
648 4713 748 4779 anglico
771 4714 824 4765 The
848 4715 993 4780 Expositos,
1011 4720 1070 4768 1892
1090 4729 1180 4768 mense
1203 4719 1302 4781 august.
1318 4729 1343 4780 p.
1364 4719 1404 4766 91.
1428 4717 1504 4766 Putat

171 4803 239 4856 enim
254 4800 376 4866 pleraque
389 4799 417 4848 in
431 4798 572 4863 evangeliis
586 4809 641 4848 esse
652 4795 778 4847 translata
788 4809 820 4845 ex
833 4795 960 4846 aramaieo
973 4799 1069 4848 etcum
1081 4797 1126 4863 qui
1139 4796 1301 4848 transtulerit
1319 4809 1450 4861 perperam
1465 4795 1503 4847 le·

171 4884 236 4950 gissa
250 4892 343 4947 ppt-n
359 4892 406 4944 pro
423 4890 525 4941 urar-1.
547 4880 668 4929 ceteram
684 4876 746 4927 haee
766 4889 818 4927 vox
836 4875 959 4940 signftm
973 4890 1025 4927 non
1039 4881 1136 4929 restem
1155 4876 1310 4942 pretiosam,
1336 4876 1379 4928 sed
1402 4875 1501 4938 retum,

170 4973 281 5039 peplum,
294 4971 469 5036 tegumtmum
480 4967 572 5034 capitis
582 4980 736 5034 expensum
747 4966 780 5018 ef.
795 4965 925 5032 Baetem]
939 4968 1001 5018 Lex.
1013 4965 1096 5019 chald.
1111 4981 1136 5032 p.
1155 4971 1225 5018 mit.
