3960 5654
903 337 994 382 nanc.
1016 320 1046 390 8,
1069 318 1170 379 2426.
1638 317 1697 378 sss

367 492 548 561 apparere,
565 472 611 536 ita
626 473 664 535 ut
680 491 747 537 non
759 471 859 539 facilc
876 470 981 538 arbor
994 492 1040 538 an
1055 469 1157 536 homo
1171 469 1214 536 sit
1228 468 1334 559 possit
1347 467 1515 555 dignosci.
1535 469 1579 534 lix
1601 468 1695 532 motu

370 583 482 647 tamen
504 584 538 646 et
560 574 790 645 ambulatione
816 579 979 663 cognovit
998 597 1068 643 esse
1094 576 1261 644 homines.
1287 579 1332 641 Ex
1350 597 1418 664 quo
1440 574 1512 642 eius
1535 571 1697 664 loquendi
1781 562 1786 568 ’

369 687 466 754 modo
480 684 646 768 colligunt
660 708 740 753 eum
751 705 819 751 non
834 682 934 752 luisse
947 705 1086 752 caecum
1099 706 1119 751 a
1132 683 1308 750 nativitate
1319 681 1409 770 (Cui.
1427 683 1516 747 luna.
1533 688 1566 748 et
1579 702 1695 748 recen-

368 793 497 883 tiores);
516 814 547 857 v.
565 796 606 859 25
621 791 741 860 deinde
757 791 879 858 iterum
896 789 1060 882 imposuit
1073 814 1196 859 manus
1210 811 1312 879 super
1326 788 1441 855 oculos
1454 788 1525 855 eius
1539 798 1571 854 ct
1588 787 1698 878 coepit

368 901 481 968 videre
494 885 654 983 datttetes
668 899 813 964 firmiter
828 897 971 965 intuitus
993 903 1058 981 est,
1080 898 1223 964 firmiter
1237 896 1381 987 aspexit,
1400 896 1495 985 quasi
1511 917 1604 962 nunc
1623 894 1696 962 acie

367 1007 539 1074 ocnlorum
559 1006 721 1074 nebulam
740 1004 836 1071 illam
858 1010 892 1072 et
914 1005 1155 1073 obscuritatem
1177 1009 1361 1094 penetrans
1374 1025 1442 1093 qna
1462 1008 1562 1069 antea
1579 1023 1633 1068 res
1649 1001 1697 1067 vi-

366 1115 463 1181 derat
477 1125 510 1179 ct
522 1115 695 1181 restitutus
708 1122 757 1178 cst
771 1111 871 1201 plene
887 1135 907 1179 a
920 1111 1056 1180 delectu
1071 1112 1132 1180 illo
1147 1116 1180 1179 et
1193 1112 1355 1179 caecitate
1375 1114 1513 1177 sanatus
1527 1115 1578 1177 est
1593 1109 1642 1175 ita
1658 1120 1696 1175 ut

369 1221 457 1287 clarc
472 1219 599 1289 vr'derct
612 1218 746 1300 omniu,
764 1213 817 1281 καὶ
833 1209 989 1282 testacea
1004 1224 1037 1286 ct
1051 1218 1248 1287 intuebatur
1263 1218 1357 1310 (nota
1376 1217 1613 1308 imperfectum
1633 1215 1697 1284 hoc

368 1329 457 1410 loco,
472 1329 553 1396 dum
566 1348 670 1418 supra
683 1313 856 1416 διέίλεψεν)
872 1331 1077 1410 constanter,
1092 1326 1250 1410 tirmiter,
1264 1325 1393 1395 diutius
1404 1324 1556 1392 dilucide
1567 1325 1694 1391 omnia.

411 1440 476 1503 Cur
490 1441 579 1503 lesus
592 1456 670 1500 eum
680 1434 847 1525 paulatim
859 1435 1032 1502 sanaverit
1044 1440 1226 1525 quaerunt.
1238 1433 1443 1523 Plerumque
1459 1433 1626 1500 rationem
1643 1454 1697 1499 as·

366 1545 501 1630 signant
514 1565 553 1610 ex
567 1541 701 1609 delectu
722 1540 802 1609 fidei
821 1543 856 1608 in
870 1562 982 1610 caeco.
1001 1542 1097 1609 Prius
1111 1543 1221 1624 enim,
1240 1547 1277 1608 ut
1289 1541 1394 1608 Eactd.
1412 1540 1478 1622 ait,
1499 1539 1697 1630 imperfecte

366 1651 498 1717 curavit
513 1655 549 1716 ut
563 1647 760 1740 imperiecte
778 1649 989 1730 credentem
1010 1647 1089 1716 ideo
1105 1649 1208 1716 etiam
1228 1648 1457 1735 interrogavit
1473 1667 1552 1715 eum
1566 1647 1594 1714 si
1613 1645 1698 1737 quid
1787 1693 1790 1699 -

367 1758 510 1839 videret,
532 1761 570 1823 nt
588 1757 647 1846 qni
663 1777 788 1847 parum
800 1754 915 1822 adhuc
932 1754 1151 1847 respiciebat,
1166 1779 1229 1846 per
1245 1755 1417 1823 modicum
1434 1759 1607 1844 aspectum
1625 1774 1698 1822 cre·
1747 1812 1752 1821 .

366 1866 460 1932 deret
473 1863 654 1955 perfectius
666 1885 708 1930 ac
720 1868 899 1931 sanaretur
914 1863 1115 1953 perfectius,
1132 1869 1166 1931 et
1179 1863 1337 1930 similiter
1355 1863 1439 1931 Viae.
1461 1861 1605 1954 Theopb.
1621 1861 1695 1930 Cui.

369 1974 477 2042 Calm.
497 1971 560 2039 Fil.
569 1990 584 2054 ,·
597 1971 705 2038 voluit
718 1971 822 2054 enim,
841 1976 946 2060 prout
958 1968 1069 2048 Mald.
1085 1977 1216 2055 censet,
1234 1971 1386 2039 Christus
1400 1992 1496 2037 suam
1511 1969 1696 2061 potentiam

365 2080 409 2147 ad
424 2079 514 2146 illius
529 2078 632 2145 fidem
647 2078 831 2162 moderari,
846 2077 940 2168 quod
950 2084 985 2146 et
995 2079 1033 2145 in
1047 2083 1145 2146 Petro
1155 2101 1258 2169 super
1272 2100 1365 2146 mare
1375 2078 1571 2144 ambulante
1582 2077 1698 2144 fecisse

366 2187 529 2275 legimus,
551 2187 705 2277 quicum
726 2187 878 2276 perfecte
896 2185 1060 2253 credebat
1078 2186 1186 2253 firmis
1201 2209 1305 2276 super
1323 2207 1417 2253 nrare
1434 2184 1585 2273 vestigiis
1604 2185 1697 2252 ince-

365 2294 481 2376 debat,
507 2315 585 2361 cum
607 2292 791 2361 dubitabat
815 2293 1056 2381 mergebatur;
1079 2294 1220 2361 fortasse
1247 2294 1352 2362 etiam
1376 2292 1499 2377 voluit,
1523 2297 1560 2359 ut
1580 2313 1699 2360 caccus

367 2401 571 2470 beneficium
594 2400 685 2491 quod
701 2400 895 2491 accipiebat
910 2399 994 2468 dum
1008 2401 1176 2492 paulatim
1190 2400 1256 2468 sibi
1275 2399 1515 2469 conterebatur
1526 2398 1635 2490 pluris
1648 2399 1697 2468 ia·

366 2517 468 2577 cerat.
490 2513 657 2576 Docemur
678 2509 794 2599 itaque
820 2509 1000 2576 Dominum
1021 2514 1182 2597 rogatum
1197 2530 1265 2576 non
1280 2508 1372 2576 illico
1390 2507 1473 2575 dare
1489 2506 1619 2590 omnia,
1636 2507 1697 2575 sed

365 2617 530 2707 paulatim
548 2637 796 2708 nonnunquam
811 2639 872 2683 sua
890 2615 982 2684 dona
997 2616 1197 2704 rogantibus
1212 2617 1389 2708 impertire
1403 2637 1472 2706 quo
1483 2617 1593 2703 magis
1606 2614 1695 2684 desi-

366 2724 501 2792 derium
519 2728 672 2790 nostrum
688 2723 840 2790 attidem
856 2723 1022 2791 accendat
1036 2723 1168 2814 (lam).
1187 2728 1259 2791 Non
1273 2725 1317 2791 ob
1332 2723 1504 2791 delectum
1519 2721 1615 2804 fidei,
1635 2723 1696 2790 sed

366 2833 409 2899 ad
428 2832 529 2898 fidem
545 2832 635 2898 caeci
651 2830 866 2921 probandam
882 2831 931 2898 ita
944 2831 1054 2919 egisse
1069 2831 1242 2899 Christum
1254 2833 1388 2922 Solaeqq
1402 2830 1604 2912 arbitratur;
1619 2852 1698 2897 cum

365 2942 455 3007 enim
471 2961 592 3007 caecus
605 2940 702 3030 prius
715 2937 824 3006 solnm
838 2938 981 3007 contuse
995 2944 1029 3006 et
1043 2938 1187 3007 obscure
1201 2937 1346 3018 videret,
1364 2959 1525 3025 magnam
1536 2937 1697 3006 exstitisse

366 3071 428 3137 pro
450 3069 490 3114 eo
509 3047 733 3114 tentationem
754 3045 901 3136 putandi
917 3046 1131 3115 sanationem
1146 3069 1214 3114 non
1230 3045 1412 3114 succedere
1427 3050 1460 3114 et
1474 3047 1644 3113 Christum
1658 3068 1699 3113 ea

366 3155 436 3221 vice
446 3176 608 3245 prospero
617 3176 773 3220 successu
780 3175 849 3220 non
859 3155 908 3220 uti
919 3177 927 3236 ;
940 3160 1091 3222 attamen
1103 3176 1242 3222 caecum
1254 3153 1393 3221 firmum
1402 3155 1438 3220 in
1450 3152 1515 3221 lide
1524 3154 1694 3223 mansisse.

364 3261 427 3328 Sed
439 3267 521 3353 puto
533 3282 673 3328 caecum
685 3262 753 3329 iam
764 3261 892 3349 gaudio
905 3261 1008 3345 allici,
1020 3263 1081 3328 abi
1094 3261 1271 3329 oculorum
1282 3262 1372 3329 acies
1381 3260 1490 3328 solum
1501 3260 1698 3350 imperfecte

364 3369 395 3436 ci
413 3369 661 3451 restitueretur3
679 3368 771 3435 unde
786 3368 906 3436 dubito
921 3369 1068 3436 fueritne
1083 3392 1148 3460 pro
1163 3392 1203 3437 eo
1216 3369 1285 3437 tale
1298 3368 1487 3460 periculum
1503 3369 1698 3435 tentationis

364 3482 397 3542 ct
411 3475 654 3566 desperationis
669 3475 711 3543 de
732 3476 857 3543 Christi
869 3478 1033 3567 potentia.
1059 3475 1164 3544 Aliter
1180 3477 1335 3558 Sullana,
1351 3475 1399 3543 ita
1414 3474 1578 3565 paulatim
1597 3497 1697 3542 sana·

366 3584 491 3651 tionem
503 3605 573 3650 esse
585 3582 757 3667 effectum,
774 3589 812 3651 nt
826 3582 1004 3674 discipulis
1018 3583 1117 3675 quasi
1130 3584 1286 3675 exemplo
1301 3588 1547 3674 proponeretur
1559 3582 1699 3651 caecita-

366 3699 433 3758 tem
457 3713 593 3782 quoquc
620 3690 834 3780 spiritualem
860 3692 1027 3781 paulatim
1051 3693 1095 3760 ab
1123 3693 1162 3759 iis
1186 3714 1257 3764 esse
1287 3691 1521 3760 auferendam.
1545 3690 1697 3758 Similem

366 3800 529 3865 rationem
542 3799 646 3865 ctiam
664 3798 767 3880 Beda,
782 3799 891 3867 Salm.
905 3799 1071 3881 afferunt,
1087 3804 1124 3866 ut
1136 3798 1208 3866 scil.
1228 3798 1430 3887 magnitudo
1442 3799 1613 3866 humanae
1624 3819 1697 3865 cae·

363 3907 474 3972 citatis
487 3905 723 3973 ostenderetur
733 3928 821 3996 quae
837 3908 935 3996 quasi
950 3905 1160 3997 pedetentim
1172 3912 1206 3974 et
1221 3928 1285 3997 per
1299 3905 1465 3998 quosdam
1483 3905 1694 3997 profectuum

364 4012 492 4100 gradus
510 4013 554 4080 ad
569 4014 680 4081 lucem
701 4013 841 4081 divinae
857 4014 995 4081 visionis
1011 4014 1137 4082 soleret
1151 4015 1344 4106 pervenire.
1362 4013 1465 4082 addit
1480 4012 1588 4082 Salm.
1612 4036 1697 4104 apo-

365 4120 458 4187 stolis
480 4144 615 4211 quoque
634 4122 790 4198 sormam·
806 4121 960 4189 exhiberi
980 4128 1194 4212 quantopere
1212 4121 1442 4190 laborandum
1458 4121 1501 4188 sit
1519 4122 1583 4205 eis,
1600 4126 1640 4189 ut
1654 4121 1697 4190 ad
1813 4206 1816 4210 λ

365 4228 437 4295 veri
453 4228 683 4316 coguitionem
698 4228 871 4297 adducere
892 4230 1022 4319 possint
1041 4252 1098 4297 ecs
1120 4232 1179 4320 qui
1201 4231 1236 4296 in
1256 4226 1372 4297 errore
1391 4230 1507 4318 aliquo
1527 4230 1696 4297 invetera-

368 4337 489 4403 verint.

410 4450 499 4512 lesus
513 4447 627 4510 autem
639 4448 797 4511 sanatum
814 4444 859 4511 ab
872 4443 1053 4512 hominum
1069 4445 1172 4513 turba
1189 4450 1222 4512 et
1243 4445 1472 4512 admiratione
1490 4468 1606 4513 arcere
1626 4447 1698 4513 vult

366 4577 396 4619 v.
415 4559 458 4620 26
473 4564 506 4619 et
517 4551 609 4618 nabit
624 4549 721 4618 illum
738 4551 774 4618 in
791 4551 930 4619 demtum
944 4574 1042 4620 sacam
1055 4553 1169 4621 dicens
1185 4575 1196 4620 :
1211 4551 1297 4621 vade
1310 4554 1346 4620 in
1360 4552 1498 4621 dentum
1514 4567 1609 4622 tuum
1623 4567 1656 4621 et
1667 4552 1698 4620 si

366 4661 401 4727 in
415 4661 526 4728 niceam
550 4660 720 4727 introieris
735 4659 866 4728 nemini
878 4660 1024 4744 diseris;
1039 4661 1117 4729 vide
1134 4661 1210 4728 lect.
1231 4684 1322 4744 var.;
1343 4663 1380 4728 in
1394 4661 1591 4729 melioribus
1602 4661 1694 4729 codi-

366 4768 460 4836 cibus
480 4778 513 4836 et
527 4768 735 4836 editionibus
754 4769 880 4836 criticis
901 4771 1009 4837 solum
1026 4769 1177 4857 legitur:
1202 4757 1281 4856 μηδὲ
1297 4766 1339 4842 εἰς
1359 4768 1415 4838 τὴν
1436 4767 1540 4858 κώμην
1562 4766 1696 4858 etanta
