3960 5654
991 453 1083 500 nnnc.
1108 441 1137 508 3,
1161 439 1264 498 2428.
1737 445 1793 505 107

463 587 554 656 enim
569 592 736 658 Christum
750 586 861 656 facere
876 590 952 656 luce
964 587 1088 653 clarius
1103 593 1164 671 cst,
1182 608 1259 655 cum
1279 587 1408 677 ubique
1427 590 1609 658 daemones
1630 590 1743 656 eiiciat
1763 599 1796 657 et

464 694 617 764 homines
634 694 678 762 ad
697 693 856 782 pictatem
877 695 1017 761 reducat
1034 702 1067 759 ct
1086 695 1272 761 daemones
1291 697 1362 760 cius
1381 703 1584 784 potestatem
1601 699 1743 764 timeant
1763 703 1797 762 et

460 804 568 872 solum
582 800 677 870 inviti
692 801 824 868 cedant.
839 802 920 866 Dein
934 800 1088 889 pluribus
1098 801 1246 868 ostendit
1258 824 1362 889 quam
1378 802 1546 867 absonum
1560 805 1602 869 sit
1620 806 1794 871 affirmare

462 911 539 978 eiici
552 910 731 976 daemones
747 932 806 999 per
822 905 1012 995 principem
1028 930 1145 974 eorum
1163 931 1194 973 v.
1211 915 1252 974 at
1264 921 1295 972 et
1309 911 1341 974 si
1352 931 1495 994 repmmt
1510 909 1545 973 in
1559 932 1592 975 se
1608 910 1795 991 dividatur,

462 1039 577 1085 secum
594 1017 705 1104 ipsum
719 1015 869 1093 dissidet,
888 1005 933 1098 ἐφ’
949 1014 1055 1082 ἑαυτὴν
1071 1010 1194 1102 μερισθῇ
1213 1014 1362 1080 breviter
1377 1016 1506 1081 dictum
1521 1022 1569 1081 cst
1586 1040 1592 1080 ι
1611 1017 1638 1081 si
1651 1017 1795 1083 diuisam

391 1185 393 1190 Α
461 1130 512 1190 est
523 1125 571 1190 ita
584 1128 620 1188 ut
633 1136 751 1190 contra
763 1146 795 1189 se
808 1122 922 1211 ipsum
935 1121 1104 1188 discordet
1117 1144 1156 1187 ac
1167 1120 1339 1199 dissideat,
1354 1144 1421 1187 aon
1428 1134 1541 1211 potest
1554 1145 1694 1211 repaum
1709 1123 1799 1189 illud

461 1231 589 1310 stare¹3
618 1229 710 1297 idem
735 1229 823 1296 valet
846 1228 888 1294 de
917 1228 1064 1310 familia,
1092 1228 1134 1294 de
1160 1229 1294 1293 minore
1322 1228 1473 1317 quadam
1499 1231 1677 1309 socictate,
1706 1252 1795 1318 quae

461 1335 641 1404 consistere
667 1344 701 1403 et
723 1356 884 1426 prospere
909 1355 1012 1420 agere
1037 1335 1173 1423 nequit,
1203 1336 1229 1399 si
1250 1334 1420 1401 discordia
1439 1336 1519 1402 socii
1540 1337 1628 1402 inter
1651 1359 1685 1402 se
1704 1338 1794 1404 scin-

459 1441 606 1526 duntur;
633 1467 663 1509 v.
690 1450 731 1510 25
755 1455 787 1506 et
807 1442 837 1507 si
854 1433 1100 1530 domus'saper
1125 1441 1341 1530 semetipsam
1365 1441 1596 1530 (tripertiatur,
1620 1443 1723 1509 dictio
1746 1452 1796 1510 cst

461 1549 580 1617 cadem
601 1549 739 1639 quaein
758 1571 788 1614 v.
818 1555 859 1616 tt
877 1570 1014 1635 graece,
1035 1570 1103 1613 noa
1123 1562 1237 1636 potest
1256 1549 1376 1615 duritas
1398 1548 1459 1615 illa
1485 1561 1594 1626 stare,·
1613 1550 1695 1615 inde
1715 1572 1795 1617 vero

458 1655 673 1723 concluditur
688 1678 719 1721 v.
734 1661 776 1722 26
792 1669 824 1722 et
836 1657 867 1722 si
877 1667 1015 1721 satanas
1030 1657 1278 1721 consurrexerit
1289 1656 1325 1722 in
1340 1679 1374 1721 se
1390 1657 1520 1744 ipsam,
1533 1678 1632 1722 sunm
1648 1678 1794 1742 regnum

460 1762 533 1852 ipse
547 1768 692 1843 evertat,
707 1763 812 1829 socios
823 1785 898 1828 suos
912 1761 1094 1828 daemones
1103 1768 1298 1828 constanter
1312 1762 1476 1852 expellat,
1492 1763 1688 1853 dispertitas
1701 1778 1750 1830 est
1763 1775 1796 1830 et

459 1890 529 1960 aare
543 1869 668 1958 poterit
685 1882 773 1935 stare
788 1868 849 1936 sed
859 1869 963 1954 finem
980 1867 1099 1950 trabea·
1115 1869 1173 1934 sed
1193 1871 1271 1957 quis
1285 1877 1355 1934 tam
1368 1870 1538 1936 absurdus
1552 1878 1603 1937 est
1616 1876 1654 1936 ut
1668 1877 1794 1937 asserat

461 1973 662 2042 daemonem
677 1998 712 2042 se
728 1979 837 2065 ipsum
853 1976 1054 2042 auctoritate
1069 1981 1103 2040 et
1118 1997 1228 2061 regno
1248 1977 1385 2064 privare
1400 1982 1434 2042 et
1452 1977 1546 2043 omni
1560 1984 1684 2043 conatu
1703 2000 1793 2044 nunc

461 2073 633 2149 destruere
651 2083 744 2171 quod
764 2082 855 2148 omni
876 2082 986 2148 studio
1007 2083 1186 2170 acquirere
1206 2090 1239 2148 et
1258 2084 1407 2149 retinere
1424 2083 1519 2149 vult?

505 2188 631 2256 Scribis
642 2189 690 2255 ita
702 2188 922 2267 absurditatis
932 2190 1093 2256 convictis
1108 2188 1322 2255 demonstrat
1332 2190 1464 2276 quidex
1477 2190 1640 2257 eiectione
1655 2198 1792 2257 satanae

460 2294 667 2385 discipotius
682 2297 883 2385 potueritne
898 2296 1055 2362 debuerit
1070 2319 1100 2360 v.
1122 2301 1164 2361 Ἡ
1185 2318 1308 2382 graece
1325 2319 1403 2362 cum
1417 2299 1573 2386 emphasi
1589 2294 1689 2377 ἀλλὰ,
1709 2299 1792 2386 quiu

459 2401 566 2470 immo
583 2424 679 2468 mmo
692 2415 800 2492 potest
815 2425 896 2469 vasa
909 2404 1009 2491 sartis
1024 2403 1194 2491 inpressas
1210 2405 1246 2468 iu
1265 2404 1405 2469 domam
1428 2403 1595 2493 diripere,
1617 2404 1683 2469 ursi
1698 2405 1794 2494 prius

458 2509 583 2595 sortem
598 2509 715 2598 altipet
729 2522 760 2575 et
776 2523 855 2575 tuuc
868 2509 1009 2576 domam
1019 2510 1090 2576 eius
1103 2509 1244 2598 diripiet
1257 2511 1279 2574 i.
1295 2533 1325 2576 e.
1345 2532 1398 2576 me
1411 2510 1534 2576 videtis
1549 2513 1741 2597 ingressum
1758 2512 1793 2578 in

461 2636 608 2702 regnum
622 2616 749 2684 diaboli
768 2617 908 2705 eiusque
925 2639 1003 2683 vasa
1022 2623 1054 2682 ct
1075 2618 1303 2682 instrumenta
1322 2617 1354 2682 ei
1369 2618 1519 2707 eripere,
1537 2618 1693 2684 homines
1711 2640 1796 2709 quos

459 2722 518 2789 ille
533 2745 592 2789 ocu
612 2724 720 2812 spolia
738 2728 802 2790 Deo
816 2724 979 2812 subrepta
997 2722 1160 2811 possedit,
1185 2722 1305 2788 vidctis
1322 2746 1375 2789 me
1396 2724 1468 2789 eius
1487 2724 1623 2790 auferre
1645 2746 1742 2791 arma
1759 2726 1793 2791 in

461 2828 760 2919 quibushactenus
770 2830 981 2919 confisusest,
995 2831 1183 2918 potentiam
1196 2830 1267 2896 scil.
1282 2836 1315 2895 ct
1326 2832 1393 2895 vim
1403 2831 1509 2920 ipsius
1519 2836 1553 2896 et
1564 2832 1657 2911 vitia,
1671 2831 1795 2920 quibus

461 2936 624 3002 hactenus
638 2941 755 3002 contra
775 2937 930 3002 homines
949 2934 1158 3025 praevaluit;
1179 2937 1242 3002 hoc
1260 2937 1376 3026 itaque
1396 2944 1527 3003 certum
1544 2945 1594 3003 est
1610 2960 1794 3025 argumen-

459 3047 532 3109 tum
551 3065 641 3110 amc
655 3050 827 3129 tamquam
844 3043 985 3108 fortiore
1003 3064 1080 3109 eum
1094 3064 1164 3108 esse
1180 3042 1360 3129 alligatum
1376 3051 1410 3109 et
1426 3052 1637 3133 superatum.
1659 3049 1695 3110 Et
1709 3045 1792 3134 quid

460 3148 539 3216 inde
559 3150 796 3239 consequitur?
814 3149 897 3238 qnid
918 3150 1150 3238 consequitur,
1169 3151 1194 3215 si
1216 3158 1320 3239 caput
1339 3151 1507 3240 serpentis
1529 3151 1658 3217 diaboli
1677 3158 1793 3218 conte-

462 3256 568 3322 ritur?
592 3262 625 3322 et
648 3257 803 3346 princeps
824 3256 923 3322 huius
946 3256 1066 3323 mnndi
1093 3256 1230 3322 eiicitur
1252 3257 1363 3323 foras?
1386 3279 1470 3344 crgo
1497 3258 1654 3347 pervenit
1676 3259 1711 3323 in
1734 3281 1793 3324 vos

462 3384 609 3449 regnum
629 3365 686 3430 [tei
707 3363 833 3452 (ttatth.
859 3363 985 3450 1228).

510 3469 596 3546 Quid
603 3471 866 3536 veroimmiueat
876 3471 991 3558 eisqui
1003 3469 1085 3535 data
1095 3491 1201 3559 opera
1212 3470 1378 3536 miracula
1392 3470 1506 3537 divina
1517 3494 1606 3560 quae
1618 3478 1795 3560 tamquam

461 3576 579 3643 divina
597 3598 664 3642 non
684 3583 822 3665 possunt
842 3598 909 3641 non
929 3598 1132 3662 cognoscere
1155 3577 1351 3643 attribuunt
1373 3576 1527 3655 diabolo,
1547 3586 1582 3642 nt
1605 3578 1717 3664 legato
1736 3579 1793 3644 Dei

460 3682 628 3749 invidiam
643 3688 756 3749 creent
775 3684 997 3771 hominesque
1022 3706 1042 3748 a
1064 3684 1173 3749 salute
1190 3690 1362 3763 avertant,
1386 3684 1535 3749 Christus
1555 3684 1718 3771 gravibus
1734 3683 1794 3750 de-

463 3789 598 3857 nuntiat
616 3790 742 3873 verbiS,
763 3795 800 3854 ut
818 3811 935 3856 omnes
953 3788 1125 3856 deterreat
1145 3812 1188 3855 ne
1209 3791 1443 3880 blasphemiae
1462 3790 1652 3857 scribarum
1672 3791 1793 3857 suffra-

461 3902 628 3984 genturv.
648 3903 689 3963 28
707 3919 807 3963 amen
819 3897 893 3963 dico
911 3895 1017 3975 vobis,
1039 3896 1277 3963 affirmationis
1298 3897 1443 3963 formula
1463 3899 1521 3962 uni
1543 3898 1672 3964 Christo
1687 3920 1794 3986 quan-

462 4005 666 4071 tumscimus
675 4005 805 4085 usitata,
819 4003 921 4092 idque
934 4026 1035 4092 quam
1048 4003 1242 4093 saepissime
1258 4007 1398 4092 (Pam),
1415 4011 1516 4084 ccrte,
1530 4006 1682 4094 profecto
1699 4004 1795 4070 vobis

462 4132 575 4178 assero
590 4118 624 4178 et
637 4113 792 4178 affirmo:
812 4112 973 4200 quoniam
994 4109 1075 4197 (ὅτι,
1096 4117 1132 4177 ut
1148 4134 1180 4175 v.
1198 4118 1252 4178 at.
1280 4113 1334 4199 22)
1348 4112 1463 4177 onznia
1481 4110 1695 4178 dimittentur
1711 4112 1795 4200 pta's

462 4216 656 4285 irominam²
664 4232 807 4308 peecata
822 4231 855 4284 et
868 4218 1096 4308 blasphemiae
1111 4219 1232 4308 quitrcs
1246 4215 1316 4304 (ὅσα
1332 4220 1606 4309 quibuscumque
1621 4220 1673 4286 vel
1687 4242 1795 4309 quan-

463 4325 668 4415 tiscumque)
689 4324 1007 4416 blasphemaverint,
1028 4327 1101 4414 ipsa
1121 4325 1344 4393 collocatione
1365 4350 1372 4393 :
1399 4328 1516 4393 omnia
1537 4325 1791 4394 dimittentur...

464 4441 617 4525 peccata,
638 4432 795 4499 etaddita
810 4434 976 4500 sententia
992 4435 1144 4519 generati
1163 4433 1263 4495 ὅσα...
1282 4434 1423 4500 effertur
1433 4435 1623 4522 emphasis,
1637 4435 1795 4500 omnibus

496 4646 517 4690 t.
533 4640 625 4690 Notum
637 4644 675 4688 est
687 4638 749 4688 ittud
765 4638 871 4689 Sallusti
885 4638 954 4702 quod
968 4639 1041 4688 Beda
1064 4639 1088 4688 tr.
1111 4639 1127 4687 t.
1145 4638 1220 4688 affert
1239 4658 1245 4688 ε
1263 4639 1395 4703 quomodo
1416 4640 1554 4689 concordia
1573 4653 1665 4703 parvae
1682 4653 1722 4689 res
1742 4653 1793 4689 cre·

464 4725 547 4777 scunt.
564 4722 600 4770 sic
614 4719 739 4770 discordia
754 4720 878 4770 trraximae
892 4720 1051 4770 ditabuntur.

494 4807 517 4851 2.
533 4803 572 4851 Ex
585 4815 700 4851 sermone
712 4801 837 4849 aramaico
854 4800 933 4850 dictio
946 4805 985 4851 cst
1001 4805 1115 4857 serrata;
1131 4802 1165 4850 ibi
1181 4801 1247 4851 cuim
1265 4801 1407 4852 barnoscbo
1427 4801 1506 4863 (filius
1524 4801 1644 4860 hominis)
1660 4802 1694 4850 ita
1711 4803 1735 4851 in
1749 4815 1791 4865 gc·

462 4882 576 4932 ueralem
591 4884 717 4932 notionem
733 4880 843 4930 hominis
854 4879 925 4943 abiit,
944 4887 971 4931 ut
985 4883 1036 4946 ipso
1052 4895 1155 4946 quoquc
1170 4882 1248 4931 Aetam
1263 4887 1367 4933 vocetur
1382 4882 1533 4932 barnoscho.
