3960 5654
783 383 876 429 uuae.
900 369 950 438 lt,
974 366 1036 425 6·8.
1521 370 1578 429 rer

285 520 410 584 llarcus
425 515 574 583 breviter
588 516 818 584 narrationem
836 515 981 606 expedit.
998 517 1032 582 ld
1052 539 1157 582 unum
1174 517 1353 582 ostendere
1378 519 1451 584 vult
1472 524 1579 586 lesum

240 620 455 690 innocentem
470 625 663 709 postulante
677 622 806 711 plebea
820 629 1040 713 procuratore
1055 645 1125 688 esse
1139 622 1416 687 condemnatum.
1430 630 1579 702 Quanto-

242 751 322 818 pere
334 730 545 819 procuratori
556 751 755 819 persuasum
769 730 871 797 fuerit
881 732 991 795 lesum
1007 730 1091 795 falso
1105 730 1258 795 accusari
1273 729 1463 794 ostenditur
1478 736 1579 798 variis

239 835 309 903 illis
321 835 1130 924 quibuscumodioprimorumeriperetentavit.
1149 840 1217 900 Non
1233 836 1425 901 audeteum
1443 859 1502 925 pro
1518 861 1578 905 sua

240 947 402 1031 potestate
416 940 564 1010 liberum
585 943 767 1010 dimittere.
788 943 898 1009 Timet
917 943 1070 1008 furorem
1090 943 1381 1028 synedristarum‚
1407 945 1577 1009 rariorum

240 1047 407 1114 scelerum
428 1050 581 1116 conscius
595 1048 677 1127 sibi,
694 1070 841 1138 quorum
863 1071 906 1114 ne
924 1056 1105 1116 accusetur
1119 1048 1212 1137 apud
1231 1052 1424 1126 Caesarem,
1444 1059 1578 1114 veretur

240 1154 411 1242 principes
433 1157 577 1222 nimium
603 1153 789 1222 offendere.
819 1157 1018 1243 Opportuna
1037 1177 1071 1219 se
1091 1154 1121 1218 ei
1145 1154 1245 1219 ollert
1264 1157 1395 1220 occasio
1421 1178 1492 1220 rem
1513 1157 1571 1221 dc·

237 1258 424 1328 ferendiad
437 1263 621 1353 populum3
636 1263 759 1350 quodsi
770 1261 916 1351 populus
928 1266 1035 1327 lesum
1049 1262 1188 1341 liberat,
1203 1261 1274 1350 ipse
1286 1261 1452 1326 liberatur
1464 1263 1507 1327 ab
1523 1264 1570 1328 in-

238 1364 330 1433 vidia
340 1367 542 1457 primorum.
556 1374 627 1434 lam
637 1390 712 1434 eam
723 1367 934 1435 occasionem
948 1389 1017 1455 qua
1030 1367 1216 1455 prudenter
1226 1375 1260 1433 et
1271 1368 1390 1433 callide
1406 1370 1452 1434 uti
1465 1371 1570 1435 voluit

239 1473 384 1562 explicat
395 1480 521 1542 llareus
534 1495 566 1540 v.
582 1481 602 1541 6
611 1496 678 1564 per
690 1474 779 1541 diem
792 1485 906 1540 aretem
919 1475 1045 1560 sestam
1060 1472 1188 1547 solebat
1203 1474 1370 1541 dimittere
1385 1476 1452 1540 illis·
1466 1499 1570 1541 renum

239 1599 282 1645 ea
301 1581 420 1648 vinetis
440 1602 690 1671 quemeumque
713 1582 893 1672 petissent‚·
915 1571 984 1641 καθ’
1005 1580 1110 1667 ἑορτήν
1127 1581 1183 1666 (ci.
1219 1582 1331 1668 ruta)
1352 1583 1469 1670 quovis
1491 1584 1573 1648 leste

238 1687 310 1753 scil.
328 1688 535 1775 paschatis¹3
553 1688 597 1754 de
610 1691 674 1754 hoc
688 1711 749 1754 usu
765 1709 826 1753 nos
838 1687 963 1754 docent
974 1686 1047 1753 sola
1057 1688 1247 1773 evangelia.
1266 1689 1479 1753 Consuetudo
1490 1692 1574 1755 lianc

237 1792 358 1860 referri
380 1793 513 1860 videtur
536 1795 804 1862 admemoriam
831 1794 1044 1860 liberationis
1068 1817 1106 1859 ex
1134 1796 1352 1883 oppressione
1372 1796 1575 1883 aegyptiaca

239 1898 365 1989 (Alb.);
386 1923 456 1967 esse
477 1901 691 1990 probabilius
712 1908 859 1966 veterem
880 1900 1086 1967 ludaeorum
1110 1923 1261 1981 morem,
1285 1902 1361 1966 vide
1386 1906 1572 1968 Comment.

237 2006 350 2073 Mattb.
369 2011 393 2072 ll
408 2029 443 2095 p.
462 2014 537 2075 aar.
556 2011 626 2084 Quo
642 2009 767 2073 certius
782 2008 928 2097 populus
948 2013 1059 2073 lesum
1075 2013 1112 2071 ut
1128 2007 1333 2073 liberaretur
1347 2015 1493 2097 peteret,
1514 2010 1574 2073 ho-

237 2113 366 2180 minem
380 2113 560 2200 insigniter
571 2113 799 2181 facinorosum
812 2114 915 2179 simul
927 2135 1005 2179 cum
1021 2118 1091 2179 lesu
1104 2113 1276 2179 adducere
1290 2115 1408 2179 statuit
1421 2137 1452 2178 v.
1469 2123 1488 2179 7
1502 2128 1574 2179 erat

237 2232 350 2287 autem
374 2221 436 2311 qui
456 2218 633 2286 dicebatur
655 2218 854 2286 Barabboso‘
875 2216 1039 2308 λεγόμενος
1060 2220 1081 2284 i.
1108 2242 1137 2285 e.
1166 2220 1302 2285 nomine
1324 2220 1508 2295 Barabbas,
1533 2243 1573 2285 eo

237 2327 375 2393 nemine
389 2333 505 2408 notus3
527 2348 652 2393 nomen
671 2343 739 2389 una
754 2343 792 2389 a:
806 2329 909 2393 etiam
926 2327 1016 2416 apud
1034 2325 1247 2392 talmudistas
1263 2332 1315 2391 sat
1332 2334 1380 2391 est
1394 2328 1569 2406 usitatum

236 2434 300 2524 qui
308 2455 386 2499 eum
397 2433 561 2501 seditiosis
569 2445 643 2500 erat
657 2435 806 2517 oe'actuS,
820 2434 881 2523 qui
895 2434 932 2498 in
942 2433 1106 2499 seditione
1117 2434 1248 2520 fecerat
1257 2431 1478 2498 borru'ee'dr'um
1495 2432 1571 2493 οἵτι-

236 2563 281 2614 νες
295 2543 422 2631 quippe
439 2543 500 2631 qai
520 2543 690 2620 fecerant3
712 2538 740 2602 ἐν
753 2547 792 2628 τῇ
807 2537 912 2602 στάσει
926 2562 1015 2628 quac
1034 2540 1155 2605 seditio
1177 2540 1277 2604 luerit
1302 2540 1486 2615 nescimus:
1508 2542 1571 2606 ali-

236 2648 297 2737 qui
309 2650 503 2735 cogitarunt
516 2648 559 2714 de
571 2647 740 2715 seditione
749 2654 823 2713 orta
835 2654 978 2737 propter
992 2646 1246 2734 aquaeductum
1263 2668 1365 2732 quem
1381 2647 1504 2712 l‘ilatus
1519 2669 1571 2712 sa-

235 2776 373 2821 crarum
395 2756 620 2844 pecuniarum
648 2754 809 2844 impensis
833 2755 945 2820 tacere
973 2754 1112 2819 volebat
1146 2754 1270 2840 (antiq.
1303 2758 1390 2831 18‚3.
1417 2756 1467 2836 ti,
1494 2778 1570 2819 cnm

235 2883 305 2951 que
322 2861 486 2928 seditione
504 2864 609 2929 etiam
628 2861 665 2928 id
685 2863 899 2947 coniungunt
919 2861 1014 2949 qnod
1036 2866 1111 2926 Luc.
1137 2868 1212 2935 1:3‚1
1237 2860 1392 2925 liabetur.

189 2985 192 2989 ’
277 2967 469 3035 Secundum
494 2968 583 3035 hanc
606 2969 840 3035 narrationem
863 2968 1013 3056 populus
1037 2968 1159 3054 incipit
1188 2988 1307 3051 rogare
1331 2989 1362 3030 v.
1391 2975 1465 3032 δεῖ
1493 2991 1569 3033 cum

234 3073 435 3142 ascendisset
454 3073 554 3141 turba
573 3075 646 3142 scil.
667 3074 711 3140 ad
731 3075 846 3140 locum
863 3081 941 3139 ante
962 3074 1125 3161 palatium
1148 3074 1244 3138 ritari
1265 3075 1374 3161 coepi!
1394 3096 1512 3162 repere
1536 3083 1571 3140 ut

234 3181 376 3261 faceret,
393 3182 628 3271 siccasemper
640 3179 792 3268 faciebat
805 3179 875 3245 illis
884 3201 897 3261 ,·
912 3180 996 3246 haee
1013 3202 1098 3256 non,
1116 3188 1152 3244 ut
1175 3179 1278 3245 tr'eiss
1294 3182 1375 3257 vult,
1398 3182 1565 3247 contradi·

234 3295 318 3354 cunt
338 3288 378 3354 iis
391 3310 481 3377 quae
500 3287 613 3354 llatth.
632 3292 734 3371 amr
759 3286 947 3366 habentur3
965 3309 1044 3351 nam
1061 3288 1088 3351 si
1110 3287 1156 3351 ibi
1173 3295 1333 3351 narratur
1353 3311 1359 3352 ;
1379 3310 1568 3375 cengrega-

235 3394 278 3462 tis
291 3393 358 3461 illis
378 3393 462 3461 dixit
486 3395 636 3461 Pilatus:
658 3416 764 3484 quem
789 3393 891 3459 vultis
917 3393 1089 3458 dimittam
1115 3394 1229 3471 vobis,
1255 3417 1321 3458 nea
1345 3403 1489 3479 negatur
1510 3420 1567 3484 po-

235 3501 357 3591 pulum
376 3507 455 3568 ante
477 3523 613 3587 rogasse
629 3506 666 3566 ut
682 3499 748 3565 sibi
767 3522 828 3588 pro
845 3522 939 3565 more
955 3499 1061 3566 fieret.
1083 3504 1189 3565 lmmo
1211 3502 1292 3565 haec
1308 3502 1403 3566 llarei
1421 3505 1567 3567 narratio
1634 3527 1636 3530 ·

234 3607 363 3697 optime
378 3607 500 3696 pandit
514 3607 688 3695 quomodo
703 3607 815 3673 subito
835 3606 958 3672 turbae
977 3616 1165 3696 appareant
1180 3629 1294 3672 coram
1311 3607 1436 3696 palatio
1453 3609 1564 3682 Pilati,

234 3736 310 3780 eum
331 3736 479 3803 eousque
494 3715 599 3781 etiam
614 3712 707 3803 apud
722 3714 924 3779 llattbaeum
944 3714 986 3779 de
1004 3715 1084 3779 solis
1103 3714 1302 3800 synedristis
1317 3716 1374 3802 qui
1394 3739 1453 3802 per
1472 3717 1568 3781 mini-

234 3827 319 3887 stros
333 3820 669 3887 lesumadduxerunt
683 3842 794 3887 sermo
814 3820 929 3887 fuerit.
942 3820 1074 3886 Turbae
1096 3822 1209 3909 itaque
1231 3844 1291 3910 pro
1306 3843 1398 3886 mere
1417 3829 1567 3910 tempore

233 3931 359 3994 statuto
374 3928 600 4009 conveniunt,
621 3934 659 3994 ut
675 3949 783 3994 unum
803 3925 847 3993 ad
865 3927 956 3993 diem
978 3928 1098 3993 festum
1119 3928 1154 3992 in
1171 3928 1362 3994 libertatem
1380 3929 1563 3995 vindicent.

234 4038 281 4101 Ea
299 4035 414 4122 itaque
432 4036 607 4101 occasione
629 4056 775 4121 magnus
795 4034 831 4099 fit
850 4034 968 4124 populi
987 4057 1182 4101 concursus.
1208 4036 1313 4101 Etiam
1334 4036 1424 4125 apud
1446 4042 1564 4102 Lucam

234 4144 307 4207 tum
331 4141 469 4207 demum
497 4141 607 4230 plebis
626 4142 664 4207 lit
683 4143 825 4222 mentio,
855 4163 934 4207 cum
955 4164 1007 4207 res
1026 4144 1094 4207 iam
1116 4143 1151 4207 in
1176 4151 1284 4208 coest
1305 4151 1339 4207 ut
1361 4148 1447 4208 lesus
1466 4146 1564 4209 simul

234 4269 312 4314 cum
327 4247 482 4313 Barabba
500 4247 630 4337 populo
646 4248 781 4315 sistatur
794 4248 909 4336 (23‚13
932 4250 1032 4338 seq.).
1053 4254 1191 4314 loannes
1206 4250 1346 4336 quidem
1362 4251 1500 4315 l’ilatum
1511 4252 1564 4315 lo-

234 4362 395 4444 quentem
411 4354 491 4421 lacit
512 4375 520 4422 :
538 4359 587 4421 est
601 4359 716 4421 autem
730 4355 939 4422 consuetudo
954 4357 1049 4421 vobis
1064 4363 1099 4420 ut
1116 4379 1220 4422 unum
1235 4356 1403 4423 dimittam
1422 4359 1514 4424 robis
1531 4360 1563 4424 in

234 4461 361 4552 pascha
382 4461 525 4550 (1839),
546 4484 660 4550 neque
675 4467 789 4528 tamen
806 4485 845 4528 eo
863 4463 963 4528 modo
980 4463 1146 4551 probatur
1164 4465 1274 4552 ipsum
1292 4475 1561 4553 procurator-rm.

237 4590 305 4636 non
326 4568 477 4657 plebem,
500 4591 572 4635 rem
592 4570 818 4658 proposuisse.
841 4575 923 4637 Nam
945 4593 985 4635 eo
1006 4571 1078 4635 loro
1101 4573 1314 4637 manifestum
1335 4579 1381 4638 est
1409 4578 1564 4639 loannem

269 4807 290 4850 1.
308 4801 417 4866 Intelligi
431 4803 525 4866 paseha
541 4806 611 4867 patet
622 4816 654 4853 ex
669 4802 767 4852 ratione
780 4803 902 4867 temporis
915 4807 940 4853 et
950 4818 981 4854 es
996 4807 1063 4854 tuan.
1082 4810 1158 4860 rs‚:}¹.t
