3960 5654
221 512 281 571 422
742 524 834 570 nanc.
860 507 908 574 15,
931 506 1036 568 3136.

193 660 358 726 ·brorum
387 661 557 722 tormenta
584 657 686 724 etiam
706 656 938 724 acerbissimos
961 658 1095 722 animae
1114 656 1260 722 dolores.
1289 660 1345 723 Est
1364 653 1436 721 scil.
1465 658 1555 720 lesus

218 763 415 841 derelictuS,
437 768 474 827 ut
487 765 618 830 Suorez
633 766 796 853 explicat,
815 761 897 849 quia
913 764 1061 849 privatus
1076 762 1141 828 fuit
1157 760 1250 827 omni
1270 762 1503 827 consolatione
1517 760 1553 825 in

217 869 377 934 interiore
394 870 565 957 portione,
584 870 766 936 derelictus
778 866 892 957 quoad
908 890 1071 956 poenam,
1090 870 1172 956 quia
1184 866 1365 932 destitutus
1378 868 1445 933 fuit
1458 866 1553 933 omni

219 997 283 1063 ope
302 974 345 1040 ad
364 975 458 1043 illam
478 975 672 1043 leniendam
690 976 739 1065 (iu
760 981 778 1040 3
795 997 828 1062 p.
852 997 911 1062 qu.
935 983 973 1042 15
988 974 1074 1060 disp.
1098 981 1139 1040 33
1160 978 1240 1040 sect.
1260 979 1275 1038 1
1296 993 1331 1039 n.
1351 980 1419 1039 tet
1434 997 1494 1061 qu.
1511 980 1553 1041 50

217 1078 305 1170 disp.
322 1088 364 1150 38
381 1090 461 1149 sect.
482 1090 500 1149 5
520 1105 554 1147 n.
573 1082 620 1168 2).
640 1084 690 1147 Uti
708 1083 814 1167 igitur
829 1085 918 1146 lesus
931 1081 964 1147 in
979 1081 1076 1146 horto
1091 1079 1229 1146 animae
1243 1078 1430 1157 cruciatus,
1447 1080 1553 1145 tristi-

217 1189 317 1271 tiam,
332 1190 501 1269 timorem,
514 1186 666 1253 taedium
678 1188 852 1262 sustinuit,
865 1187 914 1254 ita
925 1190 958 1253 in
970 1208 1069 1252 cruce
1078 1207 1216 1274 quoque
1227 1184 1393 1252 eiusmodi
1402 1185 1554 1252 carentia

218 1299 331 1361 omnis
343 1296 462 1382 gaudii
481 1299 514 1359 et
531 1294 768 1358 consolationis
784 1301 817 1358 et
836 1296 984 1360 maxima
998 1290 1148 1381 quadam
1162 1292 1373 1358 desolatione
1386 1294 1422 1358 iu
1438 1292 1554 1358 anima

216 1401 405 1468 secundum
425 1406 558 1488 partem
586 1399 781 1464 inferiorem
800 1399 1029 1486 affligebatur.
1051 1403 1137 1465 llaec
1158 1399 1318 1465 dolorum
1341 1398 1555 1465 incrementa

217 1530 307 1597 quae
324 1507 423 1573 aliter
443 1505 477 1570 in
499 1512 648 1599 nostram
669 1507 826 1572 notitiam
846 1507 959 1571 venire
980 1527 1046 1571 non
1065 1503 1224 1593 poterant
1242 1505 1393 1571 clamore
1408 1504 1555 1598 ostendit

217 1613 438 1701 (Salmeron).
451 1618 541 1678 lesus
554 1614 663 1679 factus
673 1635 735 1701 pro
745 1612 842 1679 nobis
855 1611 1073 1678 maledictum
1084 1611 1170 1698 (Gal.
1184 1610 1292 1701 3‚13),
1303 1616 1469 1701 quantum
1477 1610 1554 1678 fieri

217 1720 343 1807 potuit,
357 1721 444 1786 iram
457 1718 514 1784 Dei
531 1725 565 1784 et
576 1718 759 1784 vindictam
775 1717 1012 1810 peccatoribus
1024 1717 1173 1784 debitam
1187 1719 1267 1784 inse
1276 1717 1423 1807 experiri
1434 1717 1552 1783 voluit.

218 1829 326 1902 Quare
348 1827 442 1892 omni
455 1824 687 1891 consolatione
709 1847 749 1891 ex
774 1826 831 1890 Dei
851 1825 981 1890 visione
1005 1824 1178 1890 subtracta
1192 1823 1230 1889 in
1251 1823 1554 1913 profundissimam

217 1932 392 2021 quandam
409 1933 612 1998 moestitiam
632 1933 747 1996 anima
762 1930 833 1996 eius
854 1931 1014 1996 immersa
1028 1938 1088 1997 est.
1107 1969 1150 1980 —
1171 1934 1291 1997 Forma
1309 1931 1481 1997 aramaica
1499 1929 1554 1997 vel

214 2039 345 2124 syriaca
355 2037 636 2104 enuntiaturllloi
648 2039 656 2081 ¹
668 2059 731 2126 pro
742 2038 841 2103 hebr.
855 2027 907 2127 bu
922 2041 986 2128 mt,
1000 2048 1046 2112 uti
1056 2045 1155 2114 codd,
1169 2046 1256 2135 pler.
1270 2045 1313 2112 ad
1322 2045 1436 2111 Matth.
1451 2052 1555 2127 mu

215 2154 392 2244 praebent.
413 2158 554 2242 Propter
575 2153 767 2220 irrisionem
784 2161 816 2219 et
830 2152 1020 2220 ludibrium
1038 2175 1078 2218 cx
1098 2154 1171 2220 Elia
1184 2153 1427 2219 concluserunt
1445 2151 1555 2242 aliqui

218 2265 326 2326 lesum
349 2259 471 2325 dixisse
487 2255 639 2336 hesed
663 2282 740 2326 curn
763 2259 814 2325 illi
836 2282 953 2326 vocem
976 2261 1098 2326 Christi
1124 2259 1292 2334 malitiose
1310 2258 1556 2348 detorquerent

217 2366 307 2455 quod
325 2367 360 2432 in
382 2373 525 2454 utraque
548 2366 659 2433 lorma
678 2388 787 2454 aeque
805 2367 880 2432 fieri
896 2367 1017 2454 potuit,
1034 2389 1074 2432 cx
1091 2365 1152 2431 illo
1167 2364 1318 2431 ludibrio
1336 2365 1422 2431 nihil
1437 2364 1555 2453 colligi

216 2478 342 2561 potest,
367 2479 443 2539 utra
463 2473 575 2538 forma
594 2478 684 2539 lesus
702 2494 823 2539 revera
842 2495 921 2539 usus
944 2475 1001 2552 sit;
1025 2495 1056 2540 v.
1075 2479 1115 2539 35
1137 2472 1327 2562 etquidem
1347 2471 1388 2538 de
1408 2472 1554 2538 circum-

216 2579 381 2645 stantibus
402 2578 578 2646 audientes
601 2578 786 2645 dicebant:
806 2601 881 2645 ecee
902 2579 1015 2645 Elium
1031 2591 1149 2661 coeat‚·
1166 2578 1232 2644 hoc
1250 2577 1440 2644 ludibrium
1461 2601 1483 2644 a
1499 2599 1554 2644 sa-

217 2685 413 2752 cerdotibus
432 2686 624 2775 proiectum
645 2708 715 2752 esse
736 2685 944 2751 censendum
964 2687 1044 2765 erit,
1068 2707 1137 2750 non
1159 2706 1180 2750 a
1201 2684 1367 2750 militibus
1386 2685 1435 2771 (ut
1456 2684 1554 2750 multi

215 2791 347 2874 volunt)
363 2815 512 2879 quorum
525 2792 666 2858 fortasse
678 2813 779 2858 nemo
796 2814 945 2880 unquam
960 2792 1003 2857 de
1014 2791 1086 2857 Elia
1097 2791 1287 2881 quidquam
1300 2790 1440 2857 audivit.
1456 2790 1554 2880 Apud

218 2896 358 2962 ludaeos
378 2906 493 2963 autem
518 2898 608 2963 Elias
629 2898 818 2964 celebratus
838 2905 912 2964 erat
929 2905 965 2963 ut
980 2920 1181 2986 praecursor
1200 2901 1335 2964 llessiae
1351 2904 1385 2963 et
1402 2897 1440 2962 iu
1459 2896 1555 2962 libris

217 3003 411 3069 talmudicis
437 3025 537 3091 saepe
569 3011 745 3093 tamquam
777 3003 963 3093 opitulator
996 3005 1031 3069 in
1066 3025 1180 3070 rerum
1209 3003 1379 3089 angustiis
1410 3010 1555 3091 apparet

219 3108 405 3197 (Wunselte
419 3133 451 3198 p.
466 3110 556 3197 356).
570 3114 680 3187 Quare
693 3110 882 3177 sacerdotes
896 3110 1045 3176 illudunt
1059 3113 1165 3177 lesum
1186 3111 1246 3198 qui
1261 3109 1326 3176 sibi
1344 3132 1444 3199 opem
1464 3110 1555 3176 ferre

217 3238 287 3281 non
307 3221 415 3304 posset
436 3216 577 3281 demum
596 3238 696 3305 opem
716 3218 900 3304 implorare
920 3217 1010 3283 Eliae
1030 3224 1063 3281 et
1083 3217 1129 3283 ita
1147 3238 1244 3282 suam
1265 3217 1379 3305 palam
1400 3215 1554 3306 profiteri

217 3321 503 3388 imbecillitatem.

264 3430 315 3495 Uti
330 3429 364 3493 in
381 3432 430 3494 es.
449 3435 550 3507 21,16
566 3435 735 3494 tormenta
747 3428 818 3494 sitis
836 3428 1087 3509 describuntur,
1109 3431 1157 3495 ita
1175 3435 1266 3495 lesus
1286 3451 1363 3494 mox
1379 3437 1452 3517 post
1469 3430 1554 3497 haec

219 3535 324 3600 verba
342 3533 428 3599 dixit
441 3535 519 3600 sitio
535 3536 593 3625 (cl.
611 3540 701 3600 loan.
726 3536 852 3622 1928).
867 3539 956 3611 Quae
976 3536 1067 3601 enim
1088 3536 1180 3623 apud
1196 3535 1401 3601 Matthaeum
1421 3540 1553 3603 11111111·-

218 3663 296 3706 cum
325 3641 367 3707 de
388 3649 482 3707 aceto
507 3647 710 3730 sequuntur,
736 3663 796 3707 nos
818 3641 915 3707 docet
941 3646 1081 3708 loannes
1099 3642 1188 3708 lacta
1207 3664 1276 3708 esse
1297 3647 1435 3729 propter
1456 3642 1553 3708 illam

217 3750 289 3812 lesu
316 3769 433 3812 vocem
460 3771 492 3812 v.
521 3754 563 3813 36
586 3770 723 3813 currens
743 3761 879 3828 aretem,
902 3747 973 3813 scil.
997 3754 1070 3837 post
1087 3748 1232 3814 verbum
1255 3747 1343 3814 illud
1358 3748 1433 3812 sitio
1455 3748 1550 3837 (Bed.

217 3852 325 3919 Solm.
342 3855 435 3920 Patr.
450 3854 596 3942 Schepq,
607 3855 743 3920 Schanz
756 3855 836 3940 etc.)
853 3876 940 3919 rinus
953 3868 985 3920 et
998 3854 1143 3942 irripiens
1154 3855 1334 3942 sponpiom
1347 3868 1442 3919 aceto
1453 3844 1551 3935 ὄξους,

218 3959 374 4044 intellige
398 3982 552 4048 poscam,
577 3961 900 4049 circumponensque
924 3960 1057 4025 calamo
1080 3983 1148 4048 quo
1174 3982 1280 4048 usque
1304 3960 1349 4025 ad
1372 3983 1408 4026 os
1430 3960 1552 4028 Christi

218 4066 414 4155 pertingere
430 4073 541 4155 posset
554 4065 674 4153 (Alb.),
693 4067 839 4155 hyssopo
855 4069 876 4131 i.
895 4090 923 4132 e.
942 4068 1073 4133 calamo
1087 4067 1222 4154 hyssopi
1237 4066 1342 4154 (loan.
1364 4067 1476 4144 1929)
1486 4089 1552 4156 po-

219 4185 292 4238 tum
312 4171 415 4238 dubet
434 4173 478 4253 ei,
498 4194 576 4238 cum
595 4173 737 4260 spongia
756 4179 788 4238 et
801 4173 951 4239 calamus
965 4179 1097 4261 praesto
1112 4177 1223 4238 essent
1238 4179 1375 4261 praeter·
1394 4195 1550 4262 poscam,

172 4285 175 4292 '
219 4279 392 4366 provisum
424 4287 512 4359 crat,
543 4286 580 4344 ut
607 4279 782 4345 cruciariis
806 4281 864 4369 qui
890 4280 1076 4367 plurimum
1106 4280 1160 4346 siti
1188 4279 1397 4345 laborabant
1420 4279 1551 4369 aliquid

105 5228 207 5324 ἱ

219 4391 316 4472 potus
341 4387 471 4474 porrigi
492 4393 621 4474 posset;
645 4384 784 4451 dicens:
801 4386 900 4451 sinite
916 4380 1022 4472 ἄφετε,
1044 4387 1250 4475 permittite,
1275 4408 1318 4452 nc
1338 4386 1548 4475 impediatis;

218 4491 266 4555 ita
280 4491 351 4556 scil.
370 4491 452 4557 dicit
468 4493 506 4558 iis
522 4492 582 4581 qui
597 4494 627 4559 ei
646 4492 789 4559 suadent
804 4515 844 4557 ne
863 4500 980 4580 potum
994 4495 1167 4581 porrigat,
1184 4494 1226 4559 de
1242 4515 1311 4582 qua
1325 4495 1480 4559 suasione
1497 4517 1550 4561 re-

219 4596 328 4662 fertur
348 4599 464 4665 hlatth.
486 4605 605 4680 emm
624 4599 808 4678 calleamus,
831 4598 863 4664 εί
881 4600 995 4664 ueniat
1017 4599 1110 4666 Elius
1129 4600 1178 4666 od
1192 4598 1429 4689 deponendum
1450 4622 1551 4683 eunt,·

253 4840 272 4882 1.
289 4834 345 4883 Eloi
361 4842 552 4897 repracsentare
568 4838 676 4888 lormam
692 4840 843 4889 aramaicam
865 4815 935 4914 'llll'
954 4838 1027 4888 docet
1048 4840 1191 4890 heriberct·
1215 4839 1316 4901 (Studia
1332 4839 1432 4897 biblica,
1454 4838 1551 4889 Oxlord

222 4926 279 4971 raas
292 4937 315 4984 p.
329 4923 376 4987 so).
