3960 5654
344 538 402 598 98⁴
873 547 962 591 usne.
985 530 1015 598 3,
1040 527 1145 586 15-16.

343 685 528 762 individui,
542 678 743 759 familiares,
762 683 907 748 alterum
924 686 961 745 ut
978 698 1038 742 suo
1054 682 1206 765 tempore
1226 678 1403 746 mittantur
1415 680 1459 748 ad
1475 678 1675 768 praedican-

342 792 442 873 dum,
460 791 495 855 in
512 808 582 875 qua
601 787 758 854 missione
774 792 937 877 potestate
954 787 1165 851 instruentur
1183 784 1340 853 eiiciendi
1357 786 1556 867 daemones;
1574 808 1674 874 prae·

342 898 510 964 dicatione
534 897 567 957 et
596 893 769 961 miraculis
789 915 934 978 regnum
963 895 1100 956 satanae
1119 890 1294 959 destruent
1312 897 1346 956 et
1364 893 1539 960 doctrinae
1558 913 1637 958 suae
1655 916 1676 958 1

341 1002 470 1070 Christo
486 999 627 1067 haustae
647 1001 752 1067 robur
765 998 893 1064 addent
906 998 949 1063 ad
963 995 1237 1085 persuadendum
1253 1002 1417 1084 potestate
1433 1001 1492 1067 illa
1512 999 1674 1066 miracula

341 1105 522 1197 patrandi,
551 1106 699 1173 carendi
716 1105 930 1192 infirmitates
954 1114 984 1168 et
1004 1102 1162 1170 eiiciendi
1183 1104 1381 1184 daeinom'u,
1402 1113 1440 1172 ut
1460 1109 1553 1193 vulg.
1572 1106 1676 1172 habet

340 1214 397 1301 (11.
421 1216 533 1281 1111111.
554 1214 657 1300 10,1).
676 1216 805 1277 Novum
826 1209 1014 1277 divinitatis
1033 1210 1155 1277 Christi
1166 1211 1407 1289 documentum
1420 1211 1456 1277 in
1471 1236 1510 1279 co
1525 1213 1675 1280 cernitur

339 1320 431 1408 quod
447 1344 507 1387 sua
526 1320 726 1387 auctoritate
746 1316 811 1383 illis
830 1314 995 1383 eiusmodi
1011 1323 1209 1405 potestatem
1230 1316 1387 1403 largitur.
1415 1321 1481 1384 Cur
1496 1319 1674 1387 duodecim

339 1427 534 1507 constituat,
560 1425 646 1491 ratio
668 1423 835 1510 assignari
854 1429 978 1512 potest,
1002 1424 1084 1510 quia
1099 1430 1211 1512 patres
1232 1424 1353 1490 veteris
1367 1429 1562 1492 testamenti
1578 1433 1677 1493 erant

339 1533 519 1600 duodecim
538 1529 627 1617 (Alb.
652 1529 776 1616 lans.);
796 1538 876 1595 sunt
892 1530 1006 1617 itaque
1029 1528 1079 1594 illi
1096 1529 1276 1596 duodecim
1291 1534 1510 1619 patriarchae
1529 1537 1562 1597 et
1580 1534 1673 1621 priu-

339 1641 430 1730 cipes
439 1639 518 1705 novi
528 1636 645 1717 lsrael,
660 1636 737 1701 novi
749 1636 868 1726 populi
880 1635 947 1699 Dei.
961 1637 1116 1701 Ceterum
1126 1635 1219 1702 hunc
1231 1658 1412 1704 numerum
1424 1640 1459 1704 in
1469 1661 1566 1705 sacra
1574 1639 1675 1706 histo

338 1747 390 1813 u'a
403 1746 601 1833 frequenter
611 1742 752 1831 reperiri
765 1750 883 1808 notum
899 1747 966 1807 est:
984 1741 1165 1808 duodecim
1175 1749 1273 1809 erant
1285 1744 1347 1809 filii
1361 1744 1472 1826 lacob,
1493 1744 1674 1812 duodecim

340 1853 511 1943 principes
530 1850 647 1930 lsrael,
669 1848 847 1914 duodecim
864 1849 991 1912 inventi
1009 1855 1087 1914 sunt
1101 1847 1209 1915 fontes
1224 1850 1259 1915 iu
1275 1851 1378 1932 Elim,
1397 1850 1577 1918 duodecim
1593 1852 1676 1918 ado·

338 1959 500 2026 lescentes
518 1956 707 2023 offerebant
725 1955 852 2020 hostias
869 1953 1028 2042 pacificas
1049 1960 1082 2020 et
1101 1954 1301 2022 holocausta
1325 1963 1399 2046 post
1423 1957 1546 2023 lectam
1560 1958 1673 2045 legem

340 2064 489 2147 Domini,
510 2062 690 2129 duodecim
714 2060 845 2150 lapides
865 2067 962 2126 erant
981 2062 1015 2127 in
1040 2061 1198 2128 rationali
1221 2067 1352 2143 Aaron,
1370 2062 1553 2131 duodecim
1569 2086 1676 2154 panes

339 2170 594 2262 propositioniS,
627 2167 805 2234 duodecim
830 2166 1056 2255 exploratores
1083 2168 1176 2234 missi
1201 2173 1281 2234 sunt
1305 2192 1325 2235 a
1350 2174 1475 2257 Moyse,
1503 2194 1565 2261 per
1587 2172 1675 2238 duo-

339 2277 448 2344 decim
467 2276 596 2366 lapides
612 2274 762 2341 sublatos
781 2273 823 2338 de
839 2273 980 2339 Iordane
997 2274 1124 2340 lactum
1138 2280 1186 2341 est
1200 2274 1307 2342 altare
1322 2276 1367 2342 ab
1384 2277 1473 2358 Elia,
1494 2279 1674 2345 duodecim

339 2384 440 2451 boves
459 2382 671 2449 sustinebant
683 2403 778 2448 mare
795 2401 938 2446 aeneum
960 2382 992 2445 in
1013 2381 1157 2470 templo,
1177 2381 1355 2448 duodecim
1380 2383 1532 2450 iudicum
1556 2385 1675 2451 memi-

338 2493 389 2557 nit
402 2491 489 2557 libcr
504 2489 674 2567 iudicum,
692 2489 751 2577 qui
769 2488 990 2576 praefuerunt
1005 2487 1131 2575 populo
1150 2493 1226 2576 post
1241 2493 1334 2555 losue
1350 2490 1473 2579 (lans.)
1494 2498 1560 2557 etc.

385 2598 522 2683 Legitur
537 2617 661 2682 graece
680 2616 712 2659 v.
735 2601 774 2660 16
795 2589 844 2654 καὶ
864 2590 987 2660 ἐποίησε
1006 2590 1073 2666 τοὺς
1092 2581 1215 2656 δώδεκα
1235 2601 1268 2661 11
1282 2598 1456 2663 constituit
1470 2597 1672 2676 duodecim,

339 2703 511 2794 adquam
536 2724 653 2768 vocem
674 2695 807 2768 ἐποίησεν
829 2702 1022 2768 reseruntur
1041 2702 1180 2768 nomina
1201 2703 1239 2768 in
1264 2724 1296 2769 v.
1325 2710 1427 2771 17-19
1454 2704 1616 2772 Iacobum
1641 2713 1674 2772 et

340 2816 499 2879 loannem
520 2818 600 2890 etc.;
622 2809 681 2875 sed
702 2817 800 2875 antea
823 2809 980 2874 inseritur
1003 2808 1171 2874 sententia
1192 2832 1224 2875 v.
1249 2816 1290 2877 16
1308 2821 1340 2875 et
1359 2810 1520 2900 imposuit
1540 2812 1675 2878 Simoni

340 2940 463 2985 nomen
475 2920 613 2998 Petras,·
625 2915 668 2981 ad
683 2917 965 2981 constructionem
980 2915 1272 3000 grammaticalem
1288 2919 1401 3006 potius
1416 2918 1644 2985 desideraresl
1664 2942 1671 2987 :

341 3030 374 3092 et
393 3024 569 3090 coustituit
585 3021 783 3102 duodecim,
802 3024 992 3101 Simonem,
1014 3021 1069 3087 cui
1088 3020 1251 3110 imposuit
1271 3044 1395 3090 nomen
1417 3028 1553 3107 Petrus,
1575 3033 1609 3091 et
1623 3030 1673 3091 la·

340 3131 464 3198 cobum
485 3135 548 3195 etc.
568 3134 673 3205 Quem
688 3132 813 3194 Marcus
828 3150 975 3216 eousque
991 3129 1124 3193 vocavit
1138 3129 1307 3195 Simonem
1325 3132 1430 3217 (1,16.
1453 3137 1509 3199 29.
1529 3139 1582 3198 30.
1601 3134 1670 3218 36),

340 3238 384 3305 ab
401 3237 464 3303 hoc
479 3237 554 3301 loco
569 3238 706 3300 Petrum
727 3241 917 3301 constanter
934 3233 1092 3322 deinceps
1105 3235 1254 3323 appellat
1270 3237 1385 3324 (5‚37;
1407 3243 1499 3319 839.
1518 3244 1577 3314 31;
1595 3244 1669 3319 9,2;

343 3348 598 3425 10‚28;11,21;
626 3348 718 3423 13,3;
741 3348 839 3423 ltus
862 3342 962 3428 seq.).
986 3338 1077 3405 Unde
1101 3339 1199 3406 valde
1220 3342 1399 3431 probabile
1420 3344 1569 3410 eflicitur
1584 3346 1672 3411 hanc

343 3451 430 3517 Petri
446 3449 593 3515 nominis
612 3449 860 3537 impositionem
873 3468 942 3512 nou
952 3447 1059 3512 solum
1075 3447 1193 3513 referri
1208 3450 1385 3515 occasione
1399 3451 1576 3517 electionis
1588 3474 1672 3541 apo-

341 3556 522 3634 stolorum,
542 3555 775 3620 verumetiam
791 3555 914 3620 factam
930 3575 1010 3619 esse.
1027 3557 1108 3619 Nam
1124 3553 1254 3643 aliquid
1273 3557 1384 3622 simile
1402 3556 1674 3647 deprehenditur

342 3685 479 3755 quoque
498 3663 532 3727 in
552 3668 637 3738 Act.;
660 3663 828 3750 reperitur
850 3681 972 3726 nomen
997 3661 1089 3727 Sauli
1110 3682 1214 3749 usque
1236 3659 1372 3728 adnot.
1397 3670 1486 3745 1311,
1510 3663 1675 3754 deinceps

342 3771 377 3838 in
405 3770 601 3836 narratione
623 3775 818 3833 constanter
844 3767 968 3852 legitur
988 3767 1127 3847 Panlus;
1151 3789 1190 3832 cx
1214 3789 1283 3856 quo
1309 3769 1431 3836 merito
1456 3770 1672 3838 concluditur

344 3874 634 3945 eventumeoloco
646 3880 820 3940 narratum
832 3874 950 3939 mutati
960 3872 1496 3965 nominisluisseoccasionem(cl.
1511 3877 1672 3967 Cornely,

344 3984 471 4051 lutrod.
490 3986 530 4049 111
545 4006 580 4071 p.
593 3983 685 4068 350).
701 3986 893 4062 Praeterea,
911 3981 958 4045 uti
973 3984 1063 4045 toan.
1082 3985 1160 4060 l,t2
1172 3981 1204 4046 ei
1220 3981 1283 4048 hoc
1299 4005 1425 4049 nomen
1436 3985 1673 4073 promittitur:

343 4099 379 4158 tu
395 4091 570 4157 vocaberis
582 4089 728 4177 Cephas,
751 4088 797 4152 ita
817 4094 929 4176 postca
950 4086 1060 4151 llatth.
1082 4092 1180 4164 16‚18
1203 4088 1322 4155 utiam
1338 4089 1537 4179 impositum
1554 4113 1594 4157 ac
1611 4114 1673 4157 no-

343 4205 417 4264 tum
438 4197 540 4263 recoli
559 4196 693 4262 videtur
715 4202 775 4261 :tn
791 4217 825 4259 es
839 4200 966 4268 Petrus;
989 4193 1127 4282 insuper
1141 4200 1275 4284 tempus
1297 4197 1471 4262 electionis
1485 4196 1528 4263 ad
1547 4220 1673 4264 novam

345 4305 553 4392 apostolatus
573 4302 775 4389 dignitatem
801 4309 917 4389 aptum
941 4321 1077 4388 quoque
1102 4305 1175 4366 erat
1196 4301 1288 4390 quod
1315 4304 1461 4369 nominis
1487 4307 1677 4372 mutatione

347 4410 547 4478 redderetur
567 4409 698 4476 celebre
715 4430 754 4474 ac
771 4406 989 4474 memorabile
1003 4428 1064 4494 pro
1080 4406 1235 4495 principe
1251 4409 1494 4496 apostolorum.

379 4651 399 4693 1.
419 4641 559 4692 Fatendum
582 4647 621 4691 cst
645 4643 712 4690 bunc
738 4640 840 4690 modum
867 4637 1067 4701 interrumpendi
1088 4638 1241 4689 sententiam
1262 4653 1316 4691 cese
1340 4641 1481 4692 duriorem.
1499 4642 1569 4693 Unde
1594 4642 1673 4708 aliqui

346 4727 474 4788 quaerunt
490 4722 694 4784 explicationem.
713 4724 744 4771 Et
758 4723 933 4770 litostermaun
947 4719 1066 4781 opinatur
1084 4722 1197 4769 Marcum
1215 4725 1284 4772 arete
1303 4728 1419 4774 secutum
1438 4737 1493 4774 esse
1512 4723 1589 4774 verba
1606 4726 1674 4775 Petri

346 4805 391 4869 qui
403 4806 437 4853 ita
457 4801 600 4852 narraverit
619 4821 624 4850 ε
641 4804 776 4852 coustituit
797 4815 842 4852 nos
856 4800 989 4850 duodecim
1004 4804 1030 4849 et
1045 4800 1108 4849 mihi
1122 4799 1193 4850 dedit
1208 4815 1299 4852 nomeu
1320 4805 1396 4853 Petri,
1415 4804 1494 4852 Aliter
1513 4803 1633 4854 vellimur
1649 4811 1675 4855 et

348 4889 376 4933 W
390 4887 410 4934 11
424 4884 538 4940 ἐποίησεν
551 4888 606 4938 τοῦς
619 4883 712 4931 δώδεκα
730 4885 779 4947 (καὶ
793 4884 904 4940 ἐπέθηκεν
921 4883 996 4942 ὄνομα
1012 4883 1046 4947 τῷ
1067 4881 1166 4943 Σίμωνι)
1180 4884 1270 4946 Πέτρον
1283 4883 1327 4935 sed
1342 4898 1419 4949 quum
1439 4885 1522 4948 inepte
1537 4890 1674 4949 poneretur

348 4964 505 5030 parenthesis
516 4966 575 5014 ante
591 4965 695 5013 nomen!
