3960 5654
1011 497 1102 541 nnnc.
1125 483 1155 551 2,
1179 484 1287 542 24-26.
1776 487 1815 546 87

481 639 555 689 viam
570 642 680 691 virtutis
699 637 901 700 ingrediantur.
919 638 1048 688 Ceterum
1060 637 1144 686 etiam
1164 635 1366 688 advertendum
1388 642 1431 686 est
1445 651 1502 688 non
1517 637 1615 688 deesse
1628 638 1771 700 exenipla,
1788 642 1817 689 in

480 730 580 790 quihus
595 730 684 780 torma
704 727 780 776 verbi
799 732 892 779 activa
907 725 1055 775 adhibetur
1069 740 1119 789 pro
1139 727 1229 776 torma
1246 724 1374 782 mediati,
1390 730 1476 787 atque
1498 728 1525 776 id
1541 727 1701 792 (requenter
1725 726 1817 776 locum

481 818 564 869 habet
577 822 606 868 in
620 815 704 865 verbo
719 816 813 879 mortim
828 821 912 868 immo
928 810 1051 861 ποιεῖσθαι
1067 828 1130 864 raro
1145 814 1282 878 reperitur
1297 815 1325 861 iu
1341 826 1415 863 novo
1428 817 1595 866 testamento
1611 822 1639 867 et
1653 816 1711 866 lere
1725 815 1817 865 solum

478 908 551 971 apud
567 907 670 957 Lucam
683 910 711 954 et
726 906 844 956 Paulum
858 902 902 970 tel.
924 897 1048 972 ther§
1073 903 1151 963 38,5;
1177 905 1324 950 Buttmann
1339 916 1366 965 p.
1393 900 1461 967 tet).
1477 902 1556 961 Quae
1578 916 1641 954 cum
1661 907 1700 955 ita
1719 918 1750 955 se
1765 904 1817 952 ha-

477 996 574 1054 beant,
589 996 664 1043 omni
674 1007 708 1044 ex
723 995 915 1058 partecertum
928 995 971 1041 est
985 1005 1048 1043 esse
1063 991 1228 1042 vertendum
1244 992 1296 1040 iter
1305 990 1412 1051 lacere,
1422 1004 1479 1041 non
1491 993 1584 1041 autem
1595 993 1669 1042 viam
1679 999 1815 1043 sternere.

1029 1068 1037 1089 Ι

525 1173 631 1243 Quam
658 1168 818 1235 insidiose
846 1167 1016 1254 pharisaei
1042 1165 1296 1232 observaverint
1323 1169 1432 1230 lesum
1460 1171 1492 1231 et
1518 1167 1589 1232 eius
1613 1165 1814 1255 discipulos,

479 1273 683 1341 documento
697 1272 849 1362 estquod
864 1273 1005 1340 sabbato
1020 1294 1097 1338 cum
1111 1277 1200 1337 lesus
1216 1293 1277 1360 per
1291 1293 1430 1360 campos
1443 1271 1617 1339 incederet
1629 1275 1702 1340 eius
1714 1273 1817 1339 vesti·

480 1381 547 1466 giis
564 1381 753 1449 haerebant
767 1403 799 1446 v.
817 1386 858 1446 ιι
874 1379 1051 1469 pharisaei
1068 1391 1182 1444 autem
1198 1376 1425 1444 diccbcntei:
1441 1399 1533 1460 ecce,
1550 1369 1610 1459 tte,
1628 1381 1720 1462 vide,
1738 1385 1817 1447 Lllll

480 1508 614 1577 quoque
636 1506 699 1551 nri
724 1486 874 1552 reddunt
888 1484 934 1556 ἴδε
952 1487 1034 1552 dum
1051 1503 1110 1575 nih
1129 1481 1207 1567 tto-s,
1229 1491 1365 1550 vertunt
1390 1485 1552 1573 (Sedens)
1576 1486 1663 1575 quid
1681 1488 1817 1576 saciant

479 1593 625 1660 sabbatis
638 1591 733 1683 quod
745 1615 814 1658 non
831 1593 932 1659 licet?
950 1593 1002 1658 lex
1017 1592 1151 1659 sabbati
1167 1600 1217 1658 est
1234 1615 1242 1657 :
1261 1614 1330 1658 non
1346 1591 1449 1658 iacies
1462 1614 1562 1658 omne
1581 1591 1716 1681 (ullum)
1732 1616 1818 1683 opus

479 1702 514 1766 in
529 1724 584 1780 eo;
607 1722 710 1788 quam
727 1699 836 1766 seduli
849 1700 977 1765 luerint
990 1699 1129 1765 rabbini
1141 1698 1207 1765 hoc
1223 1697 1424 1765 mandatum
1440 1699 1485 1765 ad
1500 1699 1643 1765 minima
1659 1722 1817 1789 quaeque

479 1813 516 1873 ut
532 1806 767 1886 extenderent,
790 1806 939 1894 plurima
955 1805 1162 1872 documenta
1178 1805 1352 1872 habentur
1364 1807 1400 1871 in
1416 1810 1561 1872 tractatu
1574 1807 1761 1872 miscbnieo
1775 1806 1818 1874 de

480 1913 634 1993 sabbato;
652 1914 698 1978 ita
716 1915 805 1978 inter
824 1912 1028 2001 principalia
1043 1933 1148 2001 opera
1160 1912 1289 2000 (patres
1301 1914 1456 2000 operum)
1476 1918 1694 1979 recensentur
1706 1919 1817 1980 texere

483 2018 644 2097 bladae,
664 2041 825 2107 rumpere
847 2019 906 2083 fila
926 2018 1011 2099 duo,
1032 2040 1130 2084 suere
1145 2018 1231 2084 duas
1248 2025 1399 2096 suturas,
1417 2018 1566 2085 scribere
1588 2018 1673 2085 duas
1690 2020 1818 2086 litteras

478 2129 566 2214 (cap.
583 2133 658 2206 733
677 2125 906 2192 Sureutrusius
922 2128 946 2189 ll
958 2147 991 2214 p.
1009 2126 1081 2213 29);
1098 2126 1229 2214 pariter
1244 2148 1319 2191 reus
1334 2124 1527 2191 declaratur
1540 2125 1673 2192 sabbati
1688 2126 1814 2209 violati,

476 2234 536 2323 qui
559 2233 686 2320 promit
705 2233 798 2298 cibos
822 2233 856 2298 in
870 2233 1065 2321 quantitate
1094 2233 1245 2313 caricae,
1267 2233 1328 2320 qui
1348 2232 1475 2320 promit
1493 2231 1628 2321 paleam
1648 2239 1815 2320 quantum

477 2361 515 2405 os
529 2361 649 2406 vaccae
667 2341 773 2428 capit,
792 2340 852 2427 qui
865 2360 1010 2423 gramen
1028 2339 1156 2426 promit
1166 2344 1334 2427 quantum
1347 2360 1384 2403 os
1399 2339 1480 2425 agni
1491 2339 1599 2426 capit,
1614 2341 1673 2427 qui
1691 2341 1818 2428 promit

477 2445 559 2511 folia
583 2444 652 2512 allii
672 2453 705 2511 et
724 2446 808 2511 solia
834 2466 996 2533 ceparum
1020 2443 1146 2511 viridia
1165 2445 1201 2510 in
1222 2447 1412 2533 quantitate
1432 2446 1563 2510 caricae
1584 2450 1647 2513 etc.
1670 2445 1705 2533 (l.
1726 2467 1755 2512 c.
1778 2468 1813 2534 p.

477 2555 546 2637 31).
573 2559 679 2639 Atque
706 2553 902 2640 pharisaeos
926 2559 1077 2641 tempore
1096 2551 1220 2617 Christi
1241 2552 1284 2616 ab
1307 2550 1476 2618 eiusmodi
1497 2551 1649 2617 minutiis
1668 2574 1737 2618 noh
1753 2551 1815 2618 ab·

477 2658 578 2724 luisse
593 2680 632 2723 ex
646 2680 765 2725 eorum
781 2659 997 2724 accusatione
1019 2664 1114 2747 patet
1133 2657 1213 2724 satis
1228 2680 1413 2747 superque.

520 2764 672 2831 Christus
687 2767 865 2853 primoeos
877 2764 923 2831 ad
943 2764 1114 2830 silentium
1130 2763 1242 2851 adigit
1259 2765 1414 2855 exemplo
1425 2764 1561 2831 Davidis
1582 2766 1637 2831 cui
1652 2765 1816 2832 esurienti

475 2873 633 2961 princeps
648 2870 864 2938 sacerdotum
880 2892 990 2960 panes
1004 2869 1099 2936 dedit
1114 2870 1240 2960 quibus
1255 2873 1344 2937 vesci
1361 2871 1441 2937 solis
1457 2870 1554 2937 licuit
1568 2871 1812 2939 sacerdotibus.

477 2982 590 3067 Neque
605 2977 711 3044 [lutrid
726 2979 784 3066 qui
810 3000 866 3045 eos
885 3000 989 3066 panes
1004 2977 1187 3066 postulavit
1211 3000 1323 3065 neque
1340 2977 1498 3067 princeps
1519 2978 1731 3044 sacerdotum
1756 2979 1815 3068 qui

476 3083 570 3150 dedit
592 3085 660 3150 ullo
686 3083 786 3150 modo
810 3082 1078 3172 reprehenditur
1097 3083 1133 3150 in
1161 3106 1186 3149 s.
1211 3083 1349 3165 litteris;
1375 3106 1480 3173 quare
1505 3084 1632 3151 discere
1658 3091 1815 3173 poterant

477 3191 647 3280 pharisaei
663 3190 798 3256 admitti
809 3212 928 3257 causas
941 3190 1067 3280 quibus
1079 3190 1165 3277 legis
1181 3190 1343 3257 mandata
1354 3198 1498 3267 cessent;
1513 3214 1545 3259 v.
1565 3197 1605 3258 25
1617 3192 1708 3257 cedit
1721 3192 1808 3259 illis.

476 3319 653 3386 nrrnquam
668 3297 792 3386 lepistis
806 3296 892 3386 quid
901 3297 1020 3384 fecerit
1037 3296 1296 3385 Davidquando
1312 3298 1543 3364 necessitatem
1557 3297 1677 3364 babuit
1691 3311 1724 3365 ct
1739 3321 1814 3365 esu-

475 3405 533 3469 riit
551 3405 620 3492 ipse
640 3404 748 3493 etqui
765 3426 841 3470 cum
864 3425 902 3469 eo
920 3406 1043 3469 erant?
1063 3427 1094 3469 v.
1117 3409 1159 3469 ιιι
1178 3404 1348 3493 quomodo
1370 3404 1521 3470 introivit
1540 3404 1576 3484 in
1594 3404 1734 3471 domum
1753 3405 1817 3473 Dei

475 3509 535 3576 sub
559 3509 724 3576 Abietliur
740 3511 895 3599 principe
912 3510 1126 3577 sacerdotum
1148 3523 1180 3577 et
1198 3533 1305 3600 panes
1327 3512 1568 3600 propositionis
1592 3512 1815 3580 manducavit

476 3640 560 3706 quos
579 3640 648 3682 non
663 3616 785 3683 licebat
805 3616 1018 3684 manducare
1037 3619 1105 3685 nisi
1123 3617 1353 3684 sacerdotibus
1372 3631 1405 3684 et
1424 3617 1515 3684 dedit
1532 3620 1579 3685 eis
1598 3620 1661 3707 qui
1682 3642 1760 3686 cum
1774 3643 1812 3686 co

477 3726 595 3790 erant?
614 3725 691 3789 vide
707 3731 721 3789 l
743 3729 825 3810 Reg.
846 3731 961 3803 tlt-6
985 3748 992 3792 :
1011 3724 1105 3791 dedit
1120 3727 1149 3790 ei
1170 3725 1328 3791 sacerdos
1347 3725 1595 3792 sanctificatum
1609 3748 1733 3814 panem
1754 3749 1813 3793 ne·

476 3854 542 3920 que
558 3832 650 3896 enim
668 3838 741 3897 erat
761 3830 808 3896 ibi
832 3833 929 3920 panis
950 3832 1013 3897 uisi
1035 3837 1170 3898 tantum
1194 3855 1300 3921 panes
1316 3832 1574 3921 propositionis;
1591 3833 1674 3899 tales
1698 3838 1812 3900 autern

477 3959 581 4025 panes
594 3944 690 4003 erant
706 3945 860 4003 sanctum
880 3945 1074 4004 sanctorum
1091 3961 1177 4027 quos
1192 3940 1254 4004 soli
1275 3937 1467 4006 sacerdotes
1483 3940 1517 4004 in
1535 3938 1740 4006 locosancto
1759 3963 1813 4006 eo·

476 4044 612 4110 medere
626 4043 833 4110 iubebantur
850 4047 939 4131 (hev.
960 4045 1054 4132 etp)
1069 4051 1101 4111 et
1121 4046 1227 4111 David
1246 4068 1314 4111 non
1331 4052 1467 4112 tantum
1486 4046 1558 4134 ipse
1573 4046 1736 4126 comedit,
1753 4049 1812 4113 sed

476 4151 577 4216 etiam
595 4151 664 4216 suis
678 4150 771 4216 dedit
786 4151 980 4215 comitibus.
1000 4152 1162 4217 Sacerdos
1178 4152 1295 4238 igitur,
1314 4159 1352 4217 ιιι
1370 4151 1462 4218 Beda
1478 4154 1541 4231 ait,
1560 4174 1625 4218 non
1642 4152 1813 4220 dubitavit

476 4279 579 4346 panes
595 4256 677 4322 dare
699 4258 817 4322 melius
836 4258 1021 4323 arbitratus
1039 4258 1244 4347 (secundum
1265 4260 1471 4349 prophetam
1491 4261 1542 4325 Os.
1567 4260 1638 4347 6,6)
1656 4258 1697 4325 de
1714 4260 1813 4327 famis

477 4363 627 4452 periculo
648 4363 802 4430 homiues
826 4364 972 4430 liberare
995 4387 1099 4453 quam
1119 4370 1183 4431 lleo
1208 4367 1330 4431 ollerre
1350 4364 1571 4446 sacrificium;
1592 4367 1699 4432 hostia
1721 4367 1811 4433 enirn

477 4475 542 4535 beo
555 4470 731 4559 placabilis
744 4471 924 4536 hominum
938 4471 1028 4537 salus
1041 4481 1100 4539 est.
1119 4503 1133 4532 n
1147 4474 1296 4562 Opponit
1308 4495 1392 4558 crgo
1407 4473 1567 4539 Dominus
1579 4479 1611 4537 et
1622 4473 1723 4539 dicit:
1742 4475 1767 4539 si
1781 4482 1813 4541 et

476 4577 579 4643 llavid
606 4585 737 4642 sanctus
756 4586 805 4642 est
827 4585 860 4643 et
885 4579 1081 4644 ilbirnelech
1107 4581 1256 4668 pontifex
1283 4603 1303 4645 a
1326 4580 1423 4646 vobis
1446 4601 1514 4646 non
1536 4580 1809 4667 reprehenditur,

476 4684 532 4750 sed
551 4685 635 4770 legis
656 4691 794 4772 uterque
813 4684 1011 4750 mandatum
1035 4685 1206 4773 probabili
1227 4687 1440 4753 excusatione
1462 4688 1663 4771 transgressi
1683 4692 1813 4754 suntet

479 4791 584 4856 [ames
599 4792 631 4855 iu
653 4796 829 4870 causaest,
848 4792 1063 4858 cureundem
1079 4779 1210 4859 ¹tamem
1223 4816 1290 4859 non
1312 4793 1463 4883 probatis
1478 4794 1512 4858 in
1533 4794 1694 4881 apostolis
1709 4817 1812 4884 quam

480 4898 628 4986 probatis
642 4899 676 4964 iu
688 4898 808 4964 ceteris
825 4899 860 4961 »t
873 4896 908 4962 ld
922 4900 1047 4965 luctum
1058 4923 1128 4968 esse
1142 4901 1205 4968 sub
1219 4901 1398 4983 hbiatlrar,
1420 4894 1816 4990 ini'temporehbiathar
