3960 5654
200 151 202 154 .
225 124 234 148 ⁴
265 110 268 122 '
295 99 1358 197 ‘twacaattetttlubceaata
1490 116 1726 162 ει

222 162 230 202 ’.
368 165 409 199 a*
432 174 439 193 1·
596 150 647 205 *ab
723 173 753 207 a«,
778 186 783 195 .
801 194 806 203 .
859 128 1029 212 :dtrbvttl
1041 179 1062 207 a
1077 178 1132 207 a
1147 162 1238 227 Qr
1427 156 1491 217 aa„
1641 174 1655 191 ›·
1676 163 1708 207 ιτς

290 231 292 234 ⁴
353 238 358 249 ι
457 247 460 253 ,
484 236 488 244 ε
626 210 630 221 l
651 215 668 233 l*
713 213 716 230 '.
759 210 763 217 λ
813 223 815 227 '
855 202 948 250 &upa-¹1:
960 202 1000 239 ιμ’,
1013 192 1047 233 ¹*st
1065 204 1077 215 ’ί
1090 212 1096 220 Ι
1114 201 1178 221 ¹..¹¹·⁴
1208 204 1240 252 ''J‘'
1259 205 1282 238 -.
1298 212 1308 229 'l
1328 201 1350 229 ,¹
1384 206 1395 226 'l
1414 207 1435 240 .,ι
1451 204 1464 235 ‘l'
1477 209 1516 243 'tir'
1531 204 1566 255 ’,με
1669 208 1671 211 Ι

896 473 992 518 nanc..
1007 457 1037 534 a,
1058 457 1162 518 ausa.
1639 458 1697 520 {69

366 609 439 674 eius
460 606 753 678 admonitionibus
780 629 879 674 aures
904 608 1107 699 praebebat,
1138 621 1172 675 et
1198 604 1318 675 audito
1347 629 1386 673 eo
1412 605 1524 675 malta
1546 605 1698 696 faciebat

366 708 469 802 ἠπόρει
481 716 540 805 (cl.
557 716 634 784 lect.
648 714 738 803 var.)
753 714 796 780 de
810 714 925 787 multis
936 738 1024 807 quae
1034 714 1161 782 lecerat
1177 711 1386 781 reddebatur
1402 713 1546 795 dubius,
1565 713 1695 796 anxius,

368 819 538 891 haesitans
555 845 596 889 ex
614 820 794 911 colloquiis
811 844 889 890 cum
909 845 960 890 eo.
977 824 1064 888 llaec
1083 821 1185 889 lectio
1201 818 1335 886 videtur
1353 821 1522 905 genuina;
1540 827 1589 889 est
1607 819 1698 887 enim

368 927 541 995 difficilior
560 934 593 994 et
608 927 711 994 simul
734 929 846 995 innuit
866 927 1019 996 stimulos
1037 926 1265 995 conscientiae
1285 924 1411 1015 quibus
1434 924 1479 991 ad
1500 927 1698 1016 opinionem

366 1034 461 1101 illam
485 1033 754 1122 superstitiosam
779 1058 811 1102 v.
843 1043 883 1102 16
910 1032 1077 1102 adductus
1101 1039 1169 1114 est;
1194 1044 1227 1099 et
1252 1031 1393 1099 libenter
1417 1052 1494 1098 eum
1519 1031 1698 1115 audiebat;

366 1146 549 1228 utrumque
567 1146 602 1207 et
620 1142 713 1231 quod
737 1141 782 1209 ab
806 1146 932 1208 Ioanne
957 1140 1000 1207 de
1026 1140 1129 1207 variis
1155 1140 1258 1206 rebus
1283 1160 1368 1228 quas
1392 1143 1542 1225 gesserat
1560 1139 1591 1204 ei
1616 1160 1697 1206 con-

365 1246 527 1313 scientiae
546 1268 656 1334 angor
676 1246 901 1334 ingerebatur
919 1251 952 1313 et
971 1247 1066 1338 quod
1087 1245 1236 1313 libenter
1254 1266 1334 1312 eum
1356 1244 1519 1312 audiebat
1537 1244 1698 1312 continua

366 1356 439 1417 erat
459 1374 521 1442 pro
545 1352 740 1421 Herodiade
760 1353 890 1421 timoris
912 1376 952 1421 ac
973 1353 1176 1443 suspicionis
1194 1373 1293 1439 seges
1307 1357 1340 1418 et
1360 1351 1515 1418 materia.
1536 1355 1698 1421 loannem

365 1458 401 1525 in
417 1480 552 1527 carcere
567 1481 669 1550 quem
686 1459 832 1527 llerodes
846 1460 992 1528 consulit
1003 1459 1134 1550 Scluepq
1149 1464 1326 1549 comparat
1343 1478 1422 1525 cum
1439 1458 1581 1543 leremia
1595 1479 1697 1547 quern

366 1565 523 1632 sedecias
536 1588 592 1632 rex
607 1566 641 1631 in
658 1587 829 1632 carcerem
844 1567 990 1635 coniecit
1001 1571 1035 1633 et
1049 1567 1146 1634 cuius
1161 1564 1343 1633 consilium
1357 1565 1485 1655 pariter
1499 1563 1699 1654 exquirebat

368 1671 425 1760 (cl.
443 1678 523 1753 323
535 1693 606 1762 seq.
625 1678 727 1749 auro
739 1672 840 1764 seq).

410 1777 634 1844 Herodiadem
660 1779 756 1845 omni
783 1779 908 1847 astutia
938 1779 1100 1846 muliebri
1131 1779 1325 1870 explorasse
1351 1799 1421 1869 qua
1443 1778 1698 1868 opportunitate

365 1883 532 1974 quibusve
546 1883 677 1952 artibus
692 1884 728 1951 id
743 1884 835 1976 quod
852 1908 915 1976 pro
932 1887 994 1954 sua
1006 1886 1191 1977 appetebat
1209 1886 1391 1953 securitate
1405 1886 1567 1975 consequi
1587 1889 1698 1974 posset

365 1991 444 2057 satis
455 1991 520 2057 erit
535 1990 763 2058 manifestum.
781 1994 890 2069 Quare
904 2014 974 2060 non
990 1997 1040 2060 est
1056 1991 1289 2082 improbabile
1305 2012 1381 2058 cam
1401 2012 1529 2078 magna
1542 2012 1601 2079 spe
1617 2011 1698 2081 pro-

365 2097 510 2186 spexisse
529 2096 573 2163 ad
595 2096 793 2165 convivium
814 2098 974 2166 festivum
1000 2097 1094 2190 quod
1115 2097 1266 2166 Herodes
1289 2096 1523 2166 celebraturus
1542 2103 1615 2163 erat
1630 2094 1698 2165 diei

367 2203 489 2270 natalis
505 2225 607 2271 causa
621 2209 724 2294 atque
739 2203 869 2272 idcirco
886 2204 954 2272 dici
971 2228 1003 2273 v.
1023 2211 1063 2272 21
1083 2218 1118 2272 et
1136 2209 1215 2272 cum
1235 2202 1307 2272 dies
1325 2216 1539 2295 opportunus
1557 2200 1698 2270 accidis-

365 2322 431 2390 set,
448 2315 663 2400 opportunus
676 2309 750 2378 scss.
772 2310 1089 2379 machinationibus
1107 2310 1307 2378 Herodiadis
1326 2311 1467 2400 eiusque
1486 2309 1633 2391 insidiis3
1651 2310 1699 2377 ita

366 2414 537 2506 plerique;
552 2416 609 2483 alii
627 2439 635 2484 :
658 2423 874 2507 opportunus
888 2416 936 2485 ad
943 2417 1141 2486 convivium
1155 2414 1416 2505 celebrandum(
1437 2415 1587 2506 Scteqq,
1601 2413 1696 2502 Fit),

366 2522 611 2612 quodpropter
625 2524 804 2613 sequeutia
815 2523 896 2591 satis
909 2528 959 2591 est
972 2523 1144 2601 ieiunum3
1162 2524 1221 2590 alii
1237 2525 1288 2591 ita
1300 2522 1391 2590 diem
1404 2522 1563 2590 festivum
1574 2537 1634 2586 zuo
1648 2536 1697 2586 nu

366 2627 540 2716 designari
563 2627 684 2696 volunt
703 2630 866 2720 (quando)
889 2628 1040 2699 Herodes
1059 2629 1254 2697 natalzssai
1272 2650 1413 2697 coenam
1428 2628 1530 2718 fecit,
1545 2649 1666 2714 graece
1687 2650 1695 2696 :

366 2736 537 2802 natalibus
554 2737 623 2803 suis
640 2736 758 2825 (natali
776 2758 854 2819 suo,
870 2736 948 2805 vide
964 2737 1039 2804 leot.
1055 2736 1147 2825 var.)
1157 2757 1302 2804 coenam
1316 2736 1396 2803 fecit
1408 2733 1621 2826 praecipitus
1633 2738 1698 2810 τοῖς

366 2842 567 2929 pepercisti,
583 2864 645 2909 vox
664 2843 840 2932 μεγιστᾶνες
855 2842 898 2910 de
910 2843 1110 2933 proceribus
1124 2848 1158 2910 et
1173 2841 1394 2940 magnatibus
1407 2839 1546 2909 videtur
1563 2848 1699 2933 sumpla

366 2971 388 3016 a
405 2949 642 3016 Macedonibus
660 2955 694 3015 et
714 2951 751 3016 in
766 2952 865 3017 usum
886 2949 982 3040 apud
995 2953 1138 3017 Graecos
1157 2948 1356 3017 introducta
1373 2947 1432 3039 (oi.
1456 2948 1647 3039 Wetstein)‚
1666 2961 1700 3016 et

367 3054 508 3122 tribunis
526 3068 559 3122 et
567 3056 689 3146 primis
711 3056 907 3141 Galt'laeae;
927 3060 996 3123 tres
1010 3055 1148 3124 ordines
1167 3056 1389 3123 convivarum
1411 3063 1652 3122 recensentur:
1672 3054 1698 3121 ii

366 3163 426 3251 qui
439 3184 563 3229 munus
576 3163 746 3249 gerebant
758 3162 876 3241 civile,
890 3162 951 3252 qui
963 3162 1115 3230 cilicium
1130 3162 1280 3229 militare
1292 3166 1325 3228 et
1339 3161 1447 3251 quiin
1459 3160 1602 3229 urbibus
1612 3159 1699 3230 Gali·

364 3267 459 3336 laeae
469 3268 669 3336 auctoritate
680 3274 713 3337 et
730 3269 898 3356 dignitate
908 3270 1059 3357 insignes
1073 3274 1189 3347 erant;
1203 3269 1302 3359 proin
1317 3274 1454 3358 praeter
1465 3289 1523 3334 eos
1537 3268 1597 3357 qui
1605 3266 1698 3358 apud

365 3375 570 3442 tetrarcham
590 3398 733 3443 munere
750 3374 899 3466 quodam
915 3375 1152 3463 iungebantur
1167 3374 1222 3441 vel
1236 3374 1329 3442 civili
1343 3373 1399 3441 vel
1417 3373 1576 3455 militari,
1594 3374 1698 3441 etiam

365 3482 453 3547 viros
467 3481 634 3570 primores
648 3481 734 3549 alios
748 3482 889 3549 ditionis
902 3503 982 3549 suae
1001 3483 1220 3549 invitaverat.
1238 3479 1437 3548 Herodiadis
1455 3480 1528 3548 filia
1539 3501 1644 3569 quam
1658 3501 1698 3547 ex

366 3588 479 3677 priore
498 3588 657 3675 coniugio
673 3594 883 3679 susceperat,
903 3589 1041 3656 nornine
1057 3587 1193 3655 Salome
1209 3586 1399 3678 (Iosephus,
1421 3587 1534 3677 antiq.
1558 3591 1647 3667 18,5.
1665 3586 1698 3676 t)

366 3716 385 3760 a
397 3698 504 3760 matre
516 3694 728 3761 submittitur
739 3701 777 3761 ut
785 3693 965 3762 saltatione
977 3717 1039 3762 sua
1052 3693 1177 3762 llerodi
1187 3695 1246 3784 qui
1260 3693 1370 3785 epulis
1381 3697 1415 3760 et
1425 3693 1505 3760 vino
1517 3692 1588 3759 iam
1601 3693 1696 3760 inca·

364 3799 472 3867 luerat
486 3800 624 3868 afferret
635 3801 841 3890 voluptatem
852 3825 884 3869 v.
896 3807 940 3867 22
949 3823 1095 3891 cumque
1102 3801 1271 3868 intrasset
1281 3800 1361 3888 filia
1375 3799 1482 3890 ipsias
1495 3797 1698 3867 Herodiadis

365 3905 433 3994 (vel
445 3904 515 3973 lilia
529 3906 603 3996 ipsa
617 3906 832 3988 herodiadis,
849 3908 898 3975 ita
913 3914 950 3974 ut
968 3929 1035 3975 non
1048 3906 1202 3998 puellam
1214 3906 1501 3998 qualemcumque
1515 3906 1574 3972 sed
1588 3904 1695 3972 filiam

366 4012 531 4102 principis
545 4012 655 4103 ipsam
672 4020 786 4102 partes
806 4014 916 4101 egisse
931 4014 1111 4082 saltatricis
1131 4014 1359 4104 exprimatur3
1376 4013 1431 4079 vel
1445 4011 1518 4078 lilia
1535 4010 1607 4078 eius
1623 4012 1647 4078 i.
1663 4031 1694 4077 e.

366 4118 580 4201 Herodiadis;
598 4118 676 4187 vide
689 4119 767 4186 lect.
783 4120 873 4209 var.)
887 4132 921 4188 et
936 4119 1092 4188 saltasset
1111 4126 1215 4210 atque
1229 4120 1321 4187 inter
1334 4119 1493 4187 convivia
1504 4116 1698 4186 saltationes

367 4223 511 4292 lascivae
523 4248 592 4292 esse
606 4224 761 4293 solebant
772 4232 805 4292 et
821 4227 996 4308 mimicae,
1009 4240 1043 4295 et
1047 4227 1236 4318 placuisset
1245 4225 1374 4294 Herodi
1381 4225 1551 4315 simulque
1565 4246 1696 4292 recum-

367 4329 518 4397 bentibus
530 4332 663 4400 saltatio
676 4332 764 4413 scil,
788 4355 849 4399 rec
869 4332 1043 4424 voluptate
1066 4333 1255 4401 delectatus
1274 4337 1307 4401 et
1323 4337 1442 4423 captus
1462 4331 1512 4398 ait
1527 4330 1666 4421 praellae
1685 4353 1697 4398 :

364 4451 440 4528 pete
459 4461 481 4504 a
500 4461 553 4505 me
573 4439 667 4528 qaod
682 4440 731 4507 vis
745 4438 873 4506 etdabo
887 4438 963 4525 titt,
979 4449 1012 4507 et
1028 4462 1107 4507 cum
1123 4441 1242 4507 vinum
1259 4439 1415 4507 homines
1433 4437 1576 4506 reddere
1593 4437 1698 4505 soleat

366 4545 524 4636 loquaces
543 4552 575 4612 et
590 4546 828 4628 iactabundus,
846 4547 951 4614 etiarn
972 4548 1083 4635 magis
1102 4552 1273 4615 ostentare
1295 4545 1369 4613 vult
1388 4545 1541 4632 regalem
1559 4543 1696 4612 muniti-

366 4652 512 4719 centiam
532 4657 565 4719 et
583 4653 735 4719 attestari
753 4654 1026 4740 magnitudinem
1043 4653 1248 4722 deliciarum
1266 4675 1350 4745 quas
1366 4674 1407 4719 ex
1418 4651 1554 4742 puellae
1568 4650 1698 4718 artibus

367 4758 531 4827 hausisset
550 4766 591 4827 23
616 4771 650 4825 et
675 4759 803 4826 iurauit
820 4758 876 4826 illi
895 4782 907 4826 .·
927 4761 1011 4850 qaia
1030 4760 1204 4851 quidquid
1222 4760 1377 4852 petieris,
1404 4758 1493 4827 dolo
1518 4758 1594 4842 tibi,
1620 4757 1700 4825 licet

365 4865 549 4934 dimidium
559 4867 658 4957 repat
666 4865 754 4950 mei;
765 4866 989 4935 temulentum
1001 4889 1042 4935 ac
1056 4868 1246 4958 superbum
1261 4867 1466 4959 promissum
1477 4862 1703 4933 iureiurando
