3960 5654
897 494 988 538 usne.
1013 475 1061 546 13,
1084 476 1193 537 36-37.
1631 477 1689 538 3³9

406 624 597 717 Applicatio
612 623 799 713 parabolae
813 623 923 692 facilis
940 632 988 692 est
1002 622 1115 692 obvia.
1136 632 1241 692 Homo
1264 624 1323 690 ille
1339 626 1398 713 qui
1414 649 1448 693 se
1468 627 1580 694 itineri
1596 648 1689 692 eom-

362 735 466 800 mittit
481 731 632 800 Christus
646 737 696 798 est
706 728 891 799 ascendens
908 734 942 799 in
954 730 1086 797 coelum
1101 734 1202 821 (Vici.
1224 731 1306 797 Enii
1319 732 1358 817 .);
1378 734 1466 797 servi
1479 742 1558 799 sunt
1575 755 1690 800 omnes

360 839 492 916 fideles;
506 837 597 903 hisee
611 835 834 904 committitur
842 838 961 905 domus
977 836 1225 905 administratio
1242 838 1264 904 i.
1282 862 1312 903 e.
1332 860 1416 927 opus
1431 838 1523 926 quod
1540 841 1690 906 Christus

358 947 395 1012 in
414 943 593 1012 condenda
611 943 757 1012 Ecclesia
775 943 903 1034 incepit
921 949 954 1010 et
974 946 1158 1034 unicuique
1177 946 1322 1032 speciale
1343 943 1518 1033 quoddam
1539 944 1690 1011 cilicium

360 1049 601 1132 demandatur;
624 1072 710 1141 opus
737 1049 819 1117 Vici.
840 1052 1030 1138 generatim
1057 1052 1204 1140 explicat
1225 1050 1269 1117 de
1290 1050 1527 1117 observatione
1549 1051 1690 1117 manda-

359 1164 483 1224 torum.
502 1159 639 1224 Ianitori
657 1156 797 1247 speciali
814 1158 914 1224 modo
934 1159 1147 1247 praecipitur
1161 1164 1199 1223 ut
1215 1158 1351 1243 vigilet,
1373 1158 1455 1245 quia
1474 1159 1546 1223 eius
1564 1166 1612 1223 est
1629 1159 1690 1223 do-

359 1263 452 1330 miuo
479 1263 674 1331 advenienti
702 1265 836 1352 aperire
858 1266 1015 1344 ianuam;
1048 1264 1138 1330 unde
1164 1263 1257 1353 quod
1285 1265 1410 1329 ianitor
1434 1266 1629 1329 nominatur
1647 1265 1691 1330 ad

359 1369 561 1460 parabolam
579 1371 743 1462 pertinet,
761 1392 872 1460 neque
887 1393 971 1459 opus
991 1373 1055 1436 erit
1075 1393 1154 1437 cum
1177 1369 1269 1437 Beda
1286 1377 1436 1459 pastores
1454 1370 1619 1437 Ecclesiae
1638 1373 1691 1437 in·

358 1480 539 1567 terpretari
549 1502 557 1560 ;
569 1476 672 1544 Euri.
683 1478 820 1566 exponit
829 1477 1008 1544 ianitorem
1021 1478 1064 1544 de
1076 1484 1190 1545 mente
1203 1479 1467 1566 uniuscuiusque
1481 1501 1569 1566 quae
1584 1479 1692 1546 ianuis

359 1584 494 1652 animae
513 1585 537 1652 i.
563 1607 593 1650 e.
621 1581 774 1650 sensibus
792 1584 920 1673 praesit
941 1606 1002 1671 per
1023 1607 1109 1672 quos
1130 1585 1186 1650 lur
1207 1583 1398 1673 spiritualis
1418 1584 1553 1670 ingredi
1575 1585 1688 1651 soleat.

361 1693 524 1767 Quattuor
536 1691 642 1757 noctis
657 1689 794 1776 vigilias
810 1689 955 1778 Tlteopd.
973 1691 1074 1756 Eruli.
1091 1689 1167 1756 Alb.
1183 1692 1354 1780 explicant
1369 1690 1411 1756 de
1428 1696 1587 1780 quattuor
1601 1700 1693 1758 aeta·
1755 1760 1759 1767 ,

359 1796 462 1876 tibus,
481 1818 560 1867 cum
575 1795 634 1863 alii
649 1796 684 1861 in
698 1795 863 1885 pueritia,
879 1797 914 1862 in
929 1798 1104 1863 iuventute
1119 1797 1196 1876 alii,
1216 1797 1275 1863 alii
1293 1797 1327 1862 in
1344 1803 1454 1863 aetate
1468 1797 1573 1877 virili,
1590 1798 1625 1863 in
1640 1820 1692 1863 se-

360 1902 562 1970 nectutealii
573 1903 715 1971 Domino
726 1902 830 1969 iudici
840 1925 903 1992 per
913 1911 1057 1970 mortem
1070 1904 1244 1970 sistantur.
1257 1903 1507 1970 Perianitorem
1518 1904 1575 1992 qui
1585 1906 1692 1971 iussus

361 2013 411 2074 est
420 2009 563 2094 vigilare
573 2031 643 2076 non
653 2008 940 2096 intelligicertum
951 2009 1128 2098 quendam
1140 2009 1175 2075 in
1190 2010 1335 2077 Ecclesia
1348 2009 1504 2076 ordinem
1516 2009 1692 2077 hominum

360 2115 463 2183 etiam
480 2138 519 2181 ex
533 2115 655 2183 Christi
671 2114 784 2182 verbis
799 2115 1015 2204 consequitur
1030 2139 1061 2181 v.
1079 2123 1122 2183 37
1138 2117 1233 2205 quod
1243 2130 1357 2183 cirtem
1373 2115 1465 2182 cobis
1476 2115 1567 2194 dico,
1583 2119 1692 2183 omrai-

361 2221 421 2288 dus
437 2220 512 2288 dieo
529 2220 693 2312 :cr'qilatc
709 2222 733 2289 i.
752 2244 781 2287 e.
809 2221 968 2310 omnibus
986 2223 1043 2312 qui
1066 2223 1172 2289 luturi
1192 2230 1272 2289 sunt
1292 2246 1398 2312 usque
1418 2223 1460 2289 ad
1479 2225 1597 2290 mundi
1612 2247 1691 2291 con-

360 2329 624 2395 summationem
649 2326 798 2418 (Euat).
824 2331 907 2394 Cum
931 2329 1047 2418 itaque
1073 2351 1190 2395 omues
1215 2329 1260 2395 ad
1285 2352 1383 2395 suum
1409 2331 1591 2396 adventum
1613 2331 1692 2397 velit

361 2429 507 2521 vigilare
533 2442 566 2501 et
591 2442 705 2502 tamen
725 2435 876 2524 prolecto
900 2436 1035 2502 sciverit
1058 2436 1229 2525 plurimas
1257 2436 1436 2501 homiuum
1456 2438 1692 2522 generationes

362 2563 433 2608 esse
459 2543 644 2608 morituras
671 2546 750 2608 ante
776 2542 921 2608 alterum
945 2564 1044 2608 suum
1070 2541 1278 2620 adventum,
1316 2543 1436 2607 merito
1461 2543 1692 2611 concludimus

361 2647 429 2714 dici
457 2648 637 2715 liominum
658 2649 777 2715 venire
801 2670 938 2737 quoque
955 2655 1028 2713 tum
1047 2648 1091 2714 ad
1113 2670 1397 2737 unumquemque
1419 2649 1556 2738 quando
1585 2659 1690 2718 morte

359 2754 489 2821 sistitur
502 2754 545 2821 ad
560 2754 714 2821 tribunal
728 2753 848 2820 iudicis
864 2761 896 2820 et
910 2754 1053 2843 proinde
1069 2753 1186 2820 horam
1204 2756 1320 2820 mortis
1336 2756 1600 2846 uniuscuiusque
1615 2781 1691 2824 rere

359 2861 475 2950 aliquo
489 2883 588 2928 sensu
601 2868 733 2952 tempus
745 2882 815 2928 esse
829 2860 993 2927 adventus
1005 2863 1138 2927 Domini
1151 2884 1213 2950 pro
1224 2863 1370 2947 singulis
1384 2871 1417 2927 ct
1432 2863 1555 2928 Christi
1566 2865 1691 2930 monita

360 2969 410 3035 uti
427 2972 582 3059 spectant
599 2968 645 3034 ad
662 2968 857 3034 universam
875 2969 1056 3034 Ecclesiam
1079 2990 1168 3055 quae
1189 2990 1324 3056 semper
1342 2976 1462 3056 parata
1481 2991 1550 3035 esse
1570 2969 1692 3038 debeat

361 3081 535 3164 tamquam
548 3097 672 3164 sponsa
685 3075 822 3141 obviam
840 3076 890 3141 ire
904 3096 1042 3163 sponso,
1067 3075 1113 3139 ita
1133 3097 1269 3163 quoque
1282 3075 1325 3139 ud
1342 3076 1497 3161 singulos
1513 3076 1615 3163 dirigi
1633 3079 1690 3165 qui

278 3268 281 3275 .
363 3180 548 3248 iubeantur
561 3203 695 3272 semper
712 3203 781 3248 esse
793 3183 905 3271 parati
921 3203 962 3246 ne
978 3186 1086 3246 morte
1104 3180 1193 3246 maio
1211 3190 1244 3246 ct
1261 3182 1445 3271 improvisa
1464 3183 1689 3271 altripioutur.

363 3291 402 3354 Et
416 3294 627 3378 quantopere
640 3288 728 3356 hanc
740 3287 1008 3354 admonitionem
1027 3309 1098 3353 esse
1117 3290 1339 3354 necessariam
1359 3289 1511 3354 Christus
1525 3293 1691 3358 censuerit

361 3398 395 3460 et
407 3416 511 3482 quam
525 3395 642 3461 sedulo
657 3416 731 3462 eam
746 3393 890 3462 voluerit
905 3395 1029 3459 animis
1044 3394 1196 3458 omnium
1214 3395 1412 3483 impressum
1427 3403 1459 3460 et
1473 3397 1687 3481 inculcatam,

362 3500 539 3589 praeclare
557 3501 791 3568 manifestatur
804 3499 1039 3589 compluribus
1054 3500 1122 3565 illis
1136 3501 1234 3589 apud
1252 3503 1453 3567 iluttliaeum
1468 3509 1689 3583 'itti-iiiii

361 3605 546 3696 parabolis.
624 3651 629 3662 ·

661 3754 697 3809 i.
721 3747 904 3808 Encrrctur
923 3749 1027 3830 passio
1053 3748 1169 3811 Christi
1193 3754 1385 3813 iii-mii.

741 3901 766 3968 a)
788 3905 897 3955 coena
916 3904 951 3954 in
970 3906 1141 3957 Bethania
1164 3906 1310 3970 14,1-11.

402 4028 999 4092 ii‚i.Eratautempaschaetazymapost
1090 4031 1160 4090 iti,
1190 4027 1240 4077 ἸΙν
1266 4027 1291 4078 δὲ
1320 4029 1347 4078 τ’ν,
1376 4030 1460 4094 ,ταίην
1488 4030 1528 4080 καὶ
1555 4031 1583 4080 :¹2
1613 4035 1690 4101 ὶζνμι

364 4118 494 4178 biduum,
515 4121 544 4167 et
564 4117 734 4180 quaerebant
749 4120 850 4168 summi
872 4119 998 4168 sacerdo·
1049 4117 1111 4186 μετὰ
1134 4116 1177 4167 δύο
1201 4115 1299 4186 ἡμέρας·
1326 4118 1367 4167 καὶ
1395 4117 1496 4181 ἐζήτουν
1520 4120 1543 4169 οἵ
1573 4119 1692 4188 iss-Lep&

366 4213 408 4258 tes
422 4211 450 4256 et
467 4205 575 4257 scribae
590 4206 730 4269 quomodo
752 4220 816 4256 cum
842 4207 1000 4257 dolotenc·
1050 4205 1091 4256 καὶ
1116 4205 1140 4257 οἱ
1169 4210 1340 4275 γραμματεῖς,
1374 4212 1424 4266 :tr
1462 4207 1534 4260 zizi-r
1567 4208 1590 4260 ἓν
1625 4210 1693 4282 aliq,

368 4299 443 4356 rent,
460 4299 487 4346 et
502 4294 669 4345 occiderent.
1051 4296 1215 4364 κρατήσαντες
1245 4295 1428 4347 irenaeusne·
1454 4301 1479 4350 ⁴1.
1511 4297 1598 4366 ἔλεγον
1634 4303 1690 4368 γάρ,

402 4384 428 4434 2.
445 4384 687 4434 Dicebantautem
703 4396 709 4432 :
727 4384 790 4435 Non
807 4387 834 4433 in
852 4385 897 4435 dic
915 4385 999 4443 lest0;
1053 4382 1096 4448 iii]
1117 4384 1141 4436 ἓν
1162 4389 1192 4455 ·ῇ
1211 4383 1297 4454 lepti,
1325 4389 1418 4454 :eruore
1445 4386 1511 4437 {stru
1536 4388 1632 4457 refrte
1653 4395 1693 4441 τεῦ

367 4473 638 4524 nelortetumultus
651 4471 773 4523 lieretin
789 4476 903 4537 populo.
926 4476 949 4524 3.
970 4475 1002 4524 Et
1053 4478 1122 4526 λαοῦ.
1149 4478 1177 4527 3.
1208 4474 1253 4524 lizi
1276 4477 1346 4535 ὄντος
1372 4475 1444 4526 νῦτνῡ
1469 4476 1494 4526 ἐν
1520 4476 1640 4546 lirinus.
1667 4478 1692 4531 ἓν

370 4575 455 4628 quum
470 4566 544 4614 esset
559 4563 711 4613 Bethaniae
731 4564 759 4612 in
779 4563 861 4614 domo
881 4564 1004 4614 Simonis
1053 4567 1084 4632 τῇ
1102 4562 1167 4632 οἰκίᾳ
1190 4562 1298 4633 {ligerum
1327 4571 1368 4616 te]
1392 4565 1496 4633 λεπροῦ,
1522 4570 1692 4638 κατικεεμένω

367 4652 525 4717 leprosi‚et
539 4653 726 4711 recumberet,
743 4654 818 4703 venit
838 4655 937 4703 mulier
952 4655 1003 4703 ha·
1054 4651 1141 4713 aizoi,
1163 4648 1238 4717 ἦλθεν
1264 4655 1323 4722 γυνὴ
1354 4655 1445 4722 ἔχωσι
1470 4654 1622 4725 litium-r
1648 4658 1692 4726 gri·

365 4742 436 4791 bens
453 4741 623 4793 alabastrum
646 4743 780 4805 unguenti
800 4743 877 4792 nardi
903 4745 1003 4806 spicati
1054 4761 1096 4810 ρον
1116 4744 1204 4811 νάρδον
1230 4749 1340 4808 :cett-rig
1368 4744 1527 4808 πολ-κελοΰς,
1549 4749 1694 4816 cro-..zituar

368 4830 1004 4896 pretiosi,eitractoalabastro,eltrrditsupcr
1054 4831 1098 4896 τὴν
1123 4831 1278 4903 licitantem
1308 4835 1424 4903 κκτὲχεεν
1450 4832 1525 4888 aizos
1550 4841 1591 4900 τῆς
1620 4856 1695 4905 usse-

369 4926 452 4984 eaput
465 4921 534 4971 eius.
552 4920 575 4970 i.
594 4920 679 4971 Erant
694 4928 786 4973 autem
801 4920 913 4986 quidam
937 4922 1004 4972 indi·
1055 4922 1109 4987 λῆς.
1139 4925 1163 4977 t.
1191 4919 1254 4986 ἦνιν
1280 4924 1305 4976 ez·
1330 4942 1387 4983 τενες
1412 4923 1610 4992 lyncas-,oium
1641 4925 1702 4992 ,τρὶς
