3960 5654
813 362 905 408 urnc.
931 347 979 416 lt,
1003 344 1105 406 2830.
1566 349 1621 407 381

295 494 386 562 enim
411 503 572 587 putarant
589 514 669 560 eum
693 493 846 583 ipsorum
871 492 1075 563 infidelitate
1100 518 1204 586 qnam
1225 495 1445 584 praedicebat
1468 498 1552 564 adeo
1571 498 1638 563 ol·-

295 600 427 669 lensum
446 603 488 669 iri
514 606 552 667 ut
569 600 650 689 ipsis
669 600 764 666 nulla
778 625 854 692 spes
869 609 1059 689 superesset
1073 624 1151 668 cnm
1172 602 1260 667 eoin
1276 603 1422 686 gratiam
1441 604 1620 681 redeundi,

293 708 393 775 simul
409 707 575 799 praedicit
592 729 628 775 se
647 708 683 773 in
697 706 802 775 vitam
817 727 991 775 reversum
1011 729 1167 775 unacum
1186 707 1267 796 ipsis
1281 706 1433 773 futurum
1453 738 1468 768 »
1485 711 1620 799 (Peon).

293 815 476 883 Galilaeam
497 816 666 896 nominat,
695 817 808 904 utpote
831 814 979 904 patriam
999 814 1248 905 apostolorum,
1272 814 1306 879 in
1330 836 1398 903 qua
1420 815 1619 905 plerumque

293 943 370 987 cum
384 922 432 987 eis
446 927 596 988 versatus
613 925 679 999 est,
701 926 738 987 ut
752 944 793 988 ea
810 920 1067 986 annuntiatione
1087 919 1281 1006 intelligant
1302 925 1407 986 lesum
1425 921 1535 987 denuo
1554 945 1614 1010 per

291 1026 432 1116 aliquod
448 1033 583 1118 tempus
599 1027 649 1093 ibi
676 1035 902 1094 versaturum.
932 1031 1049 1117 Neque
1075 1027 1129 1092 his
1147 1029 1318 1092 contraria
1339 1035 1415 1093 sunt
1430 1051 1518 1116 quae
1538 1035 1614 1096 Luc.

292 1140 394 1216 otas
409 1140 442 1199 et
459 1139 549 1201 loan.
566 1139 668 1214 20,ae
681 1134 869 1214 habentur;
885 1154 997 1222 neque
1012 1133 1105 1200 enim
1119 1132 1203 1200 dicit
1214 1156 1249 1200 se
1263 1134 1377 1199 statim
1389 1134 1424 1199 in
1437 1135 1619 1204 Galilaeam

280 1239 420 1306 ‘iturum
435 1263 544 1331 neque
556 1240 604 1306 ibi
617 1239 735 1330 primo
754 1260 825 1306 sese
838 1236 1015 1329 discipulis
1027 1239 1337 1306 manifestaturum.

339 1351 454 1414 Petrus
467 1353 581 1414 autem
595 1373 611 1406 «
634 1352 750 1413 vertex
770 1343 1000 1435 apostolorum
1018 1367 1238 1435 praesumens
1264 1346 1306 1413 de
1327 1346 1458 1414 fervore
1474 1350 1621 1415 caritatis

294 1476 395 1544 quem
419 1459 499 1520 tunc
526 1451 693 1533 hahebat,
724 1454 865 1540 ignaros
884 1452 1045 1541 propriae
1060 1453 1268 1519 infirmitatis
1294 1481 1310 1513 υ
1331 1453 1434 1543 (Alb.)
1454 1455 1620 1522 eiusmodi

293 1561 513 1627 offensionem
527 1565 561 1625 et
577 1559 755 1646 ignaviam
776 1580 846 1624 ase
868 1580 1044 1649 nunquam
1063 1580 1160 1647 posse
1176 1559 1340 1626 committi
1351 1561 1507 1627 affirmat
1523 1585 1553 1627 v.
1576 1569 1618 1630 ‘29

293 1670 412 1734 Petrus
429 1679 543 1732 autem
562 1665 613 1732 oie
630 1665 685 1732 illi
701 1686 713 1731 :
730 1679 802 1732 etse
820 1686 935 1731 omnes
957 1663 1188 1732 scandalizati
1203 1666 1335 1754 suerint
1354 1667 1389 1732 in
1409 1680 1456 1750 te,
1477 1668 1537 1734 sed
1552 1692 1620 1736 noa

292 1795 353 1861 eqo
377 1768 403 1834 εἰ
419 1766 471 1834 καὶ
489 1773 517 1837 si
539 1772 640 1838 etiam
659 1793 838 1851 omnes...;
860 1767 915 1833 καὶ
935 1767 961 1853 εἰ
982 1770 1097 1858 (sensu
1118 1795 1305 1862 parumper
1327 1773 1467 1862 mutato)
1490 1797 1532 1840 ne
1549 1781 1618 1841 tum

292 1879 449 1968 quidem,
475 1879 504 1945 si
523 1900 657 1960 omnes,
681 1900 747 1965 ego
770 1877 1043 1957 scandalizabor;
1067 1877 1166 1946 affert
1186 1879 1242 1946 hic
1261 1902 1397 1969 quoque
1417 1881 1507 1946 Beda
1527 1882 1619 1970 quod

292 1988 328 2054 S.
345 1986 438 2053 Hier.
459 1985 591 2051 monuit
617 2007 625 2053 :
655 2012 672 2046 (ι
695 2006 767 2050 non
790 1990 840 2051 est
864 1985 1038 2052 temeritas
1057 2007 1120 2052 nec
1141 1985 1374 2065 mendacium,
1396 1988 1455 2053 sed
1475 1988 1557 2054 fides
1571 1995 1620 2055 est

292 2093 435 2182 apostoli
456 2093 543 2158 Petri
560 2097 594 2158 et
607 2091 730 2158 ardens
745 2086 885 2157 affectus
900 2113 985 2178 erga
1009 2091 1190 2159 Dominum
1215 2093 1423 2159 Salvatorem
1441 2122 1470 2160 ».
1499 2098 1618 2161 Verum

291 2200 335 2266 ab
351 2199 466 2290 aliqua
484 2199 676 2265 temeritate
695 2199 754 2264 vix
780 2184 906 2288 poterit
929 2198 1077 2278 absolvi,
1104 2199 1166 2265 etsi
1190 2222 1252 2289 pro
1275 2200 1478 2266 ferventiore
1506 2202 1618 2268 indole

291 2306 363 2373 sine
386 2307 512 2373 maiore
525 2305 795 2373 consideratione
816 2305 927 2372 solum
945 2304 1136 2372 secundum
1156 2306 1317 2372 affectum
1340 2328 1442 2395 quem
1461 2316 1540 2375 tunc
1557 2309 1619 2375 ha-

292 2413 395 2479 bebat
412 2414 543 2480 locutus
565 2412 619 2480 sit.
640 2417 725 2479 Nam
745 2417 778 2478 et
803 2417 902 2479 antea
925 2413 995 2478 iam
1015 2419 1174 2501 expertus
1193 2420 1266 2479 erat
1284 2435 1387 2502 quarn
1410 2413 1508 2480 facile
1530 2415 1617 2482 exci-

292 2518 388 2593 deret
402 2521 447 2586 ab
466 2519 574 2586 animi
592 2519 796 2586 fortitudine
819 2518 949 2606 (Matth.
973 2522 1085 2605 1t,30)
1110 2518 1264 2608 periculo
1277 2521 1437 2600 instante,
1457 2528 1490 2586 et
1506 2522 1561 2586 hic
1577 2544 1618 2589 ne

292 2626 443 2716 repetitis
472 2626 613 2715 quidem
644 2631 717 2692 lesu
750 2624 994 2691 assertionibus
1018 2647 1115 2691 suam
1132 2625 1297 2715 relinquit
1313 2629 1618 2716 praesumptionem

291 2738 393 2823 atque
410 2733 488 2800 solis
501 2733 569 2799 suis
591 2732 735 2799 conlidit
754 2731 902 2813 viribus;
921 2731 1143 2821 nequeenim
1167 2733 1197 2799 ei
1227 2734 1264 2799 in
1285 2741 1433 2800 mentem
1449 2736 1539 2799 venit
1561 2736 1618 2802 ssa-

292 2842 401 2928 gitare
415 2864 434 2907 a
450 2841 590 2908 Domino
604 2845 642 2907 ut
657 2861 757 2907 omne
769 2844 902 2906 avertat
920 2837 1128 2929 periculum.
1142 2843 1244 2922 Nam,
1261 2848 1297 2905 ut
1318 2841 1398 2907 Vici.
1417 2848 1523 2921 notat,
1541 2865 1617 2909 cum

173 2996 175 3000 ψ
292 2953 325 3014 et
357 2949 524 3038 propheta
545 2950 665 3035 fugam
693 2945 870 3036 praedicat
894 2950 927 3012 et
945 2946 1095 3012 Christus
1119 2947 1190 3013 eius
1213 2968 1403 3012 sermonem
1425 2950 1617 3026 confirmet,

292 3053 410 3121 debuit
425 3058 541 3120 Petrus
555 3060 671 3143 petere
686 3075 707 3119 a
722 3054 865 3120 Domino
884 3073 891 3120 :
912 3051 1038 3119 adiuva
1062 3074 1123 3118 nos
1144 3052 1192 3119 lta
1211 3063 1249 3119 ut
1269 3075 1336 3119 non
1355 3075 1566 3141 separemur3
1586 3063 1620 3122 at

290 3161 347 3228 ille
359 3161 494 3228 sibimet
514 3160 673 3241 conlidit,
692 3183 725 3227 v.
742 3166 784 3226 30
800 3170 833 3225 et
850 3159 902 3224 uit
912 3157 967 3225 illi
976 3160 1069 3225 Iesus
1083 3181 1094 3225 :
1108 3181 1227 3239 omen,
1245 3160 1501 3227 confirmatione
1517 3163 1621 3228 utitur

292 3270 374 3361 quia
389 3274 439 3336 est
461 3268 636 3334 defuturo
658 3272 691 3333 et
711 3266 912 3352 contingens
936 3263 1063 3353 (Alo.);
1084 3265 1228 3354 proinde
1252 3273 1289 3332 ut
1313 3267 1501 3353 intelligere
1519 3271 1620 3356 possit

293 3381 408 3443 Petrus
425 3375 603 3441 Dominum
621 3395 691 3440 non
709 3372 805 3462 loqui
824 3370 923 3462 quasi
947 3371 1124 3438 hominem
1143 3373 1388 3438 coniectantem
1412 3382 1445 3439 et
1465 3375 1620 3441 minitan-

293 3490 361 3549 tem
376 3482 418 3548 de
437 3481 476 3547 iis
496 3504 583 3570 quae
601 3481 743 3546 fortasse
762 3483 901 3568 possent
921 3478 1139 3564 conl-ingere,
1163 3500 1281 3545 verum
1304 3480 1441 3545 scientia
1460 3487 1550 3546 certa
1570 3505 1620 3548 re-

292 3611 369 3656 rum
401 3589 609 3665 futurarum,
634 3586 711 3653 dico
738 3585 815 3666 titi,
848 3584 930 3674 quia
955 3598 993 3650 tu
1012 3582 1113 3651 laodic
1137 3584 1173 3650 in
1193 3599 1289 3651 noete
1310 3586 1374 3652 loe
1399 3588 1495 3674 prius
1516 3611 1619 3676 qrtom

291 3695 405 3786 pallus
423 3716 536 3761 vocem
565 3694 614 3759 tis
637 3692 767 3760 dederit
795 3706 844 3758 ter
861 3714 916 3758 me
941 3713 974 3758 es
1001 3705 1210 3781 nequiuere,
1234 3699 1312 3757 nota
1335 3714 1437 3779 quam
1463 3702 1552 3760 carto
1570 3695 1620 3760 al-

293 3804 406 3869 srrmet
432 3809 465 3869 et
488 3823 555 3892 qua
578 3800 741 3891 loquatur
764 3798 969 3887 gradatione
986 3820 993 3866 :
1010 3797 1129 3876 hodie,
1152 3820 1230 3865 cum
1246 3798 1319 3865 dies
1337 3821 1355 3863 a
1377 3822 1514 3887 vespera
1530 3803 1619 3868 ince-

292 3911 396 4000 peril;
418 3909 476 3975 sed
496 3906 595 3975 hodie
619 3908 811 3975 accuratius
830 3905 1104 3973 determinatur:
1125 3905 1161 3970 in
1186 3917 1282 3970 noete
1305 3905 1386 3984 liae,
1409 3929 1496 3993 <puae
1517 3930 1621 3997 nsque

293 4017 336 4084 ad
352 4016 430 4083 solis
449 4021 562 4082 ortum
577 4013 786 4095 extenditur;
808 4013 948 4080 demum
973 4012 1077 4080 etiam
1103 4013 1213 4098 magis
1238 4011 1418 4079 distincte:
1441 4020 1518 4079 aute
1532 4013 1621 4080 dilu-

294 4125 424 4205 culum;
446 4121 496 4188 bis
515 4144 534 4188 a
553 4122 623 4189 solo
641 4125 748 4187 tlarco
773 4121 931 4202 refertur,
960 4125 1051 4186 certe
1078 4126 1176 4186 Petro
1203 4127 1382 4196 narrante,
1412 4121 1497 4185 sicut
1519 4121 1620 4188 etiam

294 4255 326 4299 v.
351 4238 392 4298 68
412 4230 570 4298 atrabis
584 4228 718 4316 gallum
732 4235 884 4294 cantasse
899 4232 1029 4294 narrat.
1052 4230 1162 4303 Quare
1181 4227 1283 4292 etiam
1298 4225 1418 4291 Christi
1434 4227 1534 4292 verba
1555 4251 1620 4295 non

295 4345 397 4406 erunt
415 4335 615 4428 explicanda
633 4335 675 4402 de
696 4335 796 4401 tertia
811 4333 917 4401 noctis
938 4333 1057 4421 vigilia
1080 4339 1158 4399 ante
1177 4355 1280 4422 quam
1303 4332 1435 4398 finitam
1453 4338 1565 4400 Petrus
1581 4337 1621 4401 sit

295 4452 496 4532 negaturus,
521 4452 558 4510 ut
580 4450 721 4534 propter
738 4448 837 4524 13,35
864 4441 968 4508 Weiss
982 4442 1055 4507 vult
1075 4440 1134 4529 (ci.
1157 4440 1322 4526 Sedena),
1344 4441 1427 4506 sicot
1453 4441 1519 4507 iam
1542 4443 1620 4509 mo.

296 4575 433 4642 quoque
452 4553 605 4641 exposuit
626 4572 633 4618 :
654 4572 721 4616 non
743 4549 939 4616 absolvetur
960 4549 1025 4614 hac
1057 4553 1156 4615 nocte
1178 4549 1406 4633 gallicinium,
1426 4550 1621 4638 priusquam

295 4667 346 4727 ter
361 4681 414 4726 me
429 4659 620 4745 negaveris.

345 4770 463 4833 Verum
487 4771 617 4847 Petrus,
641 4766 690 4831 uti
708 4765 862 4832 homines
881 4761 1073 4830 lervidioris
1092 4762 1222 4850 ingenii
1241 4762 1351 4830 solent
1374 4767 1538 4830 sententia
1555 4764 1622 4830 dis-
