3960 5654
242 481 302 540 438
772 490 863 544 111111.
889 475 937 546 lu,
960 475 1045 536 9-11.

240 632 271 691 S.
291 626 432 688 anselmi
452 631 665 690 cantuarensis
681 631 713 690 in
729 632 810 691 libro
831 629 870 688 de
890 626 1076 688 excellentia
1091 625 1121 683 b.
1145 627 1260 686 llariae
1279 644 1348 704 cap.
1367 626 1397 692 6,
1415 621 1576 684 Christum

239 743 312 786 suae
329 723 530 786 dulcissimae
543 730 636 788 matri
649 730 751 807 primo
767 747 801 789 ac
818 724 985 805 praecipue
1000 724 1184 802 apparuisse
1197 723 1249 801 (M.
1268 724 1413 796 iaaac&
1430 721 1483 800 qui
1495 719 1577 781 liber

239 839 333 899 saepe
348 822 478 901 allegari
492 826 573 886 solet
588 827 644 885 sub
657 828 786 886 nomine
797 823 899 901 ipsius
912 821 942 882 S.
957 820 1111 897 Anselmi)
1127 828 1158 881 et
1172 819 1327 900 [luparios
1340 838 1410 881 eam
1425 818 1577 898 proponit

238 920 395 996 simulque
412 924 552 982 ostendit
567 941 623 983 cur
639 924 729 983 beata
741 925 834 999 Virgo
850 920 933 981 inter
948 926 1044 981 testes
1061 919 1109 978 rel
1126 920 1253 980 nuntias
1269 935 1331 976 non
1350 921 1573 978 enumeretur:

240 1039 254 1068 α
274 1019 430 1094 numquid
458 1020 544 1079 illam
567 1021 714 1081 nuntiare
736 1018 884 1085 decebat,
907 1026 943 1079 ut
964 1018 1060 1078 verba
1085 1016 1154 1076 eius
1181 1025 1340 1090 tamquam
1366 1014 1577 1075 deliramenta

238 1114 423 1177 riderentur
438 1123 510 1176 ante
528 1119 711 1193 apostolos?
726 1119 751 1177 si
771 1117 855 1175 enim
872 1123 1092 1177 extranearum
1107 1115 1203 1174 verba
1217 1112 1406 1172 seminarum
1420 1113 1488 1170 risa
1503 1115 1577 1172 suot

239 1212 284 1270 eis
300 1218 462 1292 tamquam
478 1213 701 1284 deliramenta,
717 1213 880 1290 quomodo
896 1232 958 1274 non
976 1212 1077 1291 magis
1094 1216 1227 1271 matrem
1244 1227 1351 1269 amore
1367 1209 1423 1268 illii
1439 1208 1576 1269 delirare

238 1311 423 1372 crederent?
448 1311 613 1372 verissime
638 1330 713 1390 ergo
739 1312 832 1370 matri
859 1313 956 1372 Filius
986 1326 1155 1386 resurgens
1182 1309 1346 1386 apparuit,
1374 1312 1406 1368 et
1430 1307 1477 1367 illi
1501 1308 1576 1367 ante

237 1425 349 1468 omnes
367 1407 500 1467 sortasse
522 1410 671 1469 mortales
695 1435 708 1460 »
726 1408 777 1485 (do
793 1409 857 1469 div.
875 1410 927 1470 oli.
946 1410 967 1469 1.
987 1407 1040 1487 1.).
1060 1408 1095 1465 Et
1115 1405 1184 1465 Att.
1206 1426 1246 1465 :«
1263 1407 1356 1465 matri
1375 1406 1489 1466 Mariae
1511 1405 1576 1465 vir·

236 1507 304 1582 gini
321 1506 429 1565 beatae
445 1508 594 1583 apparuit
613 1507 759 1566 omnium
780 1508 897 1585 primo,
914 1524 978 1566 non
1000 1510 1035 1566 ut
1053 1505 1203 1582 probaret
1218 1505 1503 1575 resurrectionem,
1519 1501 1576 1563 sed

237 1608 273 1663 ut
288 1620 355 1662 eam
369 1603 438 1662 visu
452 1620 511 1662 auo
526 1603 712 1664 laetificaret
728 1628 754 1662 ».

277 1702 336 1760 Pro
350 1718 413 1778 qua
426 1702 582 1761 sententia
598 1701 791 1779 quandoque
805 1702 952 1762 laudatur
967 1717 1095 1778 quoque
1111 1700 1141 1760 S.
1161 1697 1361 1773 Ambrosius,
1379 1699 1454 1777 quia
1465 1698 1550 1759 dicat
1566 1717 1573 1758 :

238 1798 316 1857 ridit
331 1815 405 1876 ergo
424 1799 518 1857 llaria
537 1800 804 1859 resurrectionem
824 1800 950 1859 Domini
971 1807 1003 1859 et
1023 1799 1126 1876 prima
1141 1798 1220 1857 vidit
1234 1803 1267 1857 et
1280 1797 1434 1870 credidit3
1448 1796 1530 1858 vidit
1545 1800 1578 1857 et

238 1895 333 1955 Maria
349 1895 532 1972 Magdalene
541 1898 687 1972 quamvis
702 1897 804 1958 adhuc
817 1897 878 1956 ista
890 1901 1014 1957 nutaret
1026 1896 1077 1973 (de
1091 1897 1205 1973 virgin.
1219 1897 1249 1968 33
1263 1897 1303 1955 111.
1316 1895 1450 1975 163101
1462 1913 1577 1957 verum

237 1994 262 2050 si
278 1993 349 2068 quis
368 1993 481 2070 legerit
495 2010 578 2071 quae
595 2013 619 2054 s.
635 1995 747 2055 doctor
761 1996 874 2055 scribit
890 1994 1090 2073 distinguens
1105 1991 1183 2052 duas
1197 1995 1309 2053 Marias
1322 1994 1527 2072 magdalenas
1544 1995 1576 2054 in

236 2091 309 2149 Luc.
327 2090 384 2150 lib.
407 2090 445 2149 l0
460 2109 490 2149 n.
510 2093 567 2151 153
582 2109 649 2169 seq.
667 2093 838 2171 perspiciet
858 2110 930 2153 eum
948 2109 1151 2168 nequaquam
1167 2091 1206 2151 de
1227 2092 1321 2151 Maria
1333 2096 1434 2152 matre
1448 2093 1522 2152 lesu
1537 2109 1577 2153 eo

237 2187 304 2247 loco
320 2205 390 2248 esse
406 2187 561 2249 locutum.
575 2188 636 2250 Sed
647 2191 706 2250 etsi
723 2209 747 2249 s.
764 2191 922 2250 Ambrosii
939 2190 1161 2250 testimonium
1179 2190 1316 2250 invocari
1332 2193 1482 2268 nequeat,
1499 2183 1577 2250 haec

235 2287 392 2345 sententia
411 2292 518 2346 tamen
540 2288 584 2346 ita
599 2290 700 2348 erasit
715 2288 911 2359 communis,
930 2297 965 2348 ut
980 2288 1093 2348 Suarez
1109 2288 1193 2347 dicat
1211 2305 1218 2346 :
1234 2310 1249 2341 «
1267 2287 1387 2366 absque
1403 2287 1469 2348 ulla
1484 2288 1578 2348 dubi·-

238 2382 355 2444 tatione
384 2384 577 2445 credendum
605 2391 653 2446 cst
679 2386 840 2447 Christum
867 2392 940 2464 post
968 2386 1233 2447 resurrectionem
1261 2386 1403 2464 primum
1427 2387 1576 2447 omnium

238 2481 332 2541 matri
346 2499 423 2542 suae
437 2485 637 2561 apparuissc;
655 2503 737 2561 quae
753 2485 909 2544 sententia
924 2502 961 2544 ex
978 2484 1055 2561 ipsis
1071 2485 1216 2543 terminis
1230 2484 1309 2543 adeo
1325 2489 1374 2544 est
1388 2501 1446 2563 per
1460 2502 1495 2545 se
1510 2502 1578 2546 cre-

235 2578 359 2652 dibilis,
376 2587 412 2639 ut
432 2581 497 2640 iere
516 2583 584 2642 sine
600 2583 816 2643 controversia
833 2583 977 2642 omnium
996 2582 1141 2642 fidelium
1162 2586 1193 2641 et
1212 2581 1376 2643 doctorum
1396 2583 1515 2643 animis
1529 2583 1577 2642 in·

236 2677 364 2749 sederit,
381 2683 477 2755 atque
498 2680 542 2739 ita
561 2680 677 2741 docent
697 2699 807 2742 omnes
827 2682 997 2759 scriptores
1016 2679 1166 2740 catholici
1183 2681 1237 2756 qui
1253 2680 1334 2740 hanc
1354 2680 1576 2758 quaestionem

234 2775 408 2852 attigerunt
423 2803 437 2829 »
453 2777 496 2854 (in
513 2779 530 2836 3
547 2796 578 2855 p.
594 2797 648 2855 qu.
666 2782 702 2840 55
724 2780 844 2857 disput.
862 2781 900 2839 19
920 2783 995 2838 sect.
1015 2781 1030 2837 l
1048 2797 1080 2837 n.
1097 2777 1139 2855 Ξ).
1159 2778 1363 2857 Eandemque
1383 2780 1577 2854 sententiam

237 2871 322 2931 laris.
343 2875 547 2935 commendat
565 2876 674 2936 dicens
694 2878 848 2954 pietatem
869 2895 931 2936 non
948 2894 1062 2955 parum
1081 2877 1213 2936 suadere
1235 2881 1268 2936 ut
1283 2877 1449 2937 credamus
1467 2877 1576 2937 Domi-

237 2989 313 3029 num
339 2972 428 3049 prius
453 2975 639 3050 apparuisse
663 2976 757 3034 matri
783 2992 873 3045 suae,
900 2974 1053 3050 illamque
1078 2974 1209 3032 omnino
1236 2979 1343 3034 tenent
1367 2973 1467 3034 Mold.
1493 2973 1576 3057 Lop.

237 3066 326 3147 Syia.
346 3069 415 3146 (lib.
432 3074 448 3128 9
464 3088 533 3149 cap.
550 3074 562 3130 1
579 3089 632 3148 qu.
652 3073 683 3150 8)
701 3070 885 3132 Benedictus
900 3073 965 3131 xlv
980 3071 1031 3150 (de
1046 3072 1134 3130 iestis
1150 3070 1245 3148 8,45),
1265 3068 1327 3130 Fit.
1346 3069 1494 3131 Merchtcr
1506 3072 1577 3152 (Le-

238 3167 297 3227 ben
313 3168 403 3239 lesu)
418 3173 450 3227 11
463 3170 577 3228 merito
588 3170 737 3230 affirmari
753 3176 857 3249 potest
873 3169 959 3247 quod
974 3169 1006 3229 S.
1019 3168 1161 3248 anatius
1174 3169 1288 3245 hoyola
1298 3170 1408 3229 scribit
1421 3171 1452 3230 in
1468 3171 1578 3232 libello

237 3267 483 3338 exercitiorum,
506 3285 579 3327 cum
602 3269 763 3345 Scriptura
785 3269 869 3328 dicat
889 3267 1049 3328 Christum
1070 3267 1255 3345 apparuisse
1272 3268 1395 3341 multis,
1420 3269 1495 3330 licet
1514 3288 1578 3330 non

239 3364 431 3424 nominatim
453 3369 587 3424 matrem
608 3367 676 3426 eius
693 3367 869 3443 exprimat,
886 3366 917 3425 id
937 3365 1029 3424 nohis
1048 3370 1155 3423 tamen
1172 3365 1308 3441 relinqui
1330 3384 1386 3444 pro
1406 3372 1494 3428 certo
1510 3370 1577 3447 pri-

238 3480 325 3522 murn
342 3463 528 3540 apparuisse
544 3465 636 3522 matri
653 3481 741 3530 suae,
757 3470 922 3540 tamquam
940 3462 1138 3522 intellectum
1155 3462 1361 3537 habentibus,
1380 3481 1417 3524 ne
1432 3465 1576 3544 alioquin

239 3561 307 3619 iure
322 3560 489 3620 audiamus
506 3562 606 3620 illud:
624 3562 725 3621 adhuc
741 3566 772 3621 et
787 3579 841 3620 vos
857 3562 925 3620 sine
943 3561 1105 3620 intellectu
1121 3561 1212 3619 estis!

285 3726 389 3792 Maria
408 3727 606 3812 llagdalene
625 3729 736 3819 prima
754 3730 852 3796 affert
872 3730 1031 3795 nuntium
1053 3728 1211 3815 apostolis
1230 3734 1263 3793 et
1285 3728 1461 3820 discipulis
1479 3756 1511 3797 v.
1537 3740 1578 3800 10

238 3833 299 3899 1111
321 3831 449 3899 vadens
472 3836 711 3902 cantabritius
735 3838 891 3926 quicum
914 3835 1110 3922 coluerant
1131 3833 1324 3922 [repentibus
1341 3849 1375 3901 11
1393 3837 1581 3926 strandum·

237 3936 340 4008 ἐκείνη
361 3941 501 4028 ponitur
527 3964 604 4007 cum
630 3943 785 4032 emphasi
812 3943 931 4032 (aliqui
956 3948 1053 4007 testes
1070 3939 1203 4006 addunt
1233 3931 1387 4028 δέ),1111
1418 3945 1511 4011 vadit
1545 3954 1579 4014 et

238 4048 390 4127 nuntiat;
420 4047 518 4134 proin
548 4049 728 4136 respicitur
756 4048 800 4114 ad
825 4072 857 4115 v.
880 4054 917 4126 8;
940 4046 969 4109 ot
990 4038 1058 4134 μετ’
1079 4046 1168 4106 αὑτοῦ
1188 4046 1339 4134 γενόμενοι
1358 4057 1468 4139 potest
1494 4076 1578 4144 apo-

236 4153 340 4218 stolos
366 4152 564 4239 designare,
588 4154 664 4220 vide
681 4161 773 4235 3‚1t,
791 4155 848 4222 sed
873 4157 976 4221 etiam
1000 4175 1098 4218 sensu
1120 4151 1241 4219 latiore
1258 4155 1442 4247 discipulos
1467 4164 1527 4251 qui
1547 4163 1577 4228 ei

237 4258 427 4324 adhaerere
442 4281 590 4348 eumque
602 4263 697 4349 sequi
711 4261 879 4343 solebant,
898 4263 946 4327 uti
962 4266 1040 4342 5,18
1055 4259 1160 4324 dictio
1182 4269 1377 4350 usurpatur.
1396 4269 1462 4332 lloc
1476 4290 1578 4335 sensu

239 4363 359 4430 latiore
379 4365 434 4430 hic
459 4365 617 4432 adhiberi
644 4368 754 4434 clucet
769 4391 808 4433 ox
828 4391 859 4433 v.
889 4375 941 4433 ia.
969 4366 1112 4431 Comites
1141 4372 1253 4432 autem
1282 4373 1355 4435 lesu
1374 4371 1422 4437 ita
1446 4374 1579 4442 animos

240 4469 368 4535 habent
384 4473 474 4537 luctu
490 4471 532 4538 de
550 4482 659 4540 morte
675 4480 746 4540 lesu
761 4480 940 4562 occupatos
951 4473 1059 4561 iisque
1078 4494 1168 4560 quae
1184 4473 1270 4539 leria
1284 4482 1373 4542 sexta
1391 4488 1594 4548 evenerant

238 4576 334 4663 quasi
351 4579 555 4666 captivatos,
576 4587 614 4645 ut
634 4581 702 4645 alia
722 4583 828 4670 iisque
847 4580 1019 4645 contraria
1039 4588 1207 4666 nequeant
1227 4580 1409 4650 admittere
1426 4609 1457 4651 v.
1482 4596 1518 4653 11
1543 4599 1576 4654 11

238 4679 292 4744 illi
309 4681 485 4750 eradicares
507 4689 589 4774 qaia
609 4688 734 4753 1111111
758 4700 788 4753 11
808 4688 897 4753 111111
918 4698 1000 4752 esset
1020 4684 1062 4750 ab
1085 4707 1125 4750 ea
1150 4707 1217 4749 nort
1237 4687 1454 4758 crediderant
1474 4691 1578 4763 §trata

237 4793 408 4875 spectatus
425 4797 490 4867 est,
521 4815 581 4857 vox
610 4795 713 4859 habet
742 4793 875 4883 aliquid
901 4791 1138 4859 sollemnitatis
1164 4798 1197 4855 11
1221 4793 1468 4891 indicatquam
1484 4807 1578 4867 certo

238 4895 337 4959 llaria
353 4893 575 4963 affirmaverit
598 4922 633 4965 se
653 4901 746 4966 claro
768 4909 801 4968 et
818 4901 977 4967 distincto
997 4913 1179 4993 conspectu
1198 4911 1305 4971 lesum
1323 4909 1461 4989 vidisse;
1485 4908 1577 4974 nihi-
