3960 5654
486 490 516 550 in
531 493 597 576 εἴη),
615 503 643 556 et
655 492 837 578 praesertim
854 493 880 552 si
898 502 1077 575 repugnent
1094 496 1232 556 aliorum
1253 495 1461 556 testimonio?
1476 495 1577 566 Quare
1593 498 1621 558 ei
1638 481 1812 558 sentcntiae

487 593 612 655 Eusebii
628 613 667 655 ne
680 592 814 653 nimium
831 592 979 670 ponderis
996 595 1150 654 tribuatur
1165 592 1256 652 valde
1273 594 1450 654 cavendum
1467 599 1525 653 est.

525 694 619 752 Deest
632 692 685 751 illa
703 708 774 769 pars
795 692 826 750 in
841 691 1002 753 codicibus
1022 693 1084 753 ΝΒ.
1102 696 1216 753 Verum
1237 711 1275 752 ne
1293 710 1403 769 magna
1420 693 1530 753 borum
1546 693 1692 753 codicum
1707 700 1813 757 aueto-

458 872 459 876 *
486 790 562 850 rItas
577 790 723 866 cuiquam
737 790 920 868 scrupulum
938 791 1068 863 iniieiat‚
1087 791 1146 851 tria
1162 796 1234 850 sunt
1249 790 1488 852 consideranda.
1505 792 1608 851 Primo
1619 792 1702 868 quod
1719 811 1814 872 supra

486 889 550 948 iarn
565 887 690 957 monui,
706 890 831 949 Patrum
846 889 968 967 aliquot
984 892 1015 948 et
1031 890 1213 950 versionum
1235 890 1372 968 syriacae
1391 895 1422 949 et
1443 889 1534 951 italae
1550 890 1731 950 testimonia
1747 907 1814 951 esse

485 987 577 1065 longe
595 987 775 1065 antiquiora
795 1004 874 1065 quae
894 988 1031 1048 babeant
1048 988 1128 1048 bane
1148 992 1289 1065 partem;
1313 988 1452 1048 secundo
1473 988 1613 1048 codicem
1632 989 1812 1050 vaticanum

486 1071 672 1162 ltpraebere
687 1103 724 1147 eo
741 1085 810 1146 loeo
826 1087 962 1164 spatium
982 1103 1117 1147 vacuum
1133 1086 1203 1164 plus
1223 1103 1322 1163 quam
1339 1087 1433 1147 unius
1449 1088 1635 1159 columnae;
1651 1104 1686 1147 ex
1705 1105 1765 1166 qua
1779 1104 1813 1148 re

485 1198 597 1241 omnes
612 1183 708 1244 etiam
725 1185 745 1245 ii
764 1184 819 1262 qui
838 1189 958 1262 partem
980 1184 1066 1244 illam
1087 1185 1229 1264 spuriam
1246 1190 1376 1245 censent
1393 1185 1507 1245 merito
1527 1185 1720 1246 concludunt
1736 1185 1814 1246 scri-

486 1280 543 1341 bae
559 1281 628 1342 eius
641 1283 758 1344 codicis
774 1284 901 1343 omnino
917 1287 1030 1342 notum
1052 1283 1148 1344 tuisse
1165 1284 1317 1344 exsistere
1333 1289 1454 1362 partem
1472 1284 1556 1344 illam
1572 1290 1643 1363 post
1659 1284 1739 1355 16,8,
1758 1301 1814 1362 pro

485 1376 571 1459 qua*v
585 1381 722 1459 spatium
743 1398 873 1443 vacuum
893 1381 1033 1460 reliquit.
1052 1385 1090 1442 Et
1111 1382 1295 1443 addendum
1315 1388 1364 1443 est
1385 1383 1416 1443 id
1436 1384 1501 1442 lere
1523 1384 1616 1442 etiam
1638 1383 1741 1442 valere
1756 1399 1814 1460 pro

485 1478 592 1539 codiee
609 1478 755 1540 sinailico
776 1497 812 1554 r;
832 1497 921 1549 nam,
944 1481 988 1541 uti
1014 1479 1223 1541 Tisebendorl
1244 1498 1318 1541 eum
1345 1481 1509 1541 communi
1533 1482 1715 1542 criticorum
1737 1497 1813 1541 con·

409 1624 413 1628 .
484 1592 579 1637 sensu
595 1576 761 1650 iudiearit,
778 1577 862 1639 idem
880 1579 983 1638 scriba
998 1578 1052 1654 qui
1073 1579 1201 1656 scripsit
1220 1596 1337 1640 novum
1360 1584 1584 1639 testamentum
1602 1580 1633 1638 in
1648 1579 1671 1638 B
1688 1579 1815 1658 scripsit

485 1691 609 1755 quoque
623 1692 676 1737 sex
689 1675 763 1737 tolia
779 1677 809 1736 in
827 1694 846 1738 s·
863 1681 895 1736 et
909 1694 946 1737 ea
961 1676 1091 1754 quidem
1109 1677 1182 1736 lolia
1197 1695 1280 1754 quae
1299 1679 1394 1737 Mare.
1410 1680 1501 1748 1531
1513 1711 1551 1719 -
1568 1679 1641 1738 Luc.
1658 1678 1728 1751 l,b'6
1741 1693 1814 1737 con·

457 1855 459 1857 ι
484 1771 585 1833 tinent
604 1772 656 1855 (cl.
683 1772 824 1834 Westcott
840 1772 919 1834 Hort
940 1792 970 1852 p.
988 1776 1062 1847 213;
1078 1772 1170 1833 Zella
1190 1776 1211 1833 1.
1229 1794 1256 1835 c.
1279 1793 1309 1853 p.
1327 1777 1402 1850 9ll;
1422 1773 1573 1856 Grranp,
1593 1776 1815 1854 Prolegomene

485 1870 515 1930 in
531 1870 608 1932 edit.
624 1874 642 1932 8
659 1871 762 1933 Tisch.
779 1891 848 1951 pars
864 1874 961 1951 prior,
979 1891 1009 1952 p.
1026 1871 1113 1951 360);
1132 1879 1163 1934 et
1178 1874 1311 1952 insuper
1329 1875 1419 1953 signo
1437 1874 1546 1951 aliquo
1567 1875 1597 1933 in
1618 1874 1687 1952 ipso
1705 1873 1814 1934 codice
1913 1888 1917 1906 ¹

485 1970 597 2031 usalis
614 1970 771 2032 indicatur
783 1977 906 2050 partem
926 1972 1012 2031 illam
1028 1990 1097 2032 esse
1112 1973 1264 2032 omissam
1283 1973 1386 2033 scriba
1404 1973 1464 2033 sibi
1481 1973 1608 2033 conscio
1629 1973 1696 2033 eius
1713 1973 1813 2032 omis·

484 2068 581 2128 sionis
605 2069 652 2149 (el
675 2067 844 2146 strueres,
877 2071 1094 2131 Introduction
1126 2076 1186 2131 ete.
1216 2071 1370 2131 addenda
1401 2075 1431 2132 et
1462 2069 1645 2150 corrigenda
1674 2090 1703 2150 p.
1729 2071 1813 2136 xlll:

392 2230 394 2235 ,
487 2163 630 2248 Cornelp,
647 2169 765 2230 Introd.
782 2170 821 2230 lll
838 2189 867 2249 p.
882 2170 945 2249 93).
963 2171 1069 2230 Tertio
1085 2171 1165 2230 bene
1182 2171 1358 2229 notandum
1376 2176 1424 2230 est
1440 2170 1497 2230 bos
1515 2170 1595 2231 duos
1609 2169 1732 2230 codices
1744 2186 1815 2248 pro·

485 2263 631 2327 habiliter
653 2281 721 2328 esse
746 2285 783 2328 ex
809 2269 848 2327 iis
871 2268 1106 2347 quinquaginta
1134 2285 1213 2346 quos
1236 2286 1320 2328 anno
1344 2271 1399 2328 331
1430 2269 1654 2330 Constantinus
1678 2267 1813 2328 describi
1883 2348 1885 2352 ,

485 2363 577 2425 iussit
592 2383 666 2427 cura
681 2366 867 2427 demandata
882 2368 1021 2428 Eusebio
1034 2367 1110 2446 (vita
1127 2368 1289 2428 Constant.
1303 2369 1386 2438 136.
1397 2368 1459 2446 37).
1475 2369 1517 2427 lta
1531 2367 1655 2427 censuit
1668 2366 1814 2426 Tiscben·

484 2460 558 2523 dori
569 2469 600 2525 et
613 2464 752 2545 Gregory
767 2466 881 2527 latetur
896 2484 929 2526 se
944 2466 1024 2525 nibil
1041 2465 1156 2527 habere
1178 2465 1264 2543 quod
1285 2465 1360 2526 bute
1374 2465 1600 2526 Tisebendortii
1617 2464 1815 2525 coniecturae

485 2568 637 2641 opponat;
655 2586 670 2618 «
685 2564 837 2641 quamdiu
853 2568 1038 2644 argumenta
1055 2582 1136 2625 nova
1154 2582 1190 2624 ex
1207 2564 1470 2642 inscriptionibus
1488 2566 1579 2623 novis
1597 2563 1748 2641 novisque
1760 2579 1813 2623 eo-

485 2658 608 2723 dicibus
625 2680 689 2722 non
703 2665 882 2737 atterantur,
901 2663 1030 2724 inclinat
1045 2664 1174 2724 animus
1190 2668 1224 2724 ut
1244 2663 1380 2723 arbitrer
1394 2663 1521 2724 codices
1538 2663 1720 2722 sinaiticum
1736 2677 1814 2739 qua·

485 2760 584 2820 ternis
604 2761 761 2823 columnis
781 2767 812 2822 et
831 2762 1011 2823 vaticanum
1032 2763 1130 2823 ternis
1154 2763 1312 2822 columnis
1333 2780 1369 2822 ex
1392 2761 1454 2821 illis
1472 2761 1700 2840 quinquaginta
1719 2760 1815 2821 luisse
1871 2827 1872 2831 ,

485 2858 539 2939 qui
554 2860 687 2942 τιτρασσᾶ
707 2867 739 2922 ei
756 2860 850 2943 τρισσᾶ
867 2861 975 2940 scripti
993 2861 1056 2921 sint
1078 2886 1092 2915 u
1116 2858 1267 2942 (Greqory
1281 2862 1301 2920 l.
1320 2879 1347 2920 c.
1370 2879 1399 2939 p.
1422 2861 1503 2939 348).
1524 2863 1581 2930 En,
1599 2859 1625 2918 si
1648 2861 1700 2927 ita,
1718 2857 1815 2919 unius

485 2957 620 3020 habetur
634 2960 765 3021 Eusebii
785 2960 940 3039 opinatio,
958 2960 1013 3037 qui
1031 2977 1087 3021 cur
1104 2961 1209 3021 omitti
1228 2965 1350 3038 partem
1370 2959 1458 3019 illam
1475 2959 1619 3029 iusserit,
1638 2958 1669 3016 in
1687 2974 1815 3036 respon·

485 3055 574 3119 sione
588 3055 626 3118 ad
640 3059 792 3120 Marinum
808 3059 883 3119 satis
898 3059 1008 3137 aperit.

525 3157 556 3217 S.
573 3155 781 3236 Hieronymus
797 3158 828 3217 in
839 3158 972 3237 epistola
987 3156 1025 3217 ad
1042 3156 1209 3217 Hedibiam
1225 3157 1233 3234 l
1237 3175 1288 3236 ep.
1307 3154 1468 3227 1111311.
1487 3156 1610 3234 asaal)
1626 3155 1663 3215 ad
1680 3154 1813 3215 eandem

485 3257 705 3335 quaestionem
721 3275 801 3336 quae
814 3257 953 3317 Eusebio
966 3257 1069 3335 posita
1084 3262 1132 3317 est
1146 3274 1164 3315 a
1179 3256 1311 3324 lllarino,
1330 3255 1442 3314 eadem
1459 3253 1622 3332 respondit
1638 3271 1716 3331 quae
1731 3254 1812 3332 apud

488 3355 659 3418 Eusebium
675 3355 832 3435 leguntur,
850 3356 996 3434 quamvis
1013 3355 1185 3416 Eusebium
1207 3372 1270 3415 non
1287 3355 1456 3414 nominet:
1477 3378 1491 3405 «
1508 3353 1603 3414 buius
1619 3353 1814 3431 quaestionis

486 3452 602 3535 duplex
622 3454 739 3516 solutio
758 3460 820 3528 est;
841 3459 894 3515 aut
916 3455 1003 3515 enim
1028 3471 1091 3513 non
1112 3455 1284 3531 recipimus
1313 3452 1405 3512 Marci
1431 3452 1650 3511 testimonium
1673 3450 1756 3528 quod
1781 3450 1814 3510 in

485 3553 564 3614 raris
582 3553 680 3615 fertur
699 3554 881 3633 evangeliis,
899 3553 1048 3614 omnibus
1068 3553 1214 3614 Graeciae
1236 3550 1324 3613 libris
1346 3568 1425 3630 pene
1442 3549 1500 3611 boc
1514 3549 1687 3628 capitulum
1704 3550 1735 3609 in
1751 3549 1812 3609 dne

485 3670 549 3714 non
564 3653 765 3725 habentibus,
778 3653 961 3732 praesertim
977 3669 1050 3713 cum
1066 3651 1191 3713 diversa
1205 3657 1300 3728 atque
1316 3650 1469 3711 contraria
1484 3648 1685 3727 evangelistis
1700 3647 1814 3707 ceteris

486 3768 610 3813 narrare
631 3751 790 3825 videatur3
811 3757 866 3812 aut
888 3751 947 3812 boc
971 3751 1233 3830 respondendum
1257 3750 1341 3829 quod
1370 3755 1501 3825 uterque
1522 3764 1631 3807 rerum
1648 3747 1761 3806 dixerit

487 3850 529 3910 ita
548 3850 632 3911 enim
650 3850 908 3931 distinguendum
926 3853 973 3910 est
994 3868 1001 3908 :
1024 3869 1091 3908 cum
1113 3856 1214 3908 cirtem.
1239 3848 1435 3912 surrexisset,
1458 3852 1490 3907 et
1510 3862 1681 3924 parumper
1700 3845 1810 3922 spiritu

487 3953 645 4010 contracto
666 3950 878 4021 inserendum,
894 3949 996 4031 prima
1016 3948 1136 4008 sallon·
1156 3968 1244 4007 muru?
1264 3947 1415 4028 apperuit
1436 3945 1550 4004 Mariae
1567 3941 1766 4023 slluqdnlenue
1783 3968 1809 4002 1.

488 4047 563 4109 Eius
582 4049 687 4127 itaque
706 4048 764 4108 bae
783 4049 813 4107 in
836 4067 867 4109 re
887 4049 1109 4110 testimonium
1131 4066 1194 4107 non
1215 4064 1332 4107 norum
1355 4045 1482 4123 supplet
1503 4048 1739 4125 argumentum,
1757 4041 1811 4102 sed

487 4146 589 4208 solum
609 4147 724 4225 repetit
742 4145 825 4224 quod
847 4147 931 4225 apud
953 4148 1124 4208 Eusebium
1148 4146 1274 4226 legitur.
1299 4148 1376 4204 llum
1402 4150 1508 4202 autem
1534 4141 1662 4201 alteram
1687 4157 1813 4218 quoque

488 4247 673 4307 sententiam
691 4250 832 4306 secutum
849 4263 917 4305 esse
936 4263 971 4306 ex
988 4264 1025 4305 eo
1040 4251 1127 4324 patet
1141 4246 1216 4322 quia
1232 4261 1304 4305 cum
1322 4241 1487 4321 evangelia
1506 4256 1635 4319 graecae
1652 4239 1724 4299 fidei
1740 4238 1812 4299 red-

487 4343 577 4406 deret
597 4350 628 4406 et
646 4344 823 4407 auctoritati
845 4342 903 4423 (uti
924 4344 991 4423 ipse
1012 4345 1155 4423 loquitur
1176 4346 1206 4403 in
1227 4362 1277 4422 ep.
1301 4343 1340 4403 ad
1364 4341 1544 4409 Lucinium,
1566 4357 1616 4417 ep.
1637 4341 1706 4410 il,5
1725 4338 1812 4398 etde

521 4513 540 4556 l.
556 4506 617 4556 Eius
628 4505 771 4569 argumenti
784 4505 834 4554 rim
848 4509 875 4554 ut
885 4507 1000 4554 attenuet
1013 4504 1093 4555 Zaba
1107 4503 1243 4555 contendit
1255 4504 1368 4567 spatium
1383 4501 1445 4550 illud
1459 4516 1504 4564 pro
1516 4513 1539 4549 r.
1551 4504 1606 4549 1110
1619 4512 1668 4548 non
1682 4498 1812 4559 sulficere3

487 4602 557 4654 posse
575 4589 643 4638 enim
658 4587 692 4637 ibi
707 4587 894 4651 comparatione
910 4586 1027 4635 instituta
1047 4586 1113 4635 iuter
1134 4587 1213 4635 lineas
1229 4587 1247 4633 ll
1261 4590 1287 4635 ct
1300 4583 1419 4634 editionis
1436 4582 1616 4631 teulmeriauae
1631 4580 1712 4628 sulum
1734 4579 1813 4628 scribe

487 4670 567 4721 lineas
580 4675 619 4726 20,
642 4682 692 4717 non
708 4673 737 4718 23
758 4682 822 4732 quae
845 4667 1050 4731 requirerentur;
1075 4667 1146 4731 proin
1164 4665 1296 4730 probabile
1317 4669 1403 4713 censet
1419 4663 1526 4713 scribam
1542 4661 1647 4711 alteram
1672 4660 1812 4710 clausulam

487 4751 627 4803 breviorem
642 4748 675 4798 ob
685 4749 772 4798 oeulos
787 4747 910 4798 habuisse.
927 4751 1019 4797 Verum
1033 4749 1093 4796 liner
1108 4747 1184 4796 ninris
1197 4747 1282 4796 brevis
1293 4751 1330 4794 cst
1347 4760 1390 4809 pro
1402 4745 1444 4792 illu
1460 4742 1548 4806 spatio.
1564 4742 1651 4792 Scriba
1663 4742 1747 4803 itaque
1759 4740 1812 4791 lon·

486 4834 581 4899 giorem
596 4829 629 4879 ob
641 4829 730 4879 oculos
745 4830 862 4880 babuisse
875 4830 969 4880 censeri
981 4829 1064 4879 debet.

934 4921 1119 4970 liusnrsrrucn
1137 4933 1162 4969 rs
1181 4922 1263 4968 lliuc.
1285 4943 1314 4952 -
1331 4923 1369 4965 'tu-
