3960 5654
58 151 104 181 Ἢ.
204 136 207 143 ’
224 146 227 150 “
277 136 313 173 Ἀ»
381 140 392 154 ”“
431 144 557 170 2·:x·.·..··
571 141 657 175 ntawlv‘·
675 160 690 167 υ
776 140 797 162 ’·
841 130 940 190 'et-‘'it'fi
954 130 1059 173 ’ἦκ’-Ξ*
1074 110 1518 199 'cr'tn}-³·'-⁵'‘isffiiffiffi⁸li³dinq
1537 122 1540 128 ἡ
1635 114 1661 146 Ἀ.

5 175 26 210 i,
46 168 109 224 υἷε(
124 169 172 207 aaa·
199 174 204 202 ἱ
303 178 308 190 ·
547 183 566 211 a,
581 176 614 209 ⁴.:.
700 213 702 217 ,
732 174 735 180 ’
761 176 764 184 ‘
784 172 804 214 ·,’·
823 174 841 215 ”,
856 154 920 217 ·-’“,ῑ(““’
940 148 1147 218 θ’ῗ·”.ᾒξῗι·ῑ’·ζ’μ*
1164 139 1510 226 ·''¹''t⁴=‘“5,;.2.¹l0‘¹s'?.'·‡*ls'e{t,

82 222 86 233 Ι
132 216 138 224 ι
194 223 205 241 ,Ι
380 216 390 232 Ι
511 229 517 238 .
644 229 646 233 ,
726 234 729 238 Α
927 216 940 242 Ι,
1004 221 1007 225 ”
1116 227 1120 231 ι
1273 220 1277 225 '
1296 236 1298 238 v
1324 225 1328 231 ι
1352 222 1356 230 Ι
1416 219 1442 241 “Ιι,
1461 223 1464 227 ·
1492 234 1497 243 Ι
1526 234 1530 243 '

549 241 552 248 ’
745 252 746 256 ’
1119 255 1124 266 ,
1217 256 1221 262 -
1323 254 1328 261 ι
1455 249 1457 252 ·
1551 242 1571 262 ἰ’
1653 246 1660 261 ι

146 490 206 551 202
673 507 765 552 xxac.
789 495 819 564 7,
843 488 945 549 :to-37.

15 698 20 704 .
144 640 264 712 dubito
283 663 365 710 num
382 645 477 706 tanta
490 638 606 708 futura
619 642 736 710 luisset
747 640 864 732 populi
874 636 1054 709 admiratio
1067 645 1196 729 quanta
1213 641 1393 708 subsecuta
1408 646 1470 723 est,

143 751 171 818 si
190 750 341 818 Christus
355 744 466 811 solum
483 748 681 815 restituisset
699 747 835 816 sanitati
856 745 1029 815 hominem
1049 745 1165 837 quiex
1187 746 1303 837 aliquo
1320 752 1474 835 tempore
1574 758 1584 781 ³

144 858 225 925 vitio
243 854 379 923 aurium
395 857 428 919 et
444 852 585 942 linguae
604 854 760 923 laborare
777 853 950 943 coepisset.

187 963 237 1032 Uli
254 959 429 1027 hominem
446 984 549 1052 quem
560 984 681 1030 curare
692 962 829 1029 volebat
843 963 987 1029 semovit
1001 959 1150 1038 aturba‚
1168 960 1216 1026 ita
1231 983 1321 1028 nunc
1337 981 1473 1052 quoque

141 1066 344 1138 miraculum
362 1089 429 1134 non
451 1070 525 1136 vult
544 1068 656 1135 ellerri
676 1070 710 1137 in
727 1069 865 1155 vulgus,
882 1091 911 1134 v.
925 1075 968 1137 36
982 1082 1015 1136 et
1024 1066 1201 1158 praecepit
1216 1065 1302 1148 illis,
1323 1070 1397 1136 scil.
1415 1066 1475 1157 qui

142 1175 316 1243 hominem
331 1174 549 1243 adduxerunt
561 1181 594 1241 et
608 1197 673 1264 pro
688 1199 727 1243 eo
747 1175 919 1264 deprecati
938 1180 1036 1243 erant
1050 1197 1081 1240 v.
1103 1179 1156 1256 32,
1174 1196 1215 1240 ne
1236 1174 1294 1240 cui
1308 1174 1475 1257 dicerent;

142 1295 270 1373 qccanto
293 1296 410 1350 cutem
432 1284 478 1350 eis
500 1281 752 1373 praecipiebat,
776 1295 868 1348 tanto
891 1283 1001 1374 mcqis
1020 1281 1103 1371 plus
1121 1279 1372 1371 praedicabant
1390 1282 1414 1350 i.
1441 1304 1471 1363 e.

141 1387 293 1456 studium
309 1391 394 1457 illud
415 1413 483 1478 quo
500 1393 589 1456 lesus
609 1388 843 1480 praecipiebat
860 1389 910 1457 illi
931 1391 1034 1477 longe
1054 1389 1185 1456 maiore
1199 1389 1418 1455 contentione
1435 1411 1475 1456 ac

141 1496 254 1563 studio
277 1519 349 1564 rem
372 1494 557 1583 evulgandi
578 1496 796 1587 superabant.
824 1495 1093 1565 Admirationem
1113 1501 1147 1562 et
1165 1496 1319 1563 animum
1334 1501 1474 1583 gratum

142 1603 303 1672 cohibere
322 1627 392 1670 non
408 1607 580 1693 poterant;
600 1604 730 1671 faciunt
751 1603 824 1670 scil.
843 1603 936 1694 quod
958 1603 1116 1671 homines
1135 1603 1247 1671 lacere
1266 1602 1393 1679 solent,
1412 1604 1473 1693 qui

142 1711 390 1792 benefactores,
412 1710 492 1777 licet
505 1709 541 1776 hi
558 1715 729 1790 recusent,
751 1711 895 1778 laudant
910 1716 943 1778 et
956 1709 1154 1801 praedicant
1168 1709 1356 1801 (meopte).
1377 1711 1474 1778 Chri-

141 1824 211 1885 stus
235 1819 281 1885 ita
302 1818 445 1905 agebat,
473 1816 523 1883 uti
548 1818 741 1885 consultum
756 1825 830 1885 erat
852 1824 993 1908 propter
1011 1817 1275 1885 concitationem
1292 1817 1473 1885 turbarum

140 1926 328 2015 falsamque
339 1924 437 2013 regni
449 1925 607 1992 messiani
618 1927 918 2015 exspectationem,
935 1925 987 1991 vel
999 1925 1158 2015 (utsaepe
1174 1947 1246 1992 rem
1261 1923 1474 2015 concipiunt)

139 2034 191 2099 uti
211 2033 376 2099 modestia
383 2038 608 2121 nostrumque
621 2031 776 2098 omnium
790 2031 958 2099 institutio
974 2032 1208 2122 postulabant,
1222 2031 1274 2098 illi
1285 2037 1399 2099 autem
1414 2032 1475 2121 qui

138 2139 343 2207 beneficium
356 2143 578 2229 acceperant,
592 2160 670 2206 eum
684 2139 947 2230 praedicabant,
966 2139 1014 2206 uti
1028 2139 1182 2230 aequitas
1196 2139 1368 2229 postulare
1383 2138 1474 2206 vide-

139 2246 252 2317 batur.
277 2247 384 2313 Etiam
406 2247 463 2313 hic
483 2245 550 2313 dici
574 2251 685 2336 potest
698 2246 792 2336 quod
812 2247 925 2314 monui
945 2245 991 2314 ad
1009 2246 1122 2313 Mattb.
1145 2253 1239 2331 9,3l,
1260 2247 1400 2314 fortasse
1418 2268 1476 2313 eos

141 2360 274 2444 putasse
291 2354 463 2420 Christum
480 2354 665 2421 modestiae
684 2377 765 2421 suae
779 2376 896 2435 causa,
917 2376 1029 2444 neque
1044 2353 1129 2422 adeo
1146 2354 1249 2435 serio,
1266 2376 1309 2421 ne
1320 2353 1476 2421 dicerent

140 2461 297 2528 vetuisse.
317 2465 432 2551 Neque
455 2461 492 2527 id
508 2461 633 2528 mirum
650 2469 752 2545 esset,
771 2484 849 2529 cum
869 2470 939 2530 tam
954 2461 1054 2529 multi
1074 2468 1192 2551 postea
1207 2466 1277 2528 tam
1297 2461 1388 2529 docti
1408 2460 1474 2527 viri

140 2568 232 2635 idem
248 2569 530 2655 existimaverint,
546 2573 584 2635 ut
598 2568 705 2637 Mald.
726 2576 839 2636 notat.¹
851 2574 959 2647 Quare
972 2568 1127 2658 plerique
1140 2591 1195 2636 eos
1211 2569 1346 2659 aculpa
1360 2566 1473 2635 absol-

141 2683 238 2759 vunt;
263 2677 315 2743 vel
335 2677 363 2742 si
378 2698 447 2767 qua
462 2677 564 2766 culpa
586 2676 705 2757 fuerit,
728 2698 804 2744 eam
824 2676 965 2764 dignam
984 2676 1088 2745 luisse
1108 2675 1231 2745 dicunt
1253 2677 1371 2758 venia,
1396 2699 1472 2743 cum

139 2789 225 2851 esset
236 2790 413 2851 contracta
427 2784 454 2851 si
469 2785 583 2851 minus
601 2783 798 2863 obediente,
813 2789 920 2871 grato
934 2790 1051 2852 manen
1066 2789 1099 2851 et
1114 2788 1251 2851 amante
1262 2784 1388 2851 animo.
1408 2782 1475 2851 Sed

138 2912 200 2958 cur
217 2891 368 2958 Christus
380 2890 600 2981 prohibebat,
620 2892 648 2957 si
667 2891 797 2958 sciehat
810 2891 848 2958 id
863 2914 919 2959 eos
937 2914 1007 2958 non
1021 2913 1092 2959 esse
1103 2890 1271 2960 tacturos?
1282 2891 1475 2981 Respondet

138 2997 246 3065 Metal.
264 2998 331 3064 alia
347 2999 458 3087 posita
473 2998 671 3088 quaestione
687 3021 694 3067 :
715 3029 729 3059 u
744 3021 806 3065 cur
820 2998 918 3066 nobis
928 3004 1111 3088 praecepta
1122 2999 1228 3066 tradit
1238 3021 1327 3088 quae
1335 3021 1395 3065 nos
1405 3020 1474 3065 non

137 3104 374 3173 observaturos
399 3104 514 3172 novit?
535 3104 615 3172 lacit
631 3106 688 3172 ille
711 3106 804 3196 quod
819 3105 921 3174 debet
943 3106 1106 3197 quodque
1121 3107 1157 3173 in
1179 3129 1214 3173 se
1229 3112 1295 3190 est,
1318 3107 1476 3196 quamvis

29 3287 30 3290 Ἴ
139 3235 205 3280 nou
220 3213 355 3300 ignoret
369 3234 432 3279 nos
443 3212 540 3301 quod
550 3212 713 3279 debemus
728 3213 888 3302 quodque
904 3214 941 3279 in
954 3212 1051 3280 nohis
1060 3220 1111 3281 est
1121 3213 1261 3280 minime
1276 3213 1426 3281 facturos
1443 3241 1472 3278 n.

136 3325 182 3386 Ex
198 3319 258 3386 illo
278 3325 462 3409 praecepto
486 3340 565 3386 cum
589 3319 647 3386 tali
666 3321 880 3409 praevisione
903 3320 981 3387 dato
1003 3325 1117 3388 censet
1137 3322 1174 3388 S.
1194 3323 1285 3410 Auq.
1304 3321 1474 3388 Christum

136 3427 396 3516 voluissepigris
412 3426 607 3509 ostendere,
627 3432 756 3516 quanto
768 3426 951 3494 studiosius
961 3433 1157 3517 quantoque
1169 3428 1353 3495 ferventius
1363 3429 1476 3517 ipsum

137 3533 333 3624 praedicare
350 3533 517 3600 deberent
531 3533 656 3623 quibus
676 3539 714 3600 ut
727 3534 968 3624 praedicarent
984 3534 1178 3618 mandaret,
1194 3535 1333 3625 quando
1348 3535 1398 3601 illi
1416 3534 1475 3624 qui

139 3640 304 3730 prohibiti
323 3646 435 3707 essent
454 3648 566 3708 tacere
585 3663 654 3708 non
670 3643 857 3730 potuissent
874 3641 931 3732 (de
949 3663 1042 3711 cons.
1063 3663 1187 3729 evang.
1205 3649 1274 3725 t,t.
1298 3651 1334 3722 53
1351 3645 1400 3709 Μ.
1418 3648 1473 3722 3t,

141 3748 252 3836 1219).
264 3749 396 3815 'Verum
413 3746 552 3834 longius
567 3770 673 3836 quam
688 3770 752 3837 par
766 3754 816 3815 est
827 3746 933 3838 aliqui
945 3748 1217 3839 progrediuntur
1231 3748 1311 3816 inde
1328 3749 1475 3816 inleren-

137 3862 185 3922 les
198 3855 368 3921 Christum
384 3876 453 3920 non
468 3855 556 3922 serio
575 3855 791 3944 praecepisse
811 3854 919 3922 videri
937 3855 1080 3944 nequid
1098 3855 1268 3938 dicerent,
1286 3854 1345 3924 sed
1363 3857 1475 3947 potius

48 4051 52 4058 ι
137 3967 174 4029 ut
193 3962 303 4048 magis
317 3960 360 4028 ad
379 3960 563 4028 dicendum
579 3962 737 4028 incitaret
757 3961 816 4052 (cl.
833 3963 930 4051 Sylv.
956 3962 1016 4030 lib.
1036 3970 1146 4053 hcap.
1170 3970 1189 4031 3
1210 3985 1268 4052 qu.
1294 3962 1362 4052 11).
1385 3968 1425 4029 ΑΙ
1440 3963 1474 4029 id

141 4070 279 4136 omnino
294 4069 358 4136 dici
376 4074 485 4158 potest
496 4090 575 4135 cum
594 4069 704 4137 Salm.
722 4071 812 4136 Iane.
831 4092 886 4137 eos
900 4069 961 4136 illa
976 4069 1208 4159 prohibitione
1228 4092 1349 4138 revera
1366 4070 1476 4158 magis

142 4182 343 4265 provocatos
362 4198 449 4256 esse,
473 4180 510 4242 ut
527 4198 605 4243 eum
620 4176 874 4266 praedicerent3
893 4198 972 4244 nam
993 4204 1009 4238 α
1027 4199 1068 4244 eo
1083 4177 1317 4244 vehementius
1336 4178 1477 4267 aspicie·

141 4282 226 4349 bant
241 4283 515 4369 magnitudinem
526 4284 598 4350 eius
612 4284 671 4372 qui
687 4305 765 4350 eum
783 4283 866 4351 talia
877 4291 986 4374 posset
1000 4307 1039 4352 ac
1053 4290 1258 4374 praestaret,
1281 4309 1348 4352 nou
1367 4285 1477 4352 solum

142 4389 229 4457 nihil
245 4391 404 4476 exigebat
420 4390 582 4480 praemii,
604 4389 662 4458 sed
688 4413 731 4457 ne
752 4391 862 4478 gloria
882 4392 1023 4482 quidem
1045 4397 1115 4459 tam
1143 4393 1286 4479 insignis
1311 4393 1389 4459 facti
1410 4393 1477 4459 lrui

142 4496 318 4586 cupiebat;
340 4497 399 4563 sed
420 4504 457 4563 ut
481 4504 531 4564 est
556 4498 703 4564 hominis
724 4520 802 4565 vere
826 4498 970 4566 benefici
999 4522 1067 4565 uon
1092 4501 1227 4587 exigere
1250 4499 1388 4566 laudem
1414 4521 1476 4588 pro

144 4603 328 4687 beneficio,
346 4605 392 4669 ita
418 4606 510 4691 grati
531 4605 679 4672 hominis
701 4609 750 4672 est
774 4605 837 4672 hoc
862 4605 936 4694 ipso
957 4606 1144 4696 impensius
1164 4607 1291 4674 referre
1311 4607 1474 4693 gratiam,

144 4733 212 4799 quo
227 4710 288 4799 qui
308 4709 510 4778 beneficium
534 4712 629 4779 dedit
639 4711 771 4780 nullam
784 4718 954 4802 exspectat
979 4741 1010 4780 ».

191 4824 297 4906 Atque
312 4817 465 4906 prolecto
475 4819 517 4885 ad
535 4820 683 4888 hominis
696 4826 853 4888 naturam
869 4820 972 4909 plane
983 4820 1276 4889 accommodatum
1288 4826 1337 4886 est
1351 4843 1478 4908 magna

152 4924 242 4991 affici
261 4924 503 5009 admiratione,
526 4950 603 4994 cum
628 4929 656 4994 is
676 4929 781 4995 latere
796 4932 829 4994 et
846 4928 997 5015 ignorari
1019 4929 1134 5017 cupiat
1148 4929 1206 5017 qui
1227 4915 1477 5018 tam'stupenda
