3960 5654
902 339 993 385 nanc.
1015 324 1046 396 9,
1068 325 1132 385 3-5.
1624 326 1683 388 23³

352 475 471 546 fuisset
480 473 673 560 imaginum
687 495 780 542 usus.
794 474 1012 563 Respondent
1024 473 1079 540 vel
1089 496 1144 543 eos
1158 476 1293 563 agnitos
1305 498 1376 544 esse
1389 499 1430 543 ex
1444 474 1631 566 colloquio,
1647 476 1685 543 iu

353 607 422 674 quo
436 586 496 652 aut
510 578 671 648 Dominus
685 601 743 648 eos
759 578 1012 668 compellaverit
1026 581 1172 671 propriis
1185 581 1381 649 nominibus
1400 589 1459 648 aut
1472 583 1608 674 ipsimet
1625 603 1683 657 ex-

353 687 536 781 presserint
551 688 611 779 qni
630 686 758 755 fuerint
772 707 813 753 ea
831 685 904 753 scil.
920 685 957 752 in
981 683 1133 754 medium
1149 688 1361 778 proferentes
1382 710 1445 778 per
1457 710 1545 778 quae
1561 687 1683 755 Christi

351 800 497 865 mortem
511 794 576 885 ipsi
590 795 678 862 facto
694 789 749 857 vel
762 791 867 860 verbo
880 792 1159 883 prophetaverint
1174 794 1228 884 (cf.
1243 791 1354 863 Solm.
1372 800 1470 861 tract.
1488 802 1543 877 3t,
1560 794 1681 883 Iona).

348 905 503 995 'Fortasse
519 897 707 992 simplicius
722 902 772 965 est
785 905 818 966 et
830 899 873 966 ad
887 920 1046 966 normam
1060 921 1228 990 supernae
1243 901 1459 991 revetationis
1474 901 1584 988 magis
1601 922 1682 967 con-

349 1011 551 1076 sentaneum
563 1006 678 1075 dicere
689 1004 793 1073 simul
802 1027 881 1073 cum
894 1005 1108 1096 apparitione
1122 1027 1180 1074 eos
1194 1008 1296 1075 etiam
1311 1008 1446 1075 interna
1458 1006 1683 1075 illustratione

350 1112 507 1183 didicisse
526 1115 588 1205 qui
611 1116 722 1179 essent
744 1111 771 1180 ii
788 1111 850 1202 qui
867 1133 938 1179 sese
960 1111 1137 1180 obtutibus
1160 1136 1281 1180 eorum
1300 1113 1479 1181 inferrent.
1504 1115 1683 1204 inquirunt

350 1241 487 1311 quoque
507 1217 602 1311 quali
619 1239 765 1308 corpore
783 1223 907 1306 ltoyses
919 1219 1137 1308 apparuerit;
1159 1219 1201 1286 de
1217 1242 1286 1309 qua
1305 1242 1342 1287 re
1357 1220 1434 1287 vide
1448 1243 1481 1285 v.
1501 1241 1535 1306 g.
1553 1222 1683 1287 Suarez

349 1325 373 1394 l.
390 1350 421 1395 c.
439 1349 467 1395 s.
484 1333 518 1396 2.

393 1437 441 1500 Ex
457 1432 500 1499 iis
526 1453 615 1522 quae
639 1436 831 1499 cemuntnr
849 1435 967 1499 Petrus
987 1432 1199 1500 occasionem
1219 1433 1309 1523 capit
1328 1433 1481 1516 dicendi;
1496 1433 1555 1500 ¹ita
1573 1437 1684 1523 potest

347 1537 511 1629 explicari
520 1537 614 1629 quod
626 1535 753 1605 dicitur
762 1561 795 1605 v.
808 1537 1038 1628 trespondere
1044 1558 1061 1625 ;
1071 1539 1262 1630 eodemque
1274 1541 1377 1607 modo
1387 1538 1569 1607 adhibetur
1581 1538 1679 1606 hebr.

349 1659 423 1720 aar,
445 1644 536 1736 quod
558 1644 618 1712 alii
637 1644 688 1713 ita
710 1643 907 1734 concipiunt
928 1649 966 1711 ut
992 1645 1097 1713 verbo
1118 1645 1272 1712 tribuant
1298 1647 1469 1713 notionem
1496 1645 1684 1736 incipiendi

348 1751 446 1843 loqui
464 1752 520 1841 (cf.
537 1751 597 1819 tob
613 1757 683 1834 3,1.
701 1754 797 1819 Cant.
817 1757 910 1835 s,10.
932 1755 974 1818 ts.
995 1757 1096 1832 tt,10
1115 1755 1192 1839 etc.)
1211 1775 1243 1819 v.
1262 1759 1281 1820 t
1300 1764 1333 1818 et
1346 1752 1550 1842 respondens
1565 1756 1683 1820 Petrus

346 1858 399 1926 oft
411 1860 488 1926 Iesu
503 1879 516 1926 .·
532 1855 630 1925 rabbi
636 1911 648 1942 ,
665 1879 736 1948 qua
746 1877 828 1925 voce
843 1862 975 1946 retenta
989 1861 1106 1924 Petrus
1116 1880 1188 1926 rem
1198 1881 1339 1925 narrare
1352 1858 1490 1938 solebat,
1506 1860 1680 1947 magister,

347 1974 461 2042 lfatth.
488 1978 566 2056 1r,e
585 1973 741 2057 Domine,
759 1977 838 2040 Luc.
857 1978 936 2056 9,33
955 1968 1125 2056 ἐπιστάτα,
1144 1972 1269 2040 bonum
1285 1987 1335 2041 est
1348 1995 1408 2041 nos
1428 1973 1482 2040 bic
1496 1996 1562 2040 esse
1581 1986 1614 2040 et
1624 1975 1681 2063 so-

348 2079 481 2146 ciamus
499 2078 569 2145 trio
592 2076 834 2162 tabenaculo,
861 2077 924 2145 tici
944 2100 1054 2146 unum
1074 2091 1107 2146 et
1126 2080 1239 2170 Moysi
1256 2102 1364 2146 unum
1384 2093 1418 2147 et
1436 2079 1535 2146 Elioe
1558 2099 1683 2163 unum,·

338 2208 381 2256 v.
396 2193 416 2255 5
431 2184 605 2253 nonenim
619 2184 746 2252 sciebat
761 2184 848 2276 quid
856 2184 1002 2269 diceret;
1015 2198 1114 2253 erant
1125 2185 1216 2252 enim
1230 2187 1349 2253 timore
1362 2188 1531 2270 eate17·iti,·
1544 2188 1682 2277 appari-

347 2290 456 2360 tiones
469 2291 561 2360 enim
576 2291 715 2360 coelitus
726 2293 898 2359 immissae
912 2290 1086 2359 hominem
1101 2314 1198 2360 sacro
1213 2294 1364 2382 quodam
1378 2293 1498 2359 timore
1510 2301 1545 2359 et
1556 2314 1682 2381 pavore

347 2399 539 2469 reverentia
550 2398 654 2490 pleno
668 2397 876 2489 perfundere
889 2399 998 2466 solent
1012 2398 1068 2485 (cf.
1088 2403 1127 2465 ls.
1147 2405 1204 2481 e,5
1220 2398 1317 2467 hebr.
1333 2404 1386 2466 ΕΖ.
1406 2405 1473 2480 ᾙ.
1493 2403 1573 2466 Dan.
1589 2407 1679 2481 7,15.

346 2511 427 2574 Luc.
446 2511 537 2589 139.
554 2512 613 2587 3ος
631 2506 736 2595 2,10).
753 2508 823 2583 Quo
837 2510 953 2572 tamen
968 2505 1091 2572 timore
1106 2527 1233 2593 magna
1246 2505 1415 2595 quaedam
1430 2505 1471 2572 de
1488 2528 1523 2573 re
1539 2505 1608 2572 visa
1625 2505 1683 2573 de·

347 2611 482 2680 lectatio
501 2634 571 2681 non
590 2611 793 2691 excluditur,
815 2611 866 2678 uti
885 2610 942 2679 hic
959 2633 1097 2701 quoque
1116 2616 1226 2701 patet,
1249 2634 1328 2679 oum
1348 2617 1465 2679 Petrus
1483 2613 1573 2680 dicat
1594 2635 1602 2680 ε
1623 2612 1682 2679 bo-

347 2749 431 2795 num
447 2733 497 2795 est
510 2722 622 2811 καλόν,
638 2726 857 2819 praeclarum
874 2732 908 2795 et
921 2727 1111 2794 iucundum
1129 2732 1178 2794 est
1197 2749 1259 2794 nos
1273 2727 1330 2796 hic
1349 2750 1431 2795 esse.
1457 2731 1580 2795 Verum
1600 2749 1682 2818 prae

347 2834 456 2902 animi
469 2834 714 2925 stupefactione
729 2839 764 2900 et
775 2855 904 2924 pavore
917 2832 960 2900 de
981 2855 1018 2900 re
1035 2833 1121 2901 adeo
1135 2833 1271 2901 insolita
1285 2843 1318 2900 et
1333 2834 1517 2921 magnifica
1532 2835 1603 2924 ipse
1617 2833 1681 2901 sibi

346 2963 420 3008 non
438 2940 518 3009 satis
535 2941 689 3009 conscius
707 2939 773 3008 fuit
791 2939 876 3031 quid
895 2939 1033 3007 diceret.
1055 2944 1128 3008 Una
1147 2963 1185 3007 re
1202 2941 1337 3007 animus
1357 2940 1428 3007 eius
1446 2949 1631 3030 occupatur
1649 2945 1682 3007 et

347 3051 439 3115 totus
462 3047 627 3138 impletur
648 3047 720 3114 scil.
749 3046 823 3114 visu
849 3046 910 3114 illo
937 3045 1096 3131 sublimi,
1128 3070 1196 3137 quo
1225 3053 1261 3113 ut
1294 3054 1458 3137 perpetuo
1485 3048 1681 3137 perfruatur

347 3157 495 3243 exoptet.
517 3153 584 3222 Sed
606 3175 711 3244 quam
729 3153 920 3242 incongrue
942 3152 1106 3245 loquatur
1123 3176 1191 3220 uon
1211 3153 1378 3236 advertit;
1402 3154 1485 3244 quid
1504 3155 1596 3220 enim
1617 3153 1681 3220 vile

346 3258 606 3328 tabernaculum
627 3282 667 3327 ac
681 3258 806 3346 fragile
821 3259 923 3350 quale
939 3260 1012 3350 ipse
1027 3260 1160 3347 erigere
1175 3267 1287 3351 posset
1303 3260 1367 3326 sibi
1384 3259 1485 3327 veltet
1503 3266 1680 3351 tamquam

347 3365 584 3435 habitaculum
597 3389 661 3456 pro
674 3370 748 3434 lesu
762 3365 911 3454 glorioso
926 3371 961 3433 et
976 3389 1039 3457 pro
1055 3366 1196 3433 testibus
1211 3389 1232 3433 a
1248 3370 1314 3433 Deo
1327 3367 1455 3433 missis?
1471 3395 1486 3427 ι(
1502 3371 1584 3434 Cum
1600 3388 1681 3458 prae

345 3472 482 3540 fervore
494 3475 612 3540 Petrus
625 3479 739 3541 tacere
753 3493 822 3541 non
838 3478 967 3563 posset,
985 3472 1118 3540 locutus
1131 3477 1180 3540 est
1193 3471 1445 3540 inconsiderata
1457 3482 1490 3540 et
1503 3496 1569 3540 non
1584 3473 1682 3540 intet-

210 3612 212 3616 Δ
346 3577 436 3646 lecta
451 3601 491 3647 eo
510 3578 603 3669 quod
621 3601 707 3670 prae
726 3579 1002 3648 consternatione
1022 3579 1129 3646 animi
1147 3579 1324 3666 ignoraret
1342 3580 1426 3668 quid
1447 3579 1541 3646 aliud
1562 3579 1681 3647 metius

346 3682 444 3774 loqui
466 3685 644 3753 deberet»
668 3684 800 3775 (Iam).
824 3685 910 3764 Quid
928 3687 1021 3753 eninr
1040 3685 1084 3753 de
1103 3687 1218 3752 ttessia
1242 3685 1382 3775 eiusque
1402 3709 1507 3773 regno
1528 3687 1679 3754 futurum

347 3789 481 3876 fuisset,
505 3792 533 3859 si
555 3791 591 3859 in
609 3796 723 3859 monte
744 3791 966 3860 mansissent?
983 3797 1066 3860 Vere
1081 3792 1196 3882 itaque
1212 3793 1344 3859 locutus
1359 3798 1409 3859 est
1425 3793 1575 3859 nesciens
1597 3791 1680 3882 quid

345 3895 495 3981 diceret;
518 3919 600 3966 nam
621 3920 707 3989 opus
723 3898 930 3967 messianum
944 3898 990 3966 ad
1008 3898 1103 3990 quod
1121 3898 1220 3966 electi
1242 3905 1353 3966 essent
1370 3901 1509 3989 apostoli
1532 3922 1599 3966 non
1615 3906 1681 3965 ter·

304 4031 309 4044 ·
346 4001 473 4071 minari
491 4003 540 4071 ita
560 4010 599 4072 ut
614 4005 690 4072 aliis
712 4004 839 4072 relictis
855 4011 923 4073 tres
942 4004 1069 4073 visione
1085 4004 1145 4073 illa
1158 4006 1356 4072 fruerentur
1369 4005 1405 4072 in
1424 4013 1553 4088 monte,
1572 4006 1681 4095 potuit

346 4132 386 4177 ac
401 4109 520 4177 debuit
527 4110 738 4198 intelligere,
754 4140 770 4174 «
782 4133 846 4179 neo
860 4111 1056 4179 recordatus
1067 4118 1313 4202 estsesuosque
1325 4113 1534 4202 coapostolos
1545 4110 1681 4178 mortali

346 4215 462 4284 adhuc
477 4238 580 4284 carne
600 4217 840 4309 circumseptos
859 4218 1062 4286 immortalis
1084 4218 1174 4285 vitae
1191 4224 1316 4285 statum
1337 4217 1452 4284 subire
1472 4241 1540 4284 non
1564 4237 1677 4309 posse3

346 4322 473 4390 oblitus
488 4328 536 4390 est
551 4345 697 4411 regnum
714 4326 772 4392 Dei
785 4324 949 4392 sanctisa
968 4327 1110 4393 Domino
1127 4347 1195 4391 non
1214 4324 1340 4391 alicubi
1358 4330 1545 4402 terrarum,
1565 4325 1624 4391 sed
1643 4325 1680 4391 in

347 4429 453 4496 coelis
476 4451 546 4497 esse
564 4431 771 4520 promissum
789 4459 804 4490 r
823 4430 952 4520 (Bedo;
974 4430 1041 4500 late
1063 4431 1099 4499 id
1120 4436 1305 4522 pertractat
1327 4429 1422 4519 Sylr.
1447 4431 1505 4496 lib.
1525 4437 1543 4496 6
1567 4453 1641 4520 cap.
1659 4435 1679 4496 8

347 4556 405 4624 qu.
422 4536 492 4626 21).

386 4751 504 4813 Verum
519 4768 557 4813 ex
573 4751 657 4812 Petri
677 4751 837 4813 desiderio
856 4756 888 4814 et
908 4757 982 4813 voto
998 4753 1216 4833 colligendum
1239 4757 1288 4813 est
1308 4757 1446 4828 quantae
1462 4751 1524 4812 siut
1544 4751 1681 4817 deliciae
