3960 5654
310 540 350 599 'lc
563 522 614 600 ,οὲ
627 550 862 602 couscnirrrorn
885 550 1044 601 arincam
1065 551 1221 602 secessuri
1241 554 1376 601 rancori.

302 688 393 753 ‘arcte
408 710 478 754 esse
494 693 636 752 secutum
653 690 887 752 existimabant.
907 690 991 759 Quae
1012 692 1165 751 sententia
1178 693 1240 750 iam
1256 706 1274 747 a
1289 689 1320 748 S.
1338 690 1512 768 augustino
1527 694 1575 750 est
1591 692 1638 752 in·

306 795 397 851 vecta
417 792 536 869 quippe
559 786 615 863 qui
644 787 758 850 dixerit
782 792 921 849 Marcum
953 785 1159 866 pedisequum
1183 793 1214 847 et
1238 787 1446 849 breviatorem
1469 787 1634 860 Matthaei;

305 906 401 967 quare
423 902 488 959 non
510 883 629 944 mirum
652 893 701 948 est
718 888 799 947 hanc
818 886 1010 944 sententiam
1037 887 1190 963 placuisse
1211 884 1335 954 multis,
1358 886 1543 963 praesertim
1564 887 1638 961 quia

305 987 375 1066 ipsa
395 983 571 1059 argumenti
594 1002 709 1063 magna
732 980 942 1042 similitudine
970 982 1184 1044 commendari
1208 981 1361 1041 videatur.
1389 985 1487 1044 llodie
1512 1000 1638 1062 quoquc

306 1083 393 1144 vario
411 1080 508 1140 modo
525 1083 720 1162 proponitur.
745 1080 882 1137 Marcum
904 1078 1093 1157 plerumque
1113 1079 1292 1155 dependere
1309 1098 1326 1139 a
1347 1081 1503 1142 Matthaeo
1519 1087 1551 1142 et
1566 1098 1637 1160 pas-

305 1179 367 1241 sim
382 1178 496 1238 asserit
511 1177 686 1258 Hilgenfeld
702 1175 897 1255 (Einleitung
912 1196 943 1255 p.
960 1181 1047 1254 505);
1062 1175 1239 1253 dependere
1255 1195 1329 1238 eum
1345 1196 1363 1236 a
1379 1178 1535 1238 Matthaeo
1552 1179 1636 1258 pari·

304 1281 353 1337 ter
366 1276 525 1337 alllrmant
539 1277 773 1342 Klostermann,
791 1274 888 1345 Grau,
907 1277 992 1346 Meil;
1012 1276 1146 1332 Marcum
1169 1275 1309 1353 vestigiis
1326 1275 1472 1334 Matthaei
1491 1275 1637 1337 insistere

148 1370 151 1375 ’
216 1381 217 1384 ’
301 1372 484 1453 'plurimum
498 1376 594 1435 etiam
609 1371 720 1430 Patrizi
736 1372 899 1433 contendit
914 1373 966 1450 (de
982 1370 1157 1450 evallg.lp.
1177 1371 1207 1449 6)
1224 1378 1255 1433 et
1269 1390 1341 1433 cum
1357 1379 1444 1432 tanta
1459 1373 1502 1432 sit
1516 1373 1638 1434 ordinis

150 1512 154 1519 ›
206 1533 209 1540 ,
306 1474 551 1552 argumentique
564 1486 637 1529 cum
654 1469 970 1547 Matthaeocognatio
986 1470 1121 1527 Marcum
1134 1470 1201 1529 eius
1216 1472 1378 1549 evangelio
1396 1487 1568 1531 usumesse
1583 1472 1637 1530 alii

282 1586 434 1649 ⁸quoque
449 1586 506 1647 pro
521 1571 607 1627 certo
622 1566 737 1627 habent
752 1566 802 1645 (cl.
821 1566 962 1641 Schanz).

129 1712 132 1738 2
172 1674 178 1689 “
297 1687 300 1692 ·
346 1668 565 1729 hliiecontra
579 1666 716 1725 Marcum
732 1665 837 1743 primo
854 1664 926 1722 loco
941 1680 1009 1723 esse
1025 1664 1245 1725 collocandum
1260 1652 1369 1726 dicunt
1383 1668 1422 1726 ab
1438 1684 1540 1743 eoque
1556 1666 1638 1727 deri-

305 1765 373 1825 vari
388 1762 589 1842 evangelium
605 1762 751 1822 Matthaei
768 1765 800 1822 et
820 1763 922 1820 Lucae
938 1760 1069 1839 (Mitzig,
1085 1761 1231 1833 Credner,
1248 1763 1396 1823 Volkmar
1410 1764 1527 1840 aliique
1543 1764 1635 1825 multi

306 1880 386 1942 quos
402 1861 491 1932 vide,
509 1860 535 1919 si
554 1863 608 1920 tua
622 1860 754 1920 interest
769 1858 853 1936 apud
869 1858 1069 1930 Moltzmann,
1086 1858 1249 1919 Lebrbuch
1269 1859 1325 1920 der
1342 1861 1540 1938 Einleitung,
1558 1863 1635 1922 1885

251 1970 253 1974 ‘
305 1978 337 2038 p.
353 1963 413 2021 alt
428 1958 521 2037 seq.),
540 1958 622 2017 inter
634 1975 715 2036 quos
731 1961 838 2016 tamen
853 1956 970 2015 iterum
987 1956 1178 2033 disceptatur
1193 1964 1383 2033 sequaturne
1401 1961 1537 2019 Marcum
1552 1960 1638 2036 prior

306 2057 483 2118 Matthaeus
497 2073 537 2115 an
555 2057 662 2115 Lucas.
680 2055 797 2114 Verum
812 2070 888 2114 cum
906 2071 944 2113 ne
960 2054 1018 2113 hoc
1033 2055 1161 2131 quidem
1178 2056 1272 2115 modo
1287 2057 1429 2133 quaestio
1443 2057 1638 2117 sullicienter

303 2153 385 2216 solvi
398 2170 491 2232 posse
507 2153 662 2223 videatur,
680 2157 729 2211 sat
743 2152 836 2212 multi
857 2157 928 2210 ante
950 2159 1089 2212 nostrum
1114 2154 1206 2212 Marci
1227 2154 1425 2232 evangelium
1439 2154 1526 2214 aliud
1548 2155 1637 2232 prius

303 2252 511 2312 antecessisse
527 2250 638 2310 volunt
651 2249 736 2327 quod
752 2249 891 2326 priscum
913 2251 1050 2309 Marcum
1067 2250 1263 2329 (t'rmarhus)
1277 2252 1447 2328 appellant.
1467 2253 1575 2328 Neque
1589 2258 1635 2312 ta-

304 2366 379 2410 men
394 2350 450 2427 qui
466 2349 525 2409 hoc
539 2347 718 2409 subsidium
738 2347 883 2407 criticum
901 2347 1099 2414 invexerunt,
1117 2348 1154 2406 de
1172 2349 1272 2408 torma
1287 2356 1319 2409 et
1333 2355 1520 2426 argumento
1542 2350 1636 2410 huius

303 2447 457 2527 primitivi
479 2444 634 2524 evangelii
660 2445 743 2504 inter
768 2462 801 2504 se
821 2450 1046 2504 convenerunt.
1070 2445 1129 2503 atii
1152 2446 1237 2505 enim
1259 2446 1338 2506 illud
1359 2447 1509 2524 pauciora
1529 2453 1636 2508 nostro

248 2561 250 2566 ’
304 2544 492 2624 evangelie,
506 2544 596 2621 plura
618 2541 672 2602 alii
694 2540 890 2602 contendunt
911 2542 1197 2620 comprehendisse.
1223 2544 1325 2603 lmiuo
1347 2561 1409 2603 non
1429 2544 1562 2605 deerant
1581 2545 1635 2622 qui

303 2643 447 2723 priscum
471 2641 548 2702 illud
568 2639 768 2718 evangelium
793 2640 843 2699 bis
865 2656 935 2700 esse
959 2646 1160 2700 retractatum
1181 2646 1214 2699 et
1234 2642 1425 2719 perpolitum
1450 2648 1634 2709 statuerent,
1710 2684 1716 2695 .

303 2741 406 2803 donec
420 2739 548 2800 tandem
563 2739 597 2799 in
612 2739 748 2799 iormam
764 2756 826 2815 qua
842 2738 933 2797 nobis
950 2743 1068 2814 prostat
1083 2738 1243 2797 redactum
1260 2745 1353 2798 esset.

343 2839 404 2910 Oui
425 2837 610 2916 synopticos
631 2837 896 2914 interpretantur,
918 2837 1103 2913 praesertim
1125 2853 1161 2895 es
1182 2839 1442 2914 protestantibus,
1460 2839 1635 2916 plurimum

304 2937 410 3016 operis
425 2936 457 2995 in
473 2952 511 2997 eo
526 2934 691 3007 collocant,
706 2938 741 2994 ut
754 2934 926 3011 inquirant,
945 2933 1024 2992 sitne
1038 2935 1174 2992 narratio
1190 2935 1295 3011 aliqua
1309 2935 1356 2995 vel
1374 2936 1504 2996 allatum
1521 2937 1635 2998 Christi

304 3034 440 3096 relatum
456 3037 488 3094 et
501 3036 720 3093 conservatum
741 3031 838 3092 modo
860 3031 961 3109 magis
981 3032 1131 3109 genuino,
1148 3033 1287 3101 sincero,
1305 3034 1469 3110 primitivo
1488 3035 1535 3094 vel
1551 3034 1635 3112 apud

304 3131 498 3193 Matthaeum
513 3129 563 3190 vel
578 3128 664 3207 apud
682 3131 817 3190 Marcum
833 3134 866 3190 et
881 3129 1008 3188 ubinam
1025 3152 1039 3180 «ι
1062 3129 1129 3188 lons
1143 3131 1333 3205 apostolicus
1351 3155 1364 3183 »
1382 3149 1460 3208 pure
1479 3132 1555 3192 iluat
1568 3133 1634 3193 sine

304 3230 372 3292 ullo
391 3229 610 3290 additamento
633 3225 822 3286 adulterino.
844 3227 879 3286 ln
895 3244 957 3303 qua
978 3227 1179 3302 inquisitione
1196 3228 1300 3287 Weiss
1319 3247 1351 3289 se
1368 3230 1526 3289 invenisse
1545 3234 1636 3308 putat

305 3333 370 3390 tres
385 3327 511 3404 quintas
523 3330 628 3404 partes
644 3324 675 3383 in
692 3328 799 3383 nostro
818 3324 933 3392 Marco,
951 3323 1028 3383 duas
1044 3324 1169 3400 quintas
1183 3330 1287 3401 partes
1299 3326 1329 3384 in
1345 3327 1504 3387 Matthaeo
1517 3328 1635 3387 reterre

305 3426 440 3489 formam
455 3424 543 3483 illam
559 3421 767 3501 primitivam.
785 3420 846 3479 Alii
863 3421 972 3497 utique
987 3421 1077 3479 aliter
1092 3421 1240 3480 iudicant.
1258 3423 1335 3483 ltem
1355 3424 1514 3500 aliquibus
1529 3442 1636 3485 exem-

304 3524 367 3604 plis
381 3523 539 3584 declarare
555 3519 638 3581 haud
655 3519 766 3579 inutile
781 3520 850 3578 erit.
866 3519 1010 3578 Narratio
1026 3518 1063 3578 de
1077 3519 1200 3596 leproso
1213 3522 1294 3597 apud
1314 3521 1419 3581 Matth.
1436 3522 1573 3582 retertur
1586 3540 1636 3582 sc-

305 3622 445 3684 cundum
469 3621 589 3680 iontem
612 3618 751 3697 priscum
777 3620 807 3676 et
833 3616 935 3693 magis
963 3618 1141 3694 antiquum,
1169 3619 1215 3677 uti
1241 3620 1345 3679 Weiss
1369 3619 1500 3687 iudicat:
1524 3638 1635 3681 verum

305 3722 411 3799 Meyer
430 3722 538 3779 censet
555 3717 677 3777 sontem
696 3715 838 3793 priscum
862 3731 940 3792 pure
955 3714 1050 3774 liuere
1070 3714 1150 3792 apud
1168 3717 1315 3776 Marcum.
1334 3718 1454 3777 Pariter
1469 3717 1635 3778 historiam
1695 3759 1702 3765 -

170 3860 172 3867 .
216 3819 219 3824 ’
305 3817 470 3898 paralytici
493 3815 599 3875 Weiss
624 3811 835 3892 deprehendit
859 3812 1050 3890 primitivam
1073 3812 1156 3889 apud
1180 3813 1301 3886 Matth.,
1327 3816 1432 3892 Meyer
1454 3833 1529 3876 vero
1550 3816 1633 3894 apud

306 3917 454 3977 Marcum.
475 3912 746 3990 Disceptationem
765 3910 852 3969 illam
870 3911 973 3987 7‚l-l3
990 3910 1069 3987 apud
1087 3911 1224 3990 Marcum
1239 3912 1339 3971 lorrna
1356 3915 1471 3973 servari
1486 3915 1589 3991 prima
1604 3920 1635 3974 et

217 4081 220 4086 ,
305 4014 439 4091 antiqua
457 4011 594 4071 aidrmat
614 4008 736 4078 Weiss;
759 4007 790 4067 id
814 4007 1018 4067 vehementer
1038 4012 1127 4084 negat
1148 4008 1237 4068 lieim
1259 4011 1313 4086 qui
1335 4011 1424 4087 quasi
1448 4029 1504 4089 pro
1525 4012 1588 4071 aris
1604 4017 1636 4072 et

306 4111 384 4172 iocis
407 4109 565 4169 dimicans
590 4105 753 4167 contendit
775 4105 859 4182 apud
879 4106 1018 4164 Marcum
1040 4106 1136 4163 multa
1154 4106 1318 4174 conlundi,
1341 4108 1488 4168 collocari
1509 4111 1631 4187 inepte,

306 4208 380 4270 addi
399 4225 481 4285 quae
500 4207 538 4267 ad
564 4221 631 4265 rem
652 4221 715 4264 non
736 4203 924 4282 pertineant.
948 4204 1159 4263 Narrationem
1181 4203 1274 4264 lontis
1296 4206 1483 4282 antiquioris
1508 4207 1636 4267 lldelius

306 4307 425 4368 servari
440 4306 471 4365 in
486 4304 618 4365 historia
632 4301 913 4379 transfigurationis
928 4300 1012 4378 apud
1030 4301 1133 4360 Matth.
1152 4302 1254 4378 Meyer
1266 4308 1297 4361 et
1310 4303 1415 4362 Weiss
1429 4303 1585 4376 iudicant;
1604 4305 1635 4364 id

308 4408 424 4484 negant
436 4401 593 4463 Schenkel
609 4408 640 4461 et
655 4399 891 4469 Weizsaecller;
906 4398 1037 4457 sormam
1053 4400 1187 4475 priscam
1201 4400 1386 4459 narrationis
1402 4403 1493 4479 pueri
1509 4401 1636 4462 daemo-

307 4502 389 4564 niaci
409 4501 535 4571 antae
563 4498 675 4559 melius
702 4498 837 4577 exprimi
862 4496 945 4574 apud
974 4498 1108 4555 Marcum
1131 4496 1279 4573 opinatur
1304 4500 1418 4576 Meyer,
1444 4500 1529 4577 apud
1556 4503 1633 4561 Mat-

305 4601 437 4663 thaeum
460 4598 582 4668 Weiss;
611 4600 759 4657 econtra
783 4596 852 4666 102
878 4611 944 4671 seq.
968 4595 1082 4652 llnrcus
1107 4595 1239 4652 serravit
1258 4596 1388 4656 modum
1414 4598 1570 4675 priscum,
1588 4598 1633 4657 uti

308 4698 491 4762 existimant
510 4694 623 4764 Bleell,
646 4695 845 4762 Moltzmann,
866 4690 1036 4751 Schenkel.
1061 4691 1220 4764 l'olhmar,
1242 4694 1360 4765 Weiss;
1384 4695 1464 4754 dum
1480 4700 1527 4755 sat
1541 4696 1633 4755 multi

302 4815 393 4871 rem,
411 4795 456 4857 uti
472 4797 559 4873 gesta
574 4792 616 4852 sit
632 4793 756 4870 plenius
771 4790 855 4870 apud
871 4789 976 4849 Matth.
995 4791 1110 4848 narrari
1126 4791 1326 4866 arbitrantur,
1348 4798 1421 4863 etc,
1439 4798 1499 4853 etc.

348 4899 444 4959 Porro
460 4894 486 4953 si
503 4909 582 4954 unus
597 4891 636 4950 ab
651 4891 749 4950 altero
766 4891 796 4949 in
814 4889 909 4949 modo
929 4888 1074 4947 narrandi
1091 4888 1136 4947 rel
1155 4889 1339 4951 indictione
1359 4893 1495 4967 quadam
1511 4891 1633 4964 diflert,

192 5019 194 5023 ’
309 4994 475 5075 inquirunt
494 4989 570 5070 quid
590 4987 728 5049 insonte
750 4987 926 5066 apostolico
948 4988 1099 5064 scriptum
1122 4986 1218 5047 luerit
1236 4995 1268 5049 et
1289 5006 1386 5068 quare
1408 4990 1447 5050 ab
1464 5007 1529 5051 uno
1545 4990 1577 5050 id
1593 4990 1635 5049 sit
