3960 5654
183 459 243 518 aab
736 466 824 521 niae.
851 458 899 525 lt,
925 459 951 514 l.

182 610 273 698 quod
294 610 395 675 eliam
413 613 480 670 tam
496 605 597 673 claris
621 610 793 676 miraculis
817 629 885 672 non
909 605 1116 674 crediderint
1141 635 1155 665 u
1178 608 1255 693 (sim
1282 607 1392 690 Vr'ct.).
1418 607 1512 672 Chri-

182 723 271 782 stum
291 713 433 778 sahbato
458 713 639 782 Bethaniae
664 720 910 782 commoratum
936 735 1007 780 esse
1028 721 1060 780 et
1085 711 1163 779 inde
1186 712 1240 780 die
1262 712 1416 803 sequenti
1433 735 1513 800 pro-

183 824 307 888 tectum
336 818 533 886 sollemnem
561 844 660 887 suum
694 825 727 888 in
761 821 878 887 urbem
906 821 1092 906 ingressum
1119 819 1276 886 hahuisse
1303 821 1357 886 die
1380 818 1515 884 decimo

184 925 306 992 mensis
337 925 431 990 nisan
458 928 601 1016 quodie
626 930 709 1013 agni
730 926 903 1017 paschales
927 928 1024 1013 seligi
1044 926 1214 1004 solebant,
1241 927 1317 994 vide
1334 926 1378 993 ad
1397 926 1512 992 Matth.

183 1039 258 1113 21,1
278 1031 476 1117 (Comment.
496 1038 520 1099 ll
537 1057 570 1121 p.
592 1040 654 1100 198
667 1036 766 1123 seq).
787 1038 829 1097 Bc
842 1031 899 1097 illa
915 1035 949 1098 in
964 1034 1126 1100 Bethania
1137 1035 1407 1099 commoratione
1424 1033 1514 1099 solus

182 1144 298 1203 narrat
318 1142 350 1202 S.
382 1144 520 1205 loannes
550 1145 624 1219 iat
654 1163 744 1229 seq.;
773 1140 937 1226 synopliei
973 1140 1082 1205 solum
1112 1138 1243 1204 itineris
1270 1161 1289 1203 a
1319 1140 1448 1205 lerieho
1479 1139 1514 1202 in

182 1245 302 1310 urbem
324 1248 528 1312 mentionem
545 1245 675 1311 iaciunt
699 1254 774 1327 ti‚i
797 1257 827 1310 ct
852 1267 930 1309 cum
949 1247 1268 1335 appropinquarent
1289 1245 1514 1334 ierosolymae

181 1363 214 1416 et
232 1351 417 1417 Betham'oc
440 1352 488 1417 ud
511 1362 659 1416 montem
683 1354 848 1419 olivarum
875 1348 916 1422 εἰς
949 1329 1016 1438 lep.
1049 1347 1098 1413 καὶ
1128 1347 1168 1426 εἰς
1197 1347 1272 1418 Ball.
1293 1350 1363 1437 πρὸς
1388 1350 1423 1412 τὸ
1451 1351 1515 1437 ὄρος

181 1479 282 1544 quem
304 1465 430 1523 textum
452 1459 498 1523 ita
517 1457 649 1544 explica
672 1481 678 1524 :
704 1482 781 1524 cum
806 1459 1120 1548 appropinquarent
1144 1457 1325 1525 ierusalem
1348 1478 1462 1523 versus
1481 1464 1515 1522 el

180 1564 318 1652 quidem
334 1565 379 1631 ad
394 1564 589 1631 Bethaniam
609 1564 668 1651 qui
686 1565 778 1631 vicus
793 1565 899 1631 estad
921 1572 1069 1631 montem
1086 1565 1271 1642 olivarum3
1298 1564 1428 1629 itineris
1445 1570 1513 1628 ter-

180 1672 309 1737 minum
326 1673 437 1760 primo
452 1672 525 1735 loeo
541 1671 688 1758 positum
704 1674 829 1751 cernis,
846 1674 951 1737 altero
967 1672 1025 1758 qui
1042 1671 1173 1736 medius
1190 1679 1251 1737 est.
1273 1671 1433 1759 idemque
1444 1671 1514 1735 cla·

181 1779 250 1843 rius
273 1776 418 1843 hahetur
440 1778 474 1841 in
494 1798 533 1841 co
559 1781 651 1841 textu
674 1799 775 1866 quem
797 1778 928 1844 codices
950 1779 1064 1863 graeei
1083 1776 1238 1866 plerique
1252 1778 1421 1866 praebent
1443 1799 1449 1843 :
1472 1773 1514 1849 εἰς

181 1881 274 1969 Ἰερ.,
294 1883 336 1955 εἰς
357 1881 499 1969 Βηθφαγὴ
520 1878 573 1942 καὶ
590 1879 687 1960 B·it.;
709 1883 770 1971 qui
796 1883 960 1972 loquendi
982 1883 1102 1949 modus
1124 1883 1316 1949 illustratur
1343 1890 1376 1948 et
1399 1880 1514 1949 deela-

178 1999 272 2056 ratur
288 1994 363 2055 Luc.
388 1996 511 2069 tatu:
535 1989 760 2077 praecedebat
777 1990 962 2056 ascendens
982 1991 1237 2076 lerosolymam,
1260 1997 1292 2055 et
1315 1990 1508 2055 factumest

177 2118 255 2163 cnm
268 2096 577 2184 appropinquasset
591 2095 636 2161 ad
649 2096 847 2185 Bethphage
865 2104 898 2163 et
914 2097 1127 2162 Bethaniam.

217 2314 319 2363 t'erum
335 2312 484 2362 diliicultas
506 2315 532 2361 in
556 2326 589 2363 eo
611 2314 744 2376 estquod
769 2313 932 2376 Betbpbage
952 2316 1043 2376 priore
1059 2315 1120 2363 loco
1134 2316 1256 2376 ponitur.
1274 2313 1304 2362 Si
1320 2315 1393 2363 enim
1414 2312 1516 2362 talmu-

180 2404 249 2452 dicls
262 2402 331 2451 tides
342 2402 569 2462 estadhibenda‚
586 2398 696 2452 viculus
713 2405 763 2451 isle
779 2415 865 2465 prope
882 2403 979 2452 urbem
990 2405 1060 2453 situs
1070 2408 1144 2461 erat,
1157 2404 1196 2452 ita
1211 2408 1241 2451 ut
1256 2404 1431 2464 reputaretur
1445 2402 1516 2450 sieut

181 2494 241 2555 ipsa
255 2492 321 2541 urbs
336 2491 428 2554 quoad
446 2493 541 2541 omnia
557 2494 585 2540 et
601 2494 673 2540 intra
688 2494 766 2554 ipsos
782 2493 857 2541 urbis
878 2505 972 2541 muros
987 2505 1048 2541 esse
1062 2492 1215 2549 discretum
1233 2492 1428 2541 nominabatur
1444 2503 1516 2553 que·

179 2594 234 2644 quc
257 2581 334 2630 locus
358 2582 478 2629 extimus
506 2583 534 2628 in
552 2582 619 2630 urbe
640 2580 708 2644 (vice
731 2580 878 2642 ltplrrsoor,
902 2582 1026 2630 centuria
1049 2581 1177 2643 chorogr.
1204 2579 1344 2629 Matiliaeo
1363 2580 1516 2641 praemissa

179 2682 239 2733 cap.
255 2669 303 2727 37,
325 2670 452 2717 Witnsclte
469 2683 496 2732 p.
514 2669 580 2727 240;
602 2670 649 2718 Bd.
670 2669 694 2719 ll
712 2684 738 2732 p.
757 2668 828 2733 36⁴).
846 2669 990 2718 Sententia
1005 2671 1072 2719 salis
1086 2670 1252 2733 pervulgata
1265 2673 1308 2718 est
1326 2670 1417 2718 vicum
1432 2670 1515 2717 situm

180 2757 265 2808 luisse
280 2758 373 2808 media
386 2760 430 2805 via
445 2761 518 2808 inter
532 2759 698 2807 Bethaniam
714 2762 741 2809 et
755 2760 888 2809 verticem
905 2760 1006 2808 montis
1021 2759 1170 2818 olivarum,
1188 2759 1231 2808 vel
1247 2771 1281 2808 eo
1299 2759 1360 2808 loco
1375 2770 1431 2820 qno
1445 2771 1516 2807 crin·

180 2846 253 2896 libus
274 2849 303 2895 in
328 2848 424 2896 urbem
449 2861 466 2895 a
485 2848 623 2896 Bethania
640 2860 690 2910 per
704 2850 800 2910 iugum
816 2850 887 2897 inter
909 2851 1031 2897 montem
1048 2848 1183 2897 olivarum
1199 2853 1227 2896 et
1247 2850 1370 2897 montem
1391 2845 1515 2895 scandali

180 2936 286 2998 primus
302 2937 377 2984 urbis
399 2939 528 2997 aspectus
548 2935 664 2985 oltertur
685 2933 733 3001 (cl.
757 2937 861 2994 ibelim,
881 2936 1154 2986 Handuocrtcrbucb
1176 2937 1226 2986 des
1250 2936 1316 2985 bibl.
1343 2936 1516 2984 Altertbums

180 3024 190 3072 1
206 3038 235 3087 p.
256 3024 329 3087 183),
349 3025 485 3072 Bethania
497 3029 591 3073 antem
604 3026 763 3087 quindecim
779 3025 869 3074 stadia
881 3026 917 3073 ab
932 3025 999 3075 urbe
1014 3026 1141 3074 distabat.

216 3113 258 3162 Ad
274 3126 358 3176 quam
378 3111 569 3161 difficultatem
590 3114 790 3162 removendam
806 3115 881 3161 varia
897 3116 1037 3176 proposita
1052 3121 1125 3162 sunt.
1144 3113 1205 3163 Duo
1220 3114 1349 3176 proponit
1372 3114 1445 3159 Patr.
1462 3112 1516 3161 Be-

181 3203 304 3251 thaniam
321 3203 375 3250 hoc
400 3203 461 3250 loco
479 3203 650 3250 nominatam
669 3215 731 3250 esse
752 3203 836 3250 aliam
851 3203 886 3250 ab
902 3214 935 3251 eo
956 3204 1015 3251 vico
1031 3204 1058 3250 in
1073 3215 1128 3263 quo
1145 3201 1274 3252 Christus
1290 3205 1515 3263 pernoctaveral;

179 3303 242 3340 esse
259 3292 394 3339 incertum
410 3304 445 3338 an
463 3290 534 3339 idem
558 3292 702 3353 utriusque
719 3292 874 3340 Bethaniae
889 3293 925 3339 sit
947 3303 1063 3348 nomen,
1087 3303 1148 3339 cum
1173 3291 1304 3340 hebraica
1326 3290 1408 3339 huius
1428 3289 1517 3339 torma

180 3381 353 3441 incomperta
378 3381 421 3428 sit.
450 3379 519 3428 Dein
541 3379 654 3428 aliam«
677 3379 795 3428 tortasse
814 3379 1027 3442 probabiliorem
1042 3395 1052 3425 r
1068 3381 1242 3429 narrationes
1266 3378 1451 3441 componendi
1470 3390 1516 3427 ra-

181 3470 285 3518 tionem
307 3468 389 3517 altere
402 3468 546 3530 explicans
559 3467 594 3516 ad
612 3467 775 3530 Belhphage
789 3473 817 3518 ct
843 3468 1007 3517 Bethaniam
1024 3470 1040 3515 i.
1056 3482 1082 3518 e.
1098 3468 1132 3517 ad
1149 3467 1313 3530 Bethphage
1328 3468 1481 3517 Bethaniae
1497 3468 1513 3515 i.

181 3570 206 3606 e.
215 3558 244 3606 in
260 3558 414 3606 Bethaniac
425 3570 494 3619 agro
509 3558 639 3619 positam.
654 3557 722 3605 ilem
733 3569 881 3619 parumper
892 3557 948 3606 alio
962 3557 1045 3607 modo
1056 3557 1188 3620 expedire
1202 3560 1320 3606 conatus
1330 3561 1373 3606 est
1383 3555 1515 3618 lipbtsoot

181 3647 199 3695 l.
214 3659 255 3704 c.,
269 3648 382 3695 nomina
399 3647 467 3695 hace
480 3658 535 3694 nen
551 3645 701 3707 designare
717 3648 793 3708 ipsos
804 3648 894 3703 vicos,
912 3646 961 3695 sed
977 3648 1118 3708 regionem
1127 3660 1133 3706 ;
1149 3647 1186 3695 ita
1206 3646 1371 3709 Betbpbage
1389 3648 1516 3695 vocatam

181 3748 242 3784 esse
265 3734 388 3783 intimam
419 3739 526 3797 partem
551 3736 655 3783 montis
674 3734 813 3782 olivarum
837 3746 909 3797 quae
933 3735 1058 3797 proxime
1079 3735 1113 3783 ad
1136 3733 1233 3784 urhcm
1258 3739 1412 3796 procurrat.
1436 3733 1516 3783 Undc

182 3823 323 3875 Christum
339 3823 492 3885 protectum
507 3836 523 3871 a
539 3823 678 3872 Bethania
690 3825 851 3884 pervenisse
866 3840 876 3868 ι
893 3823 927 3871 ad
944 3823 1109 3886 Bethphage
1120 3829 1147 3872 et
1163 3824 1329 3872 Bethaniam
1347 3839 1356 3868 ι
1375 3825 1392 3871 i.
1407 3836 1432 3871 e.
1452 3838 1463 3869 s
1481 3821 1515 3871 ad

182 3913 273 3963 locum
290 3913 368 3960 illum
386 3913 431 3961 ubi
449 3925 480 3961 se
495 3916 592 3960 mutuo
607 3912 809 3973 contingebant
822 3916 926 3961 tractus
942 3914 987 3960 isti
1001 3914 1103 3962 montis
1119 3913 1162 3961 his
1177 3912 1336 3962 nominihus
1352 3912 1514 3973 insigniti».

182 4002 285 4052 t’erum
309 4003 335 4050 id
352 4015 449 4064 parum
468 4001 613 4062 probabile
626 4001 736 4050 videtur
750 4007 778 4049 el
794 4000 893 4050 modus
909 4001 1039 4063 loquendi
1052 4007 1126 4052 essct
1145 4004 1213 4051 satis
1227 4002 1314 4050 mirus
1329 4008 1356 4049 et
1375 4000 1515 4049 insolitus.

219 4092 273 4140 tilii
289 4098 404 4140 censent
420 4084 452 4146 εἰς
472 4086 539 4153 Bab?
558 4085 599 4136 καὶ
619 4085 668 4150 Bqt
682 4085 839 4151 significare
856 4089 948 4139 Iesum
963 4089 1048 4140 luisse
1063 4091 1092 4139 in
1106 4091 1152 4138 via
1167 4091 1240 4139 inter
1259 4093 1406 4151 utrumque
1423 4090 1514 4138 vicum

183 4181 225 4230 rel
240 4181 330 4230 lesum
347 4181 456 4229 venisse
472 4192 557 4241 prope
575 4178 737 4240 Belbphage
753 4185 780 4228 et
797 4179 962 4228 Bethaniam
983 4178 1026 4244 (el.
1043 4176 1162 4237 Selium,
1178 4180 1229 4226 rit.
1250 4179 1344 4234 Weiss,
1364 4178 1443 4241 liciti.
1457 4178 1514 4226 Alii

184 4270 280 4318 relicta
295 4269 444 4318 traditione
468 4268 678 4317 talmudicornm
703 4280 736 4315 ex
753 4267 818 4316 Luc.
846 4267 923 4323 19:29
941 4268 1108 4317 concludunt
1128 4268 1292 4329 Betbpbago
1315 4280 1377 4316 csse
1401 4269 1484 4315 silum
1501 4279 1518 4313 a

186 4359 323 4408 Bethania
338 4360 474 4407 orientem
491 4370 588 4406 versus
605 4354 648 4419 tel.
671 4357 761 4403 Winrr
775 4370 797 4404 s.
816 4370 842 4403 v.
855 4358 960 4405 toalea
973 4370 997 4406 s.
1012 4370 1037 4404 v.
1055 4359 1082 4405 in
1099 4357 1351 4417 ilirchenlexieont.
1377 4355 1435 4404 Hae
1450 4368 1516 4404 sen·

184 4449 270 4496 tentia
286 4449 381 4509 ntique
397 4446 529 4496 lacillime
542 4446 697 4508 explicatur
713 4445 795 4493 blare.
817 4445 873 4502 il,i
892 4452 920 4495 ct
936 4446 1003 4495 Luc.
1024 4445 1115 4502 tata
1132 4449 1254 4494 attamen
1270 4448 1355 4493 restat
1367 4442 1517 4493 difficultas

185 4549 233 4598 pro
251 4535 347 4584 llatth.
368 4536 439 4589 tia.
460 4535 529 4583 Tum
550 4537 624 4585 enim
639 4533 810 4583 censendum
824 4539 898 4583 esset
914 4534 1004 4584 lesum
1027 4536 1073 4597 qiu
1089 4547 1105 4583 a
1121 4534 1257 4583 Bethania
1272 4534 1360 4583 voluit
1375 4535 1402 4581 in
1421 4533 1516 4581 urbem

184 4624 299 4673 temlero
316 4626 333 4670 i.
351 4637 375 4671 e.
395 4625 567 4674 occidentem
578 4637 687 4679 versus,
703 4625 780 4685 prius
795 4636 812 4671 a
827 4623 964 4672 Bethania
976 4626 1057 4673 ivisse
1072 4625 1206 4672 orientem
1223 4636 1318 4671 versus
1334 4624 1360 4670 in
1375 4622 1517 4684 Betbpba-

186 4726 220 4775 ‹ge
235 4716 262 4759 et
277 4717 333 4760 tum
351 4713 462 4761 demum
477 4714 576 4762 itinere
591 4712 696 4761 rellexo
711 4724 808 4760 versus
821 4711 932 4771 urbein;
948 4715 1027 4775 proin
1043 4725 1105 4762 cum
1121 4711 1279 4762 tendentem
1291 4713 1317 4759 in
1334 4712 1430 4760 urbem
1441 4712 1518 4773 prius

185 4801 219 4849 ab
234 4800 301 4849 urbe
316 4803 478 4859 recessisse;
496 4804 580 4850 immo
595 4814 612 4849 a
626 4801 762 4850 Bethania
780 4811 923 4861 egressum
942 4801 1028 4864 tloan.
1048 4801 1104 4860 l‘2,l
1127 4796 1198 4866 seq.)
1214 4803 1370 4863 perrexisse
1386 4801 1413 4848 in
1431 4799 1516 4848 Beth-

185 4889 277 4951 phage
297 4896 325 4937 ct
344 4903 360 4938 a
379 4890 542 4953 bethphage
558 4892 658 4941 iteruin
676 4893 703 4938 in
721 4890 901 4948 Bellantem,
917 4892 957 4938 uli
971 4894 1093 4941 statuere
1106 4894 1215 4954 oportet
1230 4895 1341 4954 propter
1356 4889 1440 4938 blare.
1455 4888 1512 4951 ll‚l
