3960 5654
901 449 992 494 nanc,
1016 432 1045 499 2,
1070 429 1172 488 13-14.
1664 427 1701 488 75

370 581 438 644 tur.
456 584 504 648 lta
519 579 601 671 quid
615 579 748 647 intersit
760 582 850 649 inter
865 584 1035 648 Christum
1049 583 1082 643 et
1097 578 1198 646 duces
1212 579 1329 668 populi
1351 579 1425 667 ipsa
1443 598 1478 642 re
1497 577 1698 644 ostenditur.

415 689 460 754 lie
474 687 650 754 vocatione
664 689 822 754 Matthaei
836 687 912 754 vide
927 686 1040 755 Matth.
1059 691 1177 764 9,9-13
1194 691 1224 749 et
1245 689 1320 749 lure.
1339 690 1493 763 aar-32.
1514 682 1610 749 Solus
1625 688 1700 750 llat-

370 793 491 861 thaeus
503 797 615 882 ipsum
630 814 756 861 nornen
770 794 881 874 etlert,
899 795 984 860 sicut
996 793 1097 857 etiam
1114 793 1194 858 dum
1213 790 1383 878 apostolos
1398 797 1574 856 enumerat
1586 812 1620 855 se
1635 811 1699 877 pu·

369 899 544 967 blicanum
564 901 719 968 nominat
737 902 863 989 (10,3);
884 899 1007 988 reliqui
1026 921 1150 965 nomen
1174 897 1317 962 alterum
1339 896 1431 984 quod
1453 919 1529 961 cum
1558 897 1699 982 gessisse

368 1006 523 1095 plerique
537 1014 677 1073 censent
691 1012 875 1094 antequam
890 1012 997 1074 lesum
1012 1012 1224 1094 sequeretur,
1243 1004 1320 1069 Levi
1331 1004 1484 1068 afferunt.
1499 1006 1621 1068 Omnes
1632 1010 1700 1068 tres

368 1112 599 1179 narrationem
614 1113 783 1180 collocant
796 1120 869 1202 post
882 1111 1092 1179 sanationem
1111 1112 1300 1199 paralytici.
1321 1115 1441 1174 Verum
1459 1132 1498 1173 ex
1510 1110 1579 1173 solo
1594 1114 1700 1174 tturco

367 1223 461 1307 patet
475 1217 564 1285 clare
580 1219 743 1308 temporis
761 1218 976 1285 intervallum
992 1219 1126 1304 longius
1143 1217 1382 1291 intercessisse
1402 1239 1433 1279 v.
1452 1223 1489 1281 13
1504 1229 1536 1280 et
1550 1237 1699 1304 equestres

367 1335 417 1390 est
429 1345 545 1393 rursus
559 1325 607 1393 ad
618 1346 730 1406 mare,
748 1325 791 1392 ad
805 1349 898 1392 mare
914 1325 1031 1391 exiisse
1048 1324 1140 1390 solus
1153 1346 1213 1389 nos
1228 1323 1324 1388 docet
1337 1327 1478 1403 llarcus3
1496 1323 1575 1387 exiit
1589 1345 1627 1387 es
1641 1325 1700 1387 Ca-

367 1428 561 1518 pharnaum
578 1452 710 1511 rursus,
731 1431 781 1498 uti
797 1439 873 1515 t‚35
893 1432 1077 1519 (setona),
1097 1430 1213 1496 veluti
1236 1430 1389 1518 plerique
1412 1432 1561 1516 iungunt
1582 1451 1699 1494 rursus

367 1537 412 1603 ad
428 1559 539 1620 mare,
557 1540 603 1604 ita
618 1544 656 1604 ut
668 1541 762 1600 πάλιν
778 1539 943 1605 referatur
957 1538 999 1603 ad
1019 1544 1097 1616 uro
1118 1536 1234 1620 (Malu.
1256 1537 1364 1603 Cultu.
1385 1534 1469 1614 Keil,
1495 1536 1628 1621 Wer'ssl;
1647 1537 1695 1601 uti

367 1650 467 1711 antea
479 1645 689 1734 praeteriens
699 1666 793 1711 secus
803 1667 897 1711 mare
908 1645 1041 1710 vocavit
1051 1645 1235 1732 discipulos
1245 1643 1289 1707 ad
1301 1644 1509 1720 clientelam,
1527 1643 1572 1708 ita
1583 1665 1698 1708 rursus

367 1749 412 1816 ad
423 1751 535 1817 lacum
557 1751 730 1841 proiectus
744 1752 922 1817 inventum
940 1751 988 1816 ibi
1005 1752 1082 1815 Levi
1102 1751 1234 1816 vocavit
1251 1749 1404 1837 (Culm.).
1424 1753 1505 1814 Eum
1521 1770 1694 1834 egressum

366 1877 437 1923 esse
451 1879 489 1922 ex
507 1856 611 1940 urhe,
632 1864 671 1924 ut
683 1857 850 1924 miraculo
870 1862 1003 1946 patrato
1019 1856 1281 1923 admirationem
1303 1857 1482 1922 turbarum
1503 1856 1548 1945 (v.
1574 1858 1627 1943 12)
1647 1856 1697 1920 vi-

364 1969 464 2044 taret,
480 1968 609 2031 veteres
623 1965 790 2043 innuunt;
807 1986 885 2030 eum
901 1964 1018 2029 exiisse
1034 1966 1121 2030 clam
1136 1962 1244 2029 turbis
1261 1970 1360 2029 antea
1379 1962 1539 2041 dimissis,
1555 1968 1697 2051 apparet

366 2070 534 2160 quianon
555 2069 681 2136 dicitur
702 2091 710 2138 :
737 2077 771 2136 et
793 2070 912 2137 turbae
936 2071 1167 2160 sequebantur
1187 2071 1238 2136 vel
1256 2069 1507 2136 comitabantur
1524 2090 1612 2149 eum,
1637 2068 1695 2135 sed

366 2176 539 2267 omnisque
563 2176 661 2243 turbu
685 2175 902 2264 veniebatur!
921 2199 998 2242 eum
1018 2178 1041 2244 i.
1064 2199 1094 2243 e.
1112 2199 1190 2243 eum
1209 2177 1395 2266 quaerebat
1415 2183 1447 2243 et
1467 2198 1537 2242 sese
1557 2174 1693 2242 adeum

366 2283 573 2351 conferebat.
602 2287 669 2349 Cur
693 2283 737 2351 ad
759 2306 851 2349 mare
871 2285 1005 2364 exierit,
1027 2285 1195 2350 rationem
1221 2284 1320 2349 allert
1340 2282 1445 2348 Mald.
1469 2283 1559 2349 haud
1580 2283 1695 2348 incon-

364 2410 488 2476 gruam
502 2411 510 2458 ε
526 2394 564 2456 ut
576 2391 807 2477 negotiatores
817 2413 952 2480 quoque
967 2392 1027 2479 qui
1042 2398 1253 2457 mercaturae
1270 2411 1390 2456 causae
1406 2390 1496 2455 iuxta
1512 2411 1603 2455 mare
1620 2412 1695 2455 ver·

364 2495 529 2562 sabantur
538 2495 677 2564 doceret
691 2498 751 2586 qui
764 2518 824 2563 suo
838 2497 982 2586 quisque
993 2497 1086 2563 lucro
1101 2499 1220 2563 intenti
1231 2497 1275 2562 ad
1288 2496 1497 2562 audiendam
1508 2496 1696 2562 doctrinam

365 2623 434 2668 non
459 2603 629 2670 venissent
653 2608 754 2671 antea
780 2605 815 2669 in
846 2603 983 2681 urbem;
1013 2618 1045 2670 et
1068 2603 1210 2670 docebat
1235 2624 1308 2684 eos:
1327 2591 1482 2664 ἐδίδασκεν
1511 2604 1558 2668 uti
1583 2601 1694 2690 ἤρχετο

365 2708 503 2796 longius
521 2710 684 2800 temporis
703 2711 851 2798 spatium
872 2711 1021 2777 indicare
1042 2711 1190 2777 videtur.

408 2815 458 2882 lbi
473 2837 609 2906 quoque
628 2815 674 2883 ad
690 2838 783 2883 mare
801 2817 966 2883 telonium
986 2818 1087 2884 fuisse
1103 2824 1135 2883 et
1155 2825 1293 2906 propter
1307 2816 1548 2883 commercium
1566 2816 1693 2882 mariti-

365 2943 461 2988 mum
477 2921 657 3012 probabile
671 2923 709 2989 fit
722 2931 756 2990 et
767 2944 805 2989 eo
818 2945 954 3012 quoque
969 2925 1050 3014 quia
1067 2924 1120 2989 via
1136 2946 1173 2989 ex
1191 2923 1395 2990 Ptolemaide
1411 2928 1608 2989 Damascum
1625 2945 1696 2988 ver-

363 3050 420 3095 sus
438 3029 542 3096 etiam
557 3050 652 3095 marc
665 3028 854 3096 Tiberiadis
872 3029 1023 3116 legebat3
1043 3054 1073 3096 v.
1102 3038 1138 3097 lt
1159 3043 1191 3096 et
1211 3054 1285 3096 cum
1300 3032 1501 3119 proeteriret
1515 3029 1598 3095 vidit
1614 3030 1696 3095 Levi

365 3134 513 3227 Alpltaei
529 3133 579 3199 τὸν
593 3143 647 3200 τοῦ
666 3123 803 3225 Ἁλφαίου
817 3137 841 3202 i.
863 3159 893 3204 e.
918 3138 1011 3217 Levi,
1036 3137 1144 3203 filium
1173 3139 1328 3227 rtlphaei.
1351 3136 1518 3203 sedentem
1543 3136 1590 3202 ud
1610 3136 1657 3201 tel
1678 3176 1691 3185 -

365 3243 482 3327 nium;
502 3249 575 3310 erat
596 3245 712 3333 itaque
732 3244 887 3333 portitor,
909 3244 968 3332 qui
989 3243 1135 3330 vectigal
1158 3244 1209 3309 vel
1230 3245 1417 3334 portorium
1439 3246 1602 3309 mercium
1626 3245 1692 3310 exi-

365 3349 487 3435 gebat,
505 3349 596 3440 quod
617 3351 797 3417 hominum
813 3372 921 3437 genus
934 3350 1065 3417 ludaeis
1080 3351 1324 3417 abominationi
1343 3362 1416 3417 erat
1433 3353 1513 3440 quia
1528 3350 1693 3416 eiusmodi

366 3456 512 3544 vectigal
532 3458 692 3524 Romanis
706 3457 728 3525 i.
754 3478 784 3522 e.
807 3456 1008 3543 alienigenis
1030 3466 1101 3523 erat
1119 3458 1336 3546 pendendum
1360 3465 1392 3523 et
1413 3460 1493 3546 quia
1518 3459 1696 3547 portitores

364 3562 408 3629 ad
430 3562 626 3630 faciendum
647 3563 783 3629 lucrum
808 3563 920 3629 multis
949 3565 999 3629 uti
1026 3564 1181 3630 solebant
1200 3564 1448 3643 vexationibus,
1472 3564 1562 3630 unde
1587 3567 1692 3653 porti-

364 3674 453 3736 tores
463 3671 544 3759 quia
559 3670 719 3736 Romanis
733 3670 928 3737 serviebant
942 3670 984 3735 ad
1000 3671 1267 3760 opprimendum
1280 3679 1312 3737 el
1329 3671 1515 3737 vexandum
1532 3671 1693 3760 populum

366 3776 422 3842 liei
450 3781 626 3866 tamquam
651 3781 825 3865 apostatae
854 3776 1169 3843 considerabuntur.
1201 3778 1394 3844 Secundum
1423 3800 1519 3844 usum
1550 3780 1691 3844 latinum

364 3881 541 3972 publicani
557 3882 583 3949 ii
600 3882 763 3950 dicuntur
784 3883 842 3972 qui
863 3882 992 3949 ordinis
1010 3886 1174 3971 equestris
1194 3887 1347 3951 homines
1368 3885 1519 3973 portoria
1540 3893 1572 3951 et
1590 3885 1694 3950 recti-

365 3989 458 4075 galia
476 3990 579 4056 totius
593 3990 790 4080 provinciae
807 3989 1038 4056 redimebant*
1056 4001 1146 4056 certa
1169 3995 1332 4081 pecuniae
1348 4013 1498 4070 summa,
1517 3994 1694 4081 portitores

365 4094 410 4161 ab
424 4095 466 4161 iis
480 4095 747 4186 deputabantur,
765 4102 802 4170 ut
818 4098 853 4162 in
869 4098 1013 4182 singulis
1030 4098 1170 4163 urbibus
1185 4121 1225 4164 ea
1240 4101 1425 4185 exigerent.
1439 4101 1576 4188 Utrique
1592 4120 1694 4187 quam

366 4202 553 4268 maximum
585 4203 720 4269 lucrum
751 4203 861 4269 facere
890 4203 1101 4288 satagebant.
1132 4210 1237 4280 Quam
1266 4213 1382 4294 putens
1412 4209 1452 4271 sit
1485 4207 1540 4270 [tei
1567 4206 1693 4291 gratia,

366 4309 521 4398 exemplo
545 4308 811 4385 demonstratum
829 4323 861 4375 et
878 4310 929 4374 uit
950 4309 1004 4375 illi
1020 4333 1183 4401 :sequere
1200 4335 1270 4393 urr;
1294 4327 1326 4377 rt
1346 4335 1484 4400 sruqeus
1501 4325 1632 4378 seculus
1649 4326 1697 4379 est

366 4435 466 4497 eterra:
479 4437 557 4481 eum
568 4417 687 4483 invitat
698 4424 735 4483 ut
748 4418 864 4483 relicto
881 4419 1017 4503 nogotio
1036 4419 1100 4484 sibi
1117 4419 1300 4485 adhaereat
1319 4428 1353 4484 ut
1373 4419 1556 4508 discipulus
1573 4427 1605 4486 ct
1620 4421 1695 4486 Levi

366 4522 438 4588 sine
455 4523 523 4588 ulla
538 4543 634 4588 mora
649 4523 860 4612 obsequitur.

399 4717 420 4759 1,
434 4711 504 4766 Quae
517 4707 592 4759 atlert
604 4711 743 4758 Burouius
755 4710 787 4760 ad
802 4724 841 4760 an.
859 4714 885 4760 ³1
901 4726 927 4759 n.
946 4715 974 4760 72
987 4711 1063 4775 digna
1080 4719 1139 4761 sunt
1152 4728 1218 4776 quae
1237 4714 1351 4772 truantur
1367 4732 1372 4761 ε
1395 4733 1406 4758 a
1424 4715 1528 4776 quinam
1542 4715 1633 4763 tuerint
1647 4729 1693 4777 pu·

367 4788 468 4848 blicani,
481 4804 495 4840 e
509 4789 565 4839 loco
581 4788 649 4838 undo
661 4797 823 4854 sumpserunt
836 4793 958 4854 originum
972 4792 1150 4856 intcrprrtatio
1163 4795 1286 4843 struenda
1297 4800 1344 4842 cst.
1362 4793 1534 4843 iurisconsulti
1547 4798 1592 4858 qui
1610 4799 1694 4844 Roma·

367 4884 460 4921 norum
476 4870 541 4934 leges
554 4874 615 4920 sunt
632 4869 792 4933 interpretati
813 4871 871 4923 illos
884 4872 971 4922 dixere
985 4887 1040 4923 esso
1057 4873 1203 4937 publicanos
1217 4876 1260 4938 qui
1282 4875 1411 4937 scr-ligatio
1429 4874 1514 4923 asrsco
1531 4876 1678 4924 corutucunt
