3960 5654
1013 491 1104 537 xxxa.
1128 474 1158 545 1,
1180 475 1242 536 7-8.
1754 469 1797 536 33·

511 625 632 693 Christi
650 625 802 691 declarat
819 626 1064 694 sublimitatem
1082 646 1114 690 v.
1137 632 1157 690 7
1174 617 1399 714 praedicabat
1413 623 1531 691 'dicens
1547 645 1558 690 :
1573 621 1664 690 venit
1675 625 1788 710 sorabi
1806 602 1813 612 ⁰

466 745 603 820 niepost
613 753 666 798 me
676 730 735 819 qui
746 732 853 799 multo
860 734 989 799 maiore
1001 733 1150 818 potentia
1163 732 1301 821 polleat,
1314 728 1411 794 cuius
1422 730 1655 797 excellentiam
1665 727 1795 797 ludaeis

465 839 524 923 qui
540 861 574 905 se
590 835 840 905 venerabantur
854 844 888 904 et
900 835 1321 908 admirabanturmaxime
1335 832 1379 899 ad
1395 834 1532 901 oculum
1549 835 1794 925 exponitmodo

465 943 507 1009 ad
532 949 670 1032 captum
695 945 814 1034 populi
838 943 1111 1023 accommodato,
1139 941 1241 1008 simul
1266 961 1474 1029 praecavens
1496 961 1539 1006 ne
1560 943 1801 1010 aestimaretur·

464 1049 951 1140 secundumeomparationem
962 1052 1013 1115 sui
1024 1049 1068 1117 ad
1084 1045 1355 1115 Christumillud
1367 1046 1489 1112 dixisse
1500 1046 1580 1134 (eat.
1598 1049 1686 1136 aur.)
1702 1050 1796 1115 eta'us

464 1178 532 1221 non
550 1176 625 1220 sum
643 1155 765 1247 di‘pnas
785 1155 1011 1242 procumbens
1031 1155 1155 1221 solvere
1175 1152 1358 1241 corripiam
1379 1154 1688 1219 calceamentorum
1705 1155 1794 1238 eius,

465 1283 508 1326 ne
521 1260 661 1329 ultimus
674 1260 813 1352 quidem
826 1282 1000 1328 servorum
1017 1263 1089 1328 cius
1106 1281 1177 1326 esse
1192 1259 1318 1345 dignus
1334 1280 1409 1325 sum
1423 1258 1617 1348 (Tbeopb.)‚
1637 1282 1795 1328 nonaum
1897 1300 1902 1306 ·

464 1366 590 1453 dignus
604 1370 665 1458 qui
681 1369 711 1434 ei
730 1368 877 1434 serviam
893 1369 928 1434 in
945 1390 982 1434 re
997 1365 1183 1456 corporali,
1201 1367 1367 1432 exteriore
1382 1371 1416 1431 et
1431 1367 1576 1432 minima
1591 1372 1730 1456 propter
1743 1367 1796 1433 in-

464 1473 730 1564 comparabilem
750 1473 823 1540 eius
839 1473 1072 1540 excellentiam
1092 1493 1196 1562 super
1213 1492 1267 1536 me
1288 1471 1431 1559 (Dion.);
1451 1470 1505 1533 οὐκ
1526 1467 1590 1560 εἰμὶ
1612 1469 1711 1546 ἱκανός
1727 1495 1796 1541 non

463 1602 538 1647 sum
563 1581 720 1661 idoneuS,
738 1586 854 1669 aptus,
878 1578 1065 1660 sufficiens,
1086 1602 1155 1668 qua
1171 1601 1252 1645 voce
1267 1578 1370 1644 etiam
1387 1578 1497 1645 maior
1512 1580 1620 1646 animi
1639 1579 1796 1647 demissio

463 1678 686 1764 significatur,
711 1699 816 1766 quam
835 1677 871 1742 in
893 1677 1044 1743 versione
1061 1676 1186 1765 dapnes
1201 1682 1356 1764 apparet.
1379 1676 1565 1743 Matthaeus
1586 1699 1648 1767 pro
1666 1678 1798 1744 ludaeis

463 1784 614 1850 scribens
628 1785 701 1873 ipsa
715 1784 863 1850 dictione
878 1785 894 1844 ὀ
914 1780 1071 1870 ἐρχόμενος
1086 1783 1200 1848 innuit
1215 1782 1382 1864 Messium,
1401 1787 1531 1850 llarcus
1547 1806 1644 1851 suam
1655 1783 1796 1852 dicendi

463 1892 630 1956 rationem
645 1889 831 1978 gentilibus
844 1889 955 1978 potius
967 1888 1241 1956 accommodasse
1257 1886 1392 1954 videtur
1410 1885 1534 1975 ἔρχεται
1554 1893 1661 1968 venit,
1678 1892 1795 1958 iamin

461 2018 502 2062 eo
514 2004 564 2063 est
576 2004 613 2062 ut
625 1997 777 2086 proxime
787 1996 912 2062 veniat.
929 1995 980 2062 Uti
994 2001 1135 2074 Marcus,
1148 1994 1197 2062 ita
1205 1999 1310 2061 Lucas
1319 2017 1456 2084 quoque
1467 1998 1622 2063 animum
1632 1998 1796 2087 baptistae

463 2103 695 2169 humillimum
714 2102 891 2180 describit;
913 2101 1053 2168 additur
1074 2100 1168 2190 apud
1191 2105 1338 2168 llarcum
1355 2102 1586 2191 procumbens
1607 2104 1796 2192 quostiam

463 2209 572 2296 magis
588 2209 724 2275 habitus
739 2209 794 2275 ille
809 2210 916 2288 animi
930 2210 1075 2275 maxime
1091 2207 1230 2274 demissi
1243 2206 1460 2297 depingitur;
1483 2210 1574 2298 apud
1595 2211 1795 2277 hetthaeum

463 2316 588 2402 legitur
606 2317 834 2382 calceamenta
861 2322 1010 2404 portare.
1039 2319 1157 2381 Censet
1192 2316 1274 2380 Viet.
1294 2321 1367 2381 ant.
1394 2315 1463 2380 alia
1482 2322 1515 2381 et
1534 2315 1603 2383 alia
1621 2317 1796 2384 occasione

462 2428 649 2510 utrumque
668 2445 688 2488 a
707 2421 855 2510 baptista
874 2444 944 2488 esse
963 2421 1092 2487 dictum
1114 2421 1170 2509 (cl.
1197 2426 1289 2488 loen.
1309 2426 1399 2502 tat.
1422 2426 1495 2490 Act.
1522 2426 1652 2509 1335).
1679 2445 1795 2490 verum

461 2530 565 2595 etiam
585 2528 653 2594 dici
669 2534 777 2618 potest
795 2550 872 2594 cum
893 2532 927 2595 S.
949 2529 1138 2614 Augustino
1167 2550 1176 2594 ς
1196 2555 1213 2588 a
1236 2527 1330 2593 nullo
1350 2526 1451 2594 modo
1471 2528 1552 2595 hinc
1570 2529 1796 2597 laborandum

463 2656 533 2702 esse
548 2634 678 2702 iudicat
692 2636 751 2724 qui
765 2634 952 2724 prudenter
964 2634 1125 2721 intelligit
1138 2635 1228 2724 ipsas
1243 2635 1425 2700 sententias
1438 2656 1508 2700 esse
1521 2637 1728 2703 necessarias
1738 2658 1797 2703 oo-

463 2741 676 2828 gnoscendae
695 2742 847 2824 veritati,
871 2741 1081 2830 quibuslibet
1099 2740 1216 2807 verbis
1238 2740 1366 2806 luerint
1382 2741 1569 2830 explicatae
1591 2771 1607 2801 »
1624 2742 1793 2832 (decons.

461 2870 586 2935 evang.
601 2855 693 2931 22¹⁰·
709 2852 779 2934 et).
795 2849 1029 2915 Calceamenta
1045 2848 1177 2937 explica
1191 2846 1346 2914 sandalia
1361 2868 1449 2935 quae
1470 2848 1550 2913 loris
1569 2870 1629 2914 scu
1643 2849 1798 2935 corrigiis

461 2954 697 3041 alligabantur
709 2954 871 3043 pedibus;
889 2953 1042 3020 sandalia
1058 2953 1204 3043 pedibus
1218 2952 1363 3039 alligare
1376 2954 1430 3018 vel
1445 2954 1576 3021 solvere
1591 2977 1611 3020 a
1628 2956 1797 3022 veteribus

461 3083 596 3150 semper
618 3061 853 3127 consideratur
871 3066 1049 3148 tamquam
1065 3082 1189 3126 munus
1210 3081 1386 3125 servorum
1404 3059 1619 3143 intimorum3
1643 3060 1799 3128 Volkmar

462 3168 534 3234 vult
554 3166 590 3233 id
613 3169 766 3234 ianitoris
785 3167 887 3233 luisse
909 3167 967 3255 qui
984 3166 1128 3255 hospitis
1152 3165 1255 3256 pedes
1273 3167 1416 3233 lavaret.
1437 3168 1577 3234 Etiamsi
1598 3168 1662 3235 hoc
1678 3190 1795 3235 verum

461 3281 562 3355 esset,
594 3274 815 3341 nihilominus
832 3296 871 3340 eo
890 3274 1043 3362 exemplo
1062 3273 1240 3357 servitium
1264 3271 1439 3361 quoddam
1459 3273 1527 3340 vile
1544 3273 1792 3361 designaretur.

506 3387 577 3448 lam
597 3381 722 3448 clarius
743 3380 976 3447 excellentiam
1002 3380 1150 3446 fortioris
1178 3379 1325 3468 explicat
1349 3402 1382 3444 v.
1407 3386 1427 3448 8
1453 3402 1513 3468 epo
1541 3379 1719 3469 baptizavi
1738 3405 1796 3449 vos

461 3510 572 3576 aqua,
587 3488 645 3554 ille
660 3510 736 3553 cero
756 3485 945 3576 baptizabit
958 3508 1016 3551 aas
1029 3486 1165 3576 Spiritu
1181 3497 1316 3564 sancto,
1334 3487 1383 3551 uti
1397 3508 1521 3574 corpus
1535 3509 1646 3576 aquae
1658 3489 1794 3556 immer-

461 3595 566 3681 gitur,
588 3595 636 3660 ita
650 3594 830 3686 largitione
846 3594 992 3682 Spiritus
1005 3593 1118 3659 sancti
1138 3615 1199 3681 per
1216 3592 1386 3658 Christum
1402 3593 1493 3658 lacta
1511 3594 1647 3661 animus
1660 3595 1795 3662 coelesti

461 3701 574 3788 gratia
593 3700 825 3790 perfunditur.
848 3703 1035 3787 Tamquam
1060 3699 1209 3788 tempori
1236 3700 1402 3765 messiano
1424 3699 1566 3789 propria
1587 3703 1795 3788 promittitur

461 3808 579 3875 effusio
598 3807 742 3896 Spiritus
761 3807 843 3873 Dei:
867 3806 1038 3872 effundam
1063 3806 1222 3895 spiritum
1246 3827 1360 3871 meum
1384 3827 1488 3894 super
1508 3826 1627 3873 semen
1647 3814 1743 3876 tuum
1762 3816 1795 3876 et

461 3914 736 3981 benedictionem
746 3934 858 3979 meam
870 3935 973 4002 super
986 3913 1128 4000 stirpem
1139 3918 1250 3993 tuam,
1261 3899 1461 4001 etspiritum
1475 3935 1623 3995 novum,
1638 3915 1794 4004 spiritum

462 4043 576 4087 meum
593 4041 718 4110 ponam
735 4020 770 4085 in
786 4018 900 4085 medio
918 4021 1035 4099 vestri,
1055 4018 1229 4085 cll'undam
1250 4019 1406 4107 spiritum
1420 4041 1533 4085 meum
1545 4042 1795 4108 superomnem

460 4149 598 4193 carnem
619 4128 675 4216 (ls.
701 4134 791 4207 lm.
818 4129 871 4191 Ez.
894 4131 1009 4204 3626.
1032 4132 1085 4191 27.
1112 4124 1178 4191 lael
1202 4125 1297 4212 228)
1325 4131 1388 4191 etc.
1415 4123 1562 4192 Proinde
1586 4127 1657 4193 istis
1685 4128 1797 4196 verbis

460 4233 607 4322 baptista
626 4234 696 4300 iam
718 4232 876 4319 designat
899 4238 1034 4321 tempus
1055 4232 1273 4297 messianum.
1300 4230 1409 4296 Verba
1430 4237 1545 4297 autem
1568 4255 1638 4299 non
1662 4232 1705 4300 de
1723 4236 1794 4302 solo

461 4339 631 4428 baptismo
645 4362 666 4406 a
679 4340 810 4406 Christo
825 4340 978 4406 instituto
993 4337 1219 4425 intelligenda
1239 4344 1334 4417 sunt,
1351 4338 1410 4404 sed
1425 4337 1467 4404 de
1488 4340 1584 4405 omni
1605 4342 1795 4408 eommuni-

461 4449 593 4513 eatione
608 4447 752 4535 Spiritus
769 4447 877 4513 sancti
900 4452 933 4512 et
955 4446 1087 4532 gratiae
1105 4446 1258 4513 coelestis
1280 4468 1368 4533 quae
1389 4467 1452 4533 per
1471 4445 1643 4512 Christum
1661 4448 1795 4515 [latita

461 4554 553 4620 enim
569 4554 639 4643 ipse
654 4553 805 4619 Christus
820 4553 911 4618 diem
929 4553 1111 4619 annuntiat
1129 4558 1363 4640 pentecostes:
1386 4552 1648 4641 baptizabimini
1667 4555 1793 4644 Spiritu

461 4667 577 4728 sancto
588 4683 655 4727 nou
667 4665 742 4749 post
755 4660 877 4726 multos
890 4661 951 4726 hos
966 4659 1037 4725 dies
1049 4660 1134 4746 (hat.
1154 4659 1236 4747 1,5).
1252 4663 1288 4724 ln
1299 4660 1373 4747 ipsa
1387 4659 1793 4750 inhabitationeSpiritus

461 4769 567 4834 sancti
588 4767 758 4835 inanimis
780 4767 945 4833 iustorum
973 4767 1122 4855 perlecta
1142 4766 1289 4832 habetur
1307 4766 1368 4831 iste
1387 4766 1593 4855 baptismus,
1615 4768 1673 4856 qui
1692 4768 1793 4836 etiam

461 4882 666 4942 connotatur
685 4874 795 4942 verbis
809 4875 952 4962 apostoli
972 4896 979 4942 :
1004 4876 1128 4940 caritas
1154 4872 1211 4939 [lei
1231 4872 1353 4940 dillusa
1375 4874 1475 4940 estin
1494 4873 1657 4941 cordibus
1676 4877 1794 4944 nostris

920 4989 1105 5039 Knxueauxcen
1122 5002 1148 5039 m
1165 4991 1248 5038 Mina.
1267 5015 1298 5026 -
1314 4992 1336 5038 3.
