3960 5654
872 373 963 441 11111.
988 378 1037 448 12,
1062 377 1166 436 tota.
1618 377 1675 436 333

354 527 487 613 daliter,
500 549 576 595 cum
593 549 649 595 eas
659 530 831 619 decipiant
844 536 878 596 et
890 527 1037 617 spolient
1051 550 1139 616 quae
1152 528 1353 593 maritorum
1367 527 1535 614 praesidio
1546 532 1678 604 carent,

353 636 507 725 quamvis
520 634 556 700 in
574 635 650 723 lege
666 643 752 703 Deus
762 636 944 725 specialem
959 656 1077 700 curam
1093 657 1132 700 ac
1148 633 1393 721 protectionem
1407 632 1516 698 viduis
1529 633 1678 722 impendi

352 741 568 830 iusseritffix.
589 749 702 825 im.
729 747 821 808 Deut,
842 748 958 822 16,11;
981 747 1082 822 atei
1098 763 1170 828 seq.
1190 746 1314 816 aar&
1335 741 1449 822 2219)
1464 746 1547 805 etco
1569 743 1678 826 magis

352 848 582 916 abominanda
611 856 661 916 est
686 850 770 915 haec
792 847 947 938 spoliatio
977 855 1011 913 et
1038 847 1198 925 avaritia,
1226 848 1307 934 quia
1331 847 1443 935 specie
1468 845 1599 933 pietatis
1623 869 1679 914 eas

351 953 525 1041 decipiunt
543 954 604 1022 sub
625 954 763 1021 obtentu
783 953 939 1044 proliaae
962 954 1140 1034 orationis,
1162 973 1285 1037 graece
1309 973 1317 1018 :
1344 966 1377 1016 ct
1396 951 1532 1017 obtentu
1548 954 1680 1040 prolixe

352 1071 501 1141 orantes,
525 1062 562 1128 in
581 1060 691 1151 specie
714 1059 826 1147 longis
846 1065 988 1125 utuntur
1007 1059 1239 1137 orationibus,
1259 1065 1295 1123 ut
1313 1057 1450 1124 laudem
1466 1059 1597 1146 pietatis
1612 1059 1675 1124 sibi

353 1167 535 1234 concilient
548 1177 581 1234 ct
601 1175 779 1255 tamquam
794 1168 858 1232 viri
873 1164 959 1231 adeo
973 1166 1078 1232 cultui
1103 1165 1158 1231 bei
1174 1164 1280 1230 dediti
1296 1164 1428 1230 facilius
1445 1164 1609 1231 ditescant
1626 1167 1677 1231 fa-

353 1293 433 1339 vore
456 1273 653 1346 viduarum,
680 1278 795 1362 utpote
822 1271 946 1361 quibus
967 1277 1001 1337 et
1019 1272 1130 1337 maior
1147 1270 1190 1336 ad
1212 1272 1371 1358 pietatem
1394 1271 1586 1359 proclivitas
1607 1294 1676 1337 esse

351 1379 458 1447 soleat
475 1385 508 1447 et
524 1380 673 1445 liberum
691 1381 734 1445 sit
749 1379 837 1445 bona
851 1399 912 1444 sua
926 1400 989 1467 pro
1002 1377 1116 1443 lubitu
1127 1399 1268 1463 erogare
1281 1378 1424 1463 (Patr.);
1442 1378 1492 1442 vel
1509 1386 1679 1467 praetextu

352 1484 444 1574 quod
469 1485 677 1576 prolongant
705 1487 874 1553 orationes
899 1506 976 1550 suas
1002 1507 1021 1550 a
1050 1483 1161 1549 viduis
1190 1505 1333 1549 munera
1361 1486 1500 1569 exigunt
1534 1487 1678 1572 pretium

351 1592 552 1674 sanctitatis,
573 1593 670 1681 quasi
690 1592 838 1681 proillis
856 1590 948 1680 apud
968 1596 1072 1658 Deum
1099 1590 1275 1657 indefessis
1294 1591 1452 1678 precibus
1469 1592 1608 1660 instent.
1631 1593 1677 1656 sic

352 1699 603 1785 quaestuariam
619 1706 812 1765 exercentes
823 1700 1039 1764 sanctitatem
1056 1697 1154 1786 (Lep.
1172 1701 1291 1785 hairus,
1318 1699 1445 1784 Weiss).
1465 1698 1557 1774 Quod
1572 1720 1679 1784 genus

352 1803 576 1872 simulationis
590 1796 768 1892 (προφάσει)
782 1827 822 1870 eo
842 1806 952 1890 magis
974 1802 1174 1870 detestabile
1197 1812 1245 1869 est
1267 1805 1348 1892 quia
1367 1805 1401 1869 in
1423 1827 1458 1869 re
1478 1804 1561 1870 adeo
1584 1829 1676 1872 sacra

352 1916 543 1993 exercetur3
569 1933 676 2001 quare
707 1913 828 1978 merito
852 1912 890 1977 iri
911 1911 1082 1999 accipient
1109 1909 1278 1999 proliritas
1307 1909 1491 1991 iudicium,
1523 1916 1679 1997 graviore

351 2038 463 2105 poena
474 2017 736 2105 castigabuntur
752 2018 901 2084 severius
917 2017 1084 2083 iudicium
1099 2017 1265 2096 subituri;
1284 2045 1299 2076 «
1317 2019 1468 2083 severior
1480 2021 1535 2084 llei
1550 2027 1681 2085 senten·

352 2123 400 2189 tia
420 2129 454 2190 et
473 2125 613 2210 gravior
633 2125 870 2192 condemnatio
888 2125 929 2189 iis
950 2124 1144 2201 incumbet,
1169 2131 1240 2190 tum
1263 2125 1343 2211 quia
1360 2126 1576 2191 simulatione
1603 2149 1679 2215 pro-

352 2229 467 2297 bitatis
477 2229 520 2297 ad
530 2230 786 2321 improbitatem
799 2230 943 2297 tendunt
955 2253 996 2296 ac
1006 2232 1063 2297 [tei
1079 2231 1228 2297 vestibus
1243 2232 1355 2296 amicti
1370 2231 1507 2297 diabolo
1520 2233 1675 2309 militant,

354 2342 425 2402 tum
441 2337 523 2426 quia
537 2339 717 2405 avaritiam
731 2360 826 2404 suam
842 2337 1017 2424 religionis
1034 2338 1147 2403 colore
1162 2337 1386 2426 depinxerant
1402 2365 1417 2395 a
1436 2340 1509 2427 (Lap
1525 2341 1561 2426 .).

398 2444 490 2510 Hisce
502 2444 670 2533 superbis,
683 2446 810 2524 avaris,
822 2445 937 2532 impiis
948 2443 1136 2532 hypocritis
1148 2444 1331 2532 opponitur
1341 2445 1531 2532 exemplum
1547 2447 1677 2531 insigne

354 2548 492 2639 pietatis
515 2557 550 2616 et
570 2551 783 2618 liberalitatis
803 2573 955 2616 summae
977 2550 1012 2616 in
1034 2573 1185 2639 paupere
1201 2557 1234 2614 et
1248 2551 1368 2615 humili
1391 2550 1507 2630 vidua;
1529 2575 1559 2616 v.
1585 2559 1621 2618 tr
1645 2567 1679 2618 ct

353 2655 468 2722 sedens
486 2659 577 2723 Iesus
595 2671 712 2723 contra
723 2658 1010 2747 pazopdylacium
1029 2655 1215 2746 aspiciebat
1234 2656 1402 2744 qecornodo
1423 2657 1521 2722 trodo
1541 2661 1681 2726 iactaret

354 2785 411 2829 aes
430 2763 466 2828 io
480 2763 787 2853 pazopltplacium,
808 2765 844 2830 in
859 2765 1028 2830 aerarium
1048 2785 1200 2842 sacrum;
1219 2785 1304 2847 gaza
1324 2786 1384 2828 vor
1403 2764 1526 2830 dicitur
1548 2768 1675 2853 persica

353 2871 490 2937 notione
506 2871 668 2954 thesauri,
686 2887 716 2935 u
734 2892 870 2959 quoque
886 2869 977 2959 apud
994 2870 1175 2945 rabbinos;
1197 2879 1245 2935 est
1267 2872 1381 2957 itaque
1396 2872 1679 2959 gazophylacium

354 2976 447 3043 locus
468 2976 528 3043 ubi
549 3000 670 3044 aurum
695 2982 945 3065 argentumque
964 2978 1016 3041 vel
1040 2977 1220 3042 thesaurus
1244 2976 1451 3043 reconditur.
1480 2983 1523 3043 Eo
1545 2980 1678 3046 nomine

356 3084 541 3151 vocabatur
551 3084 645 3151 locus
655 3086 689 3149 in
701 3085 788 3149 atrio
799 3083 1000 3164 mulierum,
1017 3084 1051 3148 in
1065 3106 1133 3171 quo
1143 3083 1330 3149 secuudum
1345 3084 1506 3149 rabbinos
1519 3086 1678 3152 tredecim

356 3189 472 3257 arulae
481 3192 610 3280 positae
620 3199 717 3257 erant
727 3190 772 3255 ad
786 3211 942 3255 nummos
951 3191 1010 3278 qui
1021 3189 1225 3256 offerrentur
1236 3189 1478 3279 suscipiendos.
1494 3197 1558 3259 liae
1569 3195 1684 3260 arulae

357 3296 412 3363 vel
435 3297 535 3364 cistae
554 3296 817 3387 appellabantur
832 3299 952 3389 uirgini
970 3295 1092 3377 tubae,
1117 3298 1281 3384 quoniam
1303 3298 1461 3365 tubarum
1484 3300 1516 3364 in
1546 3301 1681 3366 modum

356 3412 521 3479 formatae
534 3418 631 3479 erant
645 3411 769 3501 etquia
779 3419 878 3478 erant
892 3413 1043 3478 thesauri
1055 3411 1286 3477 reconditoria
1296 3415 1399 3478 etiam
1416 3414 1533 3480 eodem
1549 3419 1682 3483 nomine

357 3519 594 3608 gazophylacii
612 3518 892 3605 designabantur,
914 3518 972 3606 qui
992 3517 1117 3607 duplex
1138 3519 1229 3584 vocis
1245 3542 1322 3584 usus
1344 3521 1494 3586 cernitur
1518 3522 1550 3586 in
1574 3545 1604 3587 r.
1626 3531 1678 3590 tr.

357 3627 489 3692 Atrium
509 3632 623 3693 autem
638 3625 820 3691 mulierum
840 3625 1025 3691 vocabatur
1043 3648 1109 3690 non
1129 3625 1222 3714 quod
1236 3626 1328 3691 solae
1350 3626 1509 3694 mulieres
1526 3629 1608 3695 illud
1629 3632 1681 3697 in-

357 3731 595 3820 grederentur,
612 3731 671 3799 sed
685 3730 776 3820 quod
790 3732 989 3797 mulieribus
1004 3754 1070 3797 non
1086 3732 1202 3797 liceret
1215 3731 1355 3798 ulterius
1371 3736 1545 3821 progredi.
1564 3736 1680 3803 eodem

357 3839 431 3905 scil.
456 3861 555 3907 sensu
577 3861 646 3929 quo
669 3838 796 3906 atrium
821 3837 965 3904 exterius
987 3838 1111 3904 dicitur
1134 3839 1259 3904 atrium
1288 3843 1459 3923 gentium,
1491 3864 1558 3907 nou
1586 3845 1676 3932 quod

357 3947 484 4013 ethnici
507 3947 567 4013 soli
592 3945 677 4012 illud
700 3946 883 4028 intrarent,
910 3944 967 4010 sed
989 3944 1081 4033 quod
1101 3945 1140 4009 iis
1176 3967 1241 4010 non
1276 3946 1392 4011 liceret
1420 3970 1521 4035 porro
1544 3971 1684 4037 pergere

358 4053 415 4140 (cl.
439 4052 624 4142 Lt'qiitsoot,
647 4051 746 4118 decas
763 4052 949 4138 chronogr.
972 4055 1078 4117 llarco
1104 4053 1288 4140 praemissa
1309 4075 1385 4141 cap.
1410 4060 1429 4120 3
1458 4058 1474 4136 ξ
1502 4058 1544 4140 t).
1580 4063 1686 4134 Quare

358 4159 564 4246 intelligitur
578 4157 753 4248 quomodo
771 4164 860 4225 lesus
879 4161 915 4225 in
934 4158 1198 4247 gazophylacio,
1222 4158 1327 4243 igitur
1344 4160 1378 4224 in
1400 4162 1486 4225 atrio
1503 4163 1679 4230 mulierum

358 4266 510 4333 docuisse
529 4265 675 4333 dicatur.

401 4377 545 4463 Tempus
567 4379 640 4440 erat
660 4373 745 4439 festo
765 4375 915 4462 paschali
940 4375 1147 4462 proximum:
1173 4395 1281 4460 qrrare
1309 4374 1374 4438 iam
1402 4374 1497 4439 multi
1520 4399 1558 4440 er
1581 4380 1680 4444 variis

360 4480 556 4567 regionibus
569 4481 603 4546 in
617 4479 702 4545 urbe
713 4480 936 4547 morabantur
951 4485 983 4546 et
996 4479 1183 4545 oblationes
1197 4480 1324 4544 liebant
1339 4480 1531 4567 frequentes
1546 4497 1577 4548 ct
1589 4486 1692 4550 irretiti

360 4587 476 4654 dicitas
500 4586 674 4654 iactabant
693 4586 824 4670 oculta;
851 4592 928 4653 nota
949 4585 1120 4675 quomodo
1153 4587 1185 4650 in
1213 4588 1322 4651 forma
1349 4587 1528 4654 verborum
1552 4589 1686 4678 triae,

360 4685 490 4756 ttamen
504 4716 601 4761 scena
619 4693 847 4771 describatur3
866 4694 946 4760 dein
969 4701 1129 4760 narratur
1149 4715 1180 4758 v.
1201 4701 1334 4759 12111111
1358 4695 1496 4760 rem'ssct
1510 4713 1622 4764 (aretem
1640 4699 1690 4764 ci-

363 4799 432 4869 dua
447 4823 517 4870 aaa
529 4823 675 4893 peraper,
689 4799 781 4867 misit
796 4799 863 4866 duo
877 4802 1009 4868 minuta
1022 4799 1116 4890 quod
1128 4812 1176 4866 est
1189 4799 1381 4889 paradi-aug
1400 4833 1413 4857 «
1433 4802 1567 4890 singula
1582 4806 1696 4872 realia
