3960 5654
304 120 319 137 .·
366 132 369 137 .
434 122 437 127 ·
491 122 494 129 ·
600 112 687 141 .’,-
761 114 762 117 ’
959 122 982 135 ,τ
1051 135 1057 143 ,
1154 119 1181 136 a..
1332 124 1439 136 ...-
1516 114 1526 127 ·’
1680 124 1773 139 ..··.

296 128 604 211 iri..afflatae-vn*
688 125 1414 210 s.sss-t--aeur-'iraai2·sacristariae:*cerriti
1405 120 1921 209 mirificem
1938 136 1959 179 ν.
1971 161 1980 184 ,ι

302 188 439 230 .····‘.=r÷...
457 200 472 211 ··
654 196 656 203 ,
691 194 709 227 .·
824 204 831 241 ·,
843 181 897 209 ···*
983 182 1004 216 t·
1106 192 1183 227 cns.
1202 172 1469 231 isar«
1488 176 1691 237 acar-a,'·'.·'e2,.
1711 186 1787 229 .··a·-·.
1802 162 1869 234 Ἑρ·
1887 182 1980 247 '⁶27²

394 227 455 246 ..ι
537 242 539 246 Ι
1044 239 1058 251 Ι.
1159 246 1162 250 b
1204 230 1207 235 ·
1283 226 1294 235 -ι
1430 230 1488 252 1-1Ι
1527 224 1646 251 '1¹¹‚'⁴=
1678 224 1761 250 ¹¹0¹,
1854 224 1871 236 ι’
1927 224 1958 246 ιι,

408 258 412 265 ⁶
423 258 427 269 ν
1080 256 1083 260 ’
1296 261 1302 269 ι
1328 259 1330 262 ‚
1430 260 1435 276 .‘
1471 256 1474 261 ”

1860 424 1864 429 .
1926 402 1976 449 ,νίν-

978 485 1083 539 ,uuae
1105 470 1136 539 9,
1159 464 1248 525 8-10.
1730 470 1791 531 2³5

453 617 542 704 cepit
552 617 620 687 illis
637 639 679 683 ue
695 616 859 707 cuiquam
872 639 962 709 quoe
976 618 1139 686 vidissent
1157 626 1357 696 narrarent,
1378 611 1447 682 uisi
1459 638 1537 684 cum
1554 616 1661 686 Filius
1680 616 1792 685 bomi-

452 722 503 790 nis
522 747 544 790 o
561 722 705 792 mortuis
723 723 964 808 resurrexerim
980 727 1089 793 vetuit
1102 722 1177 791 seil.
1194 754 1210 785 τι
1226 744 1270 791 ne
1290 720 1604 791 scandalizarentur
1620 724 1790 807 homines,

451 831 565 898 sicum
576 829 661 896 adeo
675 830 865 899 honorilice
874 830 917 898 de
927 853 966 897 eo
977 831 1169 907 audissent,
1181 827 1464 920 postoavidereut
1476 830 1588 919 ipsum
1602 831 1759 919 cruciligi
1775 845 1790 891 i

453 936 643 1025 (rumpit
666 940 787 1006 merito
796 937 943 1004 advertit
963 939 1047 1006 Viet.
1067 959 1111 1004 s«
1133 935 1261 1027 quode
1282 940 1354 1002 lesu
1377 937 1508 1004 maiora
1528 936 1738 1020 dicerentur,
1751 959 1791 1006 eo

451 1042 582 1110 creditu
599 1041 795 1111 difficiliora
809 1048 891 1110 tuno
910 1044 1004 1134 apud
1025 1043 1211 1133 plerosque
1230 1047 1343 1109 essent
1361 1052 1395 1108 et
1411 1042 1611 1111 scandalum
1630 1066 1671 1111 ex
1690 1064 1791 1110 cruce

451 1150 687 1218 vehementius
713 1156 901 1237 augeretur
924 1171 958 1230 »;
982 1150 1107 1218 Christi
1131 1150 1261 1239 quippe
1284 1148 1436 1235 gloriam
1461 1150 1646 1217 relerentes
1668 1150 1711 1217 iis
1731 1149 1791 1239 qui

451 1255 668 1345 postmodum
687 1278 767 1324 eum
786 1256 822 1322 in
834 1263 884 1324 tot
896 1255 1094 1348 opprobriis
1106 1261 1204 1323 erant
1216 1254 1341 1336 visuri,
1355 1256 1471 1344 potius
1485 1255 1675 1323 irrisionem
1691 1257 1792 1324 fecis-

450 1367 541 1444 sent,
562 1386 667 1453 quam
693 1361 795 1430 iidem
824 1364 1083 1445 certificassent,
1106 1369 1145 1430 ut
1163 1360 1241 1430 Ati.
1276 1362 1375 1444 dicit;
1396 1361 1475 1429 ideo
1493 1368 1607 1430 tacere
1628 1362 1791 1430 iubentur

452 1470 619 1557 usquead
636 1476 770 1559 tempus
781 1493 850 1559 quo
869 1470 981 1557 gloria
995 1468 1310 1556 transfigurationis
1328 1466 1552 1536 confirmetur
1565 1491 1626 1560 per
1643 1467 1791 1555 gloriam

448 1577 723 1656 resurrectionis,
740 1578 823 1666 quia
836 1582 919 1644 tunc
931 1598 972 1643 ex
983 1577 1026 1643 iis
1039 1597 1129 1666 quae
1140 1581 1243 1642 antea
1252 1583 1349 1660 gesta
1363 1582 1443 1642 sunt
1457 1575 1562 1642 scitur
1576 1597 1656 1643 eum
1670 1574 1793 1642 voiun-

452 1684 536 1750 tarie
550 1690 692 1772 propter
712 1705 775 1749 nos
782 1705 921 1773 passum
935 1689 969 1751 et
978 1687 1154 1750 mortuum
1167 1703 1250 1748 esse.
1266 1685 1306 1748 at
1323 1681 1469 1771 apostoli
1484 1681 1647 1750 mandato
1658 1680 1792 1749 Domini

451 1789 601 1856 obsecuti
624 1794 704 1856 sunt
719 1812 751 1858 v.
767 1796 787 1856 9
808 1801 840 1856 et
855 1787 991 1857 verbum
1013 1787 1259 1878 continuerunt
1278 1787 1377 1878 apud
1393 1810 1427 1855 se
1446 1787 1469 1855 i.
1487 1810 1517 1857 e.
1539 1809 1613 1856 rem
1632 1809 1702 1856 non
1715 1787 1793 1855 vul·

450 1902 579 1982 garunt
592 1894 741 1984 (Looty);
765 1925 780 1956 «
799 1894 938 1962 uerbum
961 1894 1125 1962 hebraica
1147 1894 1266 1984 phrasi
1289 1893 1425 1962 videtur
1439 1896 1586 1985 positum
1603 1917 1666 1984 pro
1683 1895 1790 1975 lacto,

451 2000 744 2090 quemadmodum
760 2024 861 2091 saepe
880 2004 917 2071 in,
933 2003 1134 2092 Scripturis;
1153 2006 1258 2067 Lucas
1279 2001 1373 2068 enim
1394 2002 1498 2067 veluti
1519 2023 1688 2091 exponens
1707 2005 1792 2069 liar-

450 2129 529 2175 cum
544 2106 627 2174 dicit
641 2129 649 2176 :
665 2114 699 2175 et
711 2097 843 2176 nemini
853 2107 1015 2176 dixerunt
1027 2106 1064 2174 in
1076 2107 1295 2189 illisdiebus,
1311 2129 1524 2199 quamquam
1536 2108 1642 2197 possit
1653 2105 1791 2174 verbum

451 2215 554 2280 etiam
567 2213 677 2304 accipi
688 2217 827 2306 proprie
837 2238 901 2305 pro
911 2214 1018 2283 verbo
1033 2220 1068 2282 et
1076 2235 1233 2282 sermone
1249 2214 1292 2281 de
1303 2214 1606 2301 transfiguratione
1623 2242 1640 2276 ν
1655 2213 1789 2303 (tans.);

451 2319 502 2382 τὸν
520 2318 613 2408 λόγον
628 2320 801 2409 ἐκράτησαν
812 2321 849 2389 id
857 2321 950 2412 quod
961 2321 1114 2390 Christus
1121 2321 1270 2404 dixerut,
1281 2326 1467 2388 tenuerunt
1475 2321 1634 2401 firmiter3
1645 2319 1792 2411 proinde

450 2450 567 2494 sensus
580 2450 650 2495 esse
666 2428 822 2498 videtur:
839 2428 1002 2496 mandato
1012 2428 1148 2496 Domini
1162 2429 1316 2510 stabant,
1336 2426 1370 2493 id
1387 2427 1532 2494 firmiter
1545 2428 1789 2508 observabant;

451 2536 684 2624 conquirentes
698 2535 788 2625 quid
801 2549 884 2603 esset
902 2558 913 2601 :
929 2558 1007 2602 cum
1018 2560 1039 2602 a
1055 2535 1198 2603 mortuis
1212 2533 1438 2602 resurrexerit
1443 2556 1457 2616 ;
1470 2535 1542 2601 scil.
1560 2532 1643 2601 dum
1657 2534 1734 2602 aliis
1750 2532 1792 2601 de
1939 2610 1942 2614 ἵ

451 2662 491 2709 ea
514 2664 551 2708 re
570 2640 656 2708 nihil
681 2641 852 2726 dicerent,
877 2643 966 2709 inter
989 2665 1024 2709 se
1044 2649 1160 2709 tamen
1182 2641 1442 2731 disquirebant,
1463 2640 1685 2730 disputabant
1707 2638 1793 2730 quid
1898 2642 1902 2647 ’
1948 2630 1952 2636 “

450 2747 516 2814 sibi
537 2747 641 2815 vellet
660 2748 748 2816 illud
772 2748 866 2839 quod
888 2749 930 2816 de
952 2772 1015 2817 sua
1034 2771 1075 2817 ex
1097 2750 1243 2816 mortuis
1262 2749 1511 2816 resurrectione
1537 2746 1685 2815 dixisset.
1708 2751 1792 2815 Cum

451 2854 542 2921 enim
566 2855 756 2936 Christum,
778 2856 900 2923 Filium
923 2855 999 2938 Dei,
1020 2864 1170 2923 mortem
1193 2878 1264 2923 esse
1280 2855 1457 2922 obiturum
1479 2854 1637 2922 nonsibi
1658 2860 1793 2944 possent
1858 2886 1863 2894 ·

451 2962 672 3051 persuadere,
700 2984 771 3030 non
795 2962 1037 3030 intellexerunt
1063 2962 1238 3052 quomodo
1253 2962 1362 3029 verba
1379 2961 1456 3028 eius
1478 2961 1521 3028 de
1545 2962 1791 3034 resurrectione

452 3075 561 3135 essent
577 3069 756 3159 capienda.

487 3277 571 3327 Varie
587 3280 680 3327 tamen
695 3292 721 3328 v.
744 3278 759 3328 9
779 3278 939 3342 concipiunt
946 3291 953 3338 ;
970 3276 1013 3326 tir
1037 3274 1117 3345 λόγον
1138 3278 1227 3342 aliqui
1250 3278 1394 3342 explicant
1413 3277 1448 3328 de
1469 3289 1598 3328 sermone
1618 3275 1721 3328 christi
1736 3288 1792 3342 quo

452 3365 560 3416 dixerat
572 3366 607 3416 de
621 3379 673 3417 sua
686 3368 893 3417 resurrectione
908 3363 1035 3432 (tteoptt.
1048 3366 1130 3417 isati.
1146 3371 1175 3417 et
1189 3369 1220 3416 ut
1234 3366 1345 3417 videtur
1359 3367 1426 3416 Vici.
1443 3378 1555 3431 quoque
1565 3368 1594 3416 et
1608 3365 1695 3429 aliqui
1707 3366 1792 3416 etiam

452 3452 646 3517 recentiores),
660 3455 749 3506 valde
760 3455 847 3507 verbo
858 3455 1004 3519 quoderat
1017 3455 1053 3506 de
1067 3455 1316 3506 transiermatione
1330 3453 1456 3522 (theoph.
1470 3453 1562 3520 itatis.)
1570 3467 1580 3514 ;
1595 3456 1688 3519 ipsum
1697 3458 1792 3504 autem

452 3542 551 3610 apustio
565 3544 646 3593 Datis.
662 3544 783 3608 coneiptt
796 3547 834 3594 ita
848 3547 878 3594 ut
891 3544 962 3595 nulli
976 3544 1130 3609 quidquam
1145 3544 1276 3595 dixerint.
1294 3545 1380 3595 Varie
1395 3556 1508 3608 quoque
1522 3542 1647 3594 relerunt
1661 3539 1720 3610 πρὸς
1733 3537 1792 3591 tao-

452 3628 519 3692 τοῦς;
536 3633 584 3682 alii
597 3634 674 3684 enim
689 3632 719 3683 id
732 3633 768 3683 ad
781 3631 878 3699 κρατεῖν
893 3635 1021 3697 spectare
1033 3633 1130 3684 dicum
1147 3631 1197 3697 (ita
1205 3633 1284 3698 vulg.
1299 3647 1357 3696 syr.
1372 3634 1454 3683 itatis.
1467 3634 1583 3697 Sebepp,
1596 3630 1728 3698 Satoris),
1743 3631 1792 3682 aiii

452 3722 488 3772 ad
501 3721 694 3784 συνζητοῦντες,
711 3724 833 3773 uittam
852 3723 918 3772 Vici.
942 3729 971 3774 et
991 3723 1120 3787 plerique
1143 3724 1343 3773 recentiorum.
1368 3722 1424 3774 Sed
1446 3723 1517 3772 nihii
1536 3722 1629 3773 obstat
1643 3721 1793 3786 quominus

451 3813 528 3874 prior
547 3812 652 3863 iunctio
673 3813 827 3862 retineatur
840 3825 913 3876 quae
927 3813 988 3877 ipsa
1006 3812 1157 3863 verborum
1173 3812 1359 3863 collocatione
1380 3811 1524 3862 suadetur.
1552 3811 1671 3862 Demum
1691 3807 1792 3876 κρατεῖν

451 3895 495 3947 τὸν
509 3895 586 3967 λόγτν
602 3902 688 3951 etiam
702 3902 743 3950 ita
757 3903 986 3965 interpretantur,
1002 3904 1034 3952 ut
1043 3901 1165 3966 apostoli
1176 3900 1303 3951 dicautur
1312 3913 1471 3951 sermonem
1479 3901 1592 3952 Domini
1606 3897 1792 3949 firmiterani·

452 3990 504 4039 mis
519 3991 694 4054 impressisse
711 3995 739 4040 et
755 3991 891 4041 tenaciter
905 3991 934 4039 in
945 3991 1081 4040 memoria
1091 3989 1266 4041 reconditum
1280 3989 1413 4040 habuisse
1428 3991 1456 4040 et
1470 3989 1526 4040 alte
1541 3990 1694 4053 repositum
1706 3983 1789 4055 (Disp.

452 4076 573 4145 sciepp),
589 4078 617 4129 id
632 4077 708 4142 quod
722 4077 789 4129 dein
799 4079 1057 4143 magisexpltcatur
1073 4093 1080 4126 :
1101 4080 1304 4143 conquirentes
1317 4082 1389 4138 eta,
1405 4078 1446 4128 ita
1469 4080 1500 4128 ut
1514 4078 1567 4128 hae
1580 4079 1722 4128 sententia
1740 4075 1792 4126 ad·

453 4165 511 4216 dita
524 4168 607 4217 simul
621 4167 787 4228 declaretur,
804 4173 909 4231 quanto
922 4167 1019 4218 studio
1031 4167 1144 4218 Domini
1159 4180 1318 4218 sermonem
1333 4169 1427 4218 mente
1442 4168 1682 4231 pertractaverint.

497 4352 580 4415 Cum
597 4355 704 4416 lesum
726 4352 760 4416 in
776 4349 887 4437 gloria
906 4351 1070 4418 vidissent
1084 4355 1118 4417 et
1134 4350 1225 4417 hanc
1245 4350 1396 4437 gloriam
1416 4349 1635 4440 postmodum
1648 4370 1791 4416 narrare

453 4456 533 4523 iussi
548 4462 655 4522 esseni
671 4456 1061 4536 videnturconclusissc,
1079 4480 1188 4547 prope
1203 4456 1321 4525 abesse
1334 4478 1480 4543 regnum
1498 4455 1701 4523 messianum
1718 4456 1792 4544 glo-

454 4563 593 4630 riosum.
613 4567 762 4630 Fortasse
773 4562 979 4653 etiamquod
996 4569 1086 4631 lesus
1096 4564 1140 4631 de
1152 4565 1401 4631 resurrectione
1410 4563 1543 4630 dixerat
1556 4560 1676 4629 eodem
1693 4562 1793 4629 modo

454 4668 496 4736 de
512 4689 618 4754 regno
632 4670 779 4756 gloriose
794 4670 975 4737 condendo
988 4669 1232 4737 intellexerunt
1247 4670 1301 4736 vel
1313 4669 1460 4756 intelligi
1478 4691 1576 4759 posse
1588 4691 1650 4736 sua
1662 4668 1793 4758 disqui-

453 4776 573 4844 sitione
590 4782 795 4844 statuerunt.
818 4781 879 4844 Eos
895 4779 987 4844 enim
1006 4778 1050 4846 de
1069 4777 1129 4845 tali
1151 4799 1260 4865 regno
1284 4777 1449 4864 cogitasse
1463 4777 1617 4866 sequitur
1636 4797 1675 4842 ex
1689 4797 1794 4864 quae-

453 4881 562 4949 stione
582 4904 685 4972 quam
702 4882 846 4952 Domino
866 4890 1065 4975 proponunt
1085 4907 1119 4953 v.
1138 4891 1179 4952 10
1193 4897 1227 4951 et
1244 4881 1502 4973 iuterroqobont
1516 4905 1594 4950 oum
1609 4881 1760 4950 dicentes
1782 4902 1794 4948 .·
