3960 5654
1047 486 1137 533 nanc.
1162 472 1193 543 2,
1217 474 1246 530 t.
1770 477 1809 537 69

476 643 552 690 cum
566 648 634 693 non
652 626 792 714 possent
805 625 965 692 accedere
979 621 1023 689 ad
1040 624 1166 703 lesum,
1178 619 1397 687 nudaverunt
1410 633 1533 689 tectum
1548 620 1605 687 tibi
1617 634 1707 701 erct;
1723 627 1810 690 tecta

475 731 547 799 scil.
561 731 654 823 apud
665 728 805 796 ludaeos
817 732 920 821 plana
931 733 1043 808 erant,
1060 729 1098 793 in
1113 751 1213 795 areae
1225 729 1374 793 lormam
1387 729 1615 816 complanata3
1633 728 1810 797 declivitas

474 839 566 907 enim
587 843 756 904 tectorum
775 837 858 905 solet
881 858 952 903 esse
970 836 1176 923 perexigua,
1200 856 1288 922 quae
1312 834 1364 900 vel
1389 856 1409 898 a
1433 834 1545 899 medio
1570 836 1678 901 velex
1702 834 1808 901 altero

474 944 578 1012 latere
591 942 821 1033 protenditur,
838 946 885 1010 ita
900 946 937 1006 ut
951 939 1069 1008 decem
1084 941 1232 1032 pedibus
1243 943 1296 1006 vix
1318 938 1549 1006 semialterum
1564 943 1719 1028 pollicem
1739 940 1808 1006 elir-

473 1051 540 1118 ciat
558 1050 616 1138 (cl.
637 1049 746 1117 Colat.
766 1051 868 1129 lehn,
886 1048 1065 1115 rlrchaeol.
1088 1047 1174 1114 bibl.
1197 1047 1298 1134 §3t).
1319 1051 1444 1112 Domus
1459 1051 1569 1112 autem
1587 1049 1621 1111 in
1645 1050 1807 1113 exteriore

472 1158 601 1247 pariete
614 1177 752 1246 quoque
769 1154 1024 1224 instruebantur
1038 1155 1147 1235 scala,
1166 1176 1236 1242 qua
1251 1152 1389 1219 ascendi
1404 1159 1513 1242 posset
1531 1154 1564 1217 in
1581 1159 1718 1219 lectum.
1742 1154 1808 1220 llis-

471 1268 607 1351 ceptant
627 1270 741 1330 utrum
765 1254 933 1328 eiusmodi
956 1282 1115 1329 ascensus
1137 1282 1177 1326 ex
1195 1260 1283 1326 atrio
1307 1282 1350 1325 an
1371 1282 1410 1325 ex
1430 1259 1541 1350 platea
1562 1260 1724 1348 patuerit;
1745 1261 1806 1326 lroc

471 1369 682 1436 contendunt
696 1369 760 1437 Fit.
788 1368 891 1435 Wct'ts
907 1377 940 1435 et
961 1367 1139 1448 Wetstein,
1162 1373 1198 1432 ut
1213 1365 1361 1448 videtur,
1379 1365 1462 1432 dum
1477 1366 1593 1432 scribit
1610 1389 1617 1432 :
1636 1365 1807 1454 quomodo

472 1480 598 1541 tectum
617 1474 896 1559 conscenderint,
917 1475 1113 1543 altomanis
1128 1472 1257 1562 quibus
1271 1478 1398 1540 Marcus
1416 1472 1586 1540 scribebat
1598 1473 1695 1539 facile
1710 1473 1807 1538 intel-

470 1581 655 1668 ligebatur,
679 1588 796 1670 utpote
820 1580 913 1671 apud
938 1603 1023 1671 quos
1042 1580 1155 1647 scalae
1177 1580 1442 1647 coenaculorum
1459 1581 1495 1646 in
1518 1579 1691 1667 publicum
1711 1587 1807 1645 erant

470 1689 656 1776 proiectae;
685 1686 773 1753 illud
796 1688 947 1777 Setepq,
976 1687 1126 1755 Schcnz.
1156 1691 1294 1752 Tectum
1317 1691 1512 1753 retexerunt
1528 1682 1737 1773 ἀπεστέγασαν
1750 1686 1806 1754 τὴν

471 1796 599 1882 στέγην,
620 1795 755 1880 tegulas
778 1798 1053 1874 summoverunt,
1075 1792 1131 1859 vel
1150 1793 1233 1858 tecti
1258 1794 1509 1881 pavimentum,
1538 1792 1631 1882 quod
1655 1815 1693 1857 ex
1716 1799 1806 1858 terra

469 1903 632 1986 congesta
648 1904 681 1965 et
696 1906 872 1990 compacta
892 1906 1052 1988 paratum
1072 1904 1162 1982 erat,
1183 1904 1411 1987 aperuerunt,
1430 1911 1463 1964 et
1476 1899 1720 1988 patefacientes
1739 1888 1805 1970 ἑξο-

467 1995 604 2094 ρύξαντες
621 2012 803 2095 postquam
811 2005 1002 2072 effoderunt
1013 2007 1036 2071 i.
1051 2027 1081 2073 e.
1093 2010 1223 2072 tectum
1235 2011 1403 2094 quantum
1416 2005 1577 2073 satiserat
1589 2010 1805 2071 removerunt

467 2117 501 2179 et
513 2113 729 2194 detexerunt3
749 2111 840 2178 idem
855 2113 1047 2179 accuratius
1062 2111 1271 2201 exprimitur
1290 2112 1381 2201 quod
1394 2114 1430 2178 in
1448 2109 1659 2201 terere-,em
1674 2111 1803 2177 dictum

466 2224 515 2286 est
534 2220 595 2304 (uti
610 2221 679 2285 iam
696 2219 794 2285 Dion.
812 2224 925 2300 notat,
949 2217 1079 2307 Weiss),
1095 2218 1254 2306 quamvis
1269 2217 1375 2308 aliqui
1387 2218 1424 2285 id
1443 2218 1484 2285 de
1500 2224 1593 2285 eruto
1609 2219 1803 2308 pavimento

468 2325 535 2392 dici
556 2331 736 2408 censeant;
757 2326 807 2392 ita
829 2325 1004 2416 apertione
1024 2325 1113 2392 facta
1136 2323 1365 2392 sabtnt'seiatnt
1380 2325 1545 2415 (funibus)
1562 2322 1742 2414 preliatum
1767 2324 1803 2388 in

465 2454 532 2521 quo
547 2431 764 2522 paralyticus
782 2432 934 2516 iaccbat,
953 2433 1003 2498 uti
1022 2437 1100 2499 Luc.
1124 2437 1206 2515 5,l9
1228 2454 1290 2522 per
1310 2430 1443 2518 tegulas
1464 2433 1705 2498 summiserunt
1725 2453 1801 2496 eum

466 2539 643 2605 enmlecto
664 2540 698 2604 in
718 2539 870 2606 medium
890 2545 968 2606 ante
988 2544 1111 2605 lesum.

506 2744 612 2822 Aliqui
633 2745 808 2822 opinantur
826 2745 991 2806 Christum
1012 2744 1160 2805 docuisse
1183 2744 1216 2802 in
1234 2744 1330 2815 atrio;
1351 2744 1382 2803 id
1404 2744 1539 2821 quodni
1561 2745 1621 2803 alia
1642 2744 1802 2802 obstarent

465 2842 627 2920 probabile
641 2842 743 2902 videri
754 2847 863 2920 posset
879 2842 956 2920 quia
970 2841 1088 2903 dicitur
1098 2860 1127 2900 v.
1140 2843 1202 2901 ‘tet
1215 2840 1409 2919 loquebatur
1422 2842 1467 2902 eis
1479 2842 1623 2910 verbnm,
1636 2845 1799 2918 postquam

465 2938 627 2999 narratum
646 2943 749 3000 estne
768 2957 805 3001 ea
820 2939 954 3018 quidem
971 2939 1041 3000 loca
1059 2939 1099 2999 ad
1120 2939 1250 2999 ianuam
1265 2939 1405 3018 potuisse
1420 2956 1531 3017 capere
1547 2939 1714 2999 hominum
1737 2945 1801 2997 tur-

465 3037 531 3096 bas.
555 3037 642 3108 Quod
665 3041 771 3097 autem
796 3037 835 3097 de
857 3037 1033 3098 nudatione
1053 3037 1127 3098 tecti
1148 3037 1268 3097 dicitur
1286 3038 1448 3115 accipiunt
1467 3037 1505 3097 de
1527 3037 1623 3096 lorica
1643 3037 1690 3095 vel
1711 3054 1800 3096 muro

464 3136 536 3194 tecti
555 3152 651 3211 quam
668 3134 802 3195 loricam
821 3121 1016 3196 removerint
1037 3139 1072 3195 ut
1091 3140 1223 3212 possent
1241 3135 1361 3195 lectum
1379 3135 1557 3195 demittere.
1574 3136 1667 3194 Erant
1682 3135 1799 3211 quippe

463 3236 546 3293 tecta
559 3231 728 3292 domorum
744 3250 783 3293 ne
799 3233 873 3310 quis
889 3232 1051 3293 decideret
1065 3234 1169 3293 cincta
1183 3232 1281 3292 lorica
1296 3249 1351 3293 seu
1367 3250 1456 3292 muro
1472 3234 1527 3309 qui
1543 3251 1647 3292 versus
1663 3233 1799 3309 plateam

464 3335 496 3390 et
515 3347 620 3389 aream
640 3328 755 3390 domus
773 3335 840 3391 tam
855 3331 918 3391 alte
936 3347 1100 3409 assurgere
1116 3330 1254 3403 solebat,
1270 3336 1306 3389 ut
1321 3332 1388 3390 viro
1409 3330 1473 3390 lere
1493 3330 1532 3390 ad
1552 3337 1662 3408 peetus
1679 3330 1798 3407 pertin-

373 3478 375 3482 .
462 3431 561 3506 geret.
581 3427 747 3488 Eiusmodi
768 3444 877 3489 murus
895 3445 932 3488 en
951 3427 1031 3507 legis
1050 3428 1250 3505 praescripto
1266 3429 1332 3487 lieri
1349 3427 1461 3488 debuit
1476 3429 1565 3488 Deut.
1584 3430 1663 3496 eea.
1683 3428 1798 3486 Verum

462 3522 539 3584 haec
553 3525 722 3602 explicatio
738 3526 822 3585 viros
838 3526 910 3585 illos
932 3525 1017 3585 bunc
1032 3524 1187 3604 parietem
1206 3542 1277 3585 esse
1293 3525 1480 3595 demolitos,
1498 3531 1534 3584 ut
1548 3526 1753 3603 paralyticum
1768 3526 1797 3582 in

461 3637 569 3680 aream
584 3621 792 3682 demitterent
803 3621 896 3701 (laba
909 3623 929 3682 l.
944 3623 999 3702 c),
1011 3622 1116 3683 verbis
1126 3623 1229 3700 planis
1243 3626 1275 3682 et
1288 3622 1371 3700 apud
1387 3624 1524 3682 Marcum
1541 3631 1570 3682 et
1584 3622 1667 3700 apud
1683 3624 1797 3681 Lucam

461 3719 617 3778 contraria
642 3724 700 3778 est.
729 3719 858 3780 Meliore
882 3718 979 3780 modo
996 3737 1063 3780 rem
1084 3720 1209 3799 concipi
1229 3737 1323 3798 posse
1343 3719 1483 3780 ostendit
1506 3722 1626 3789 Cotra.,·
1645 3722 1676 3778 iu
1692 3718 1797 3777 medio

460 3832 552 3875 areae
577 3817 650 3876 tecti
675 3817 777 3894 spatio
796 3817 939 3897 patuisse
960 3817 1132 3879 fenestram
1153 3818 1249 3877 valvis
1271 3818 1409 3896 desuper
1433 3818 1615 3896 patentibus
1641 3817 1794 3877 clausam.

461 3913 578 3973 additis
591 3914 711 3974 circum
725 3916 887 3988 cancellis,
904 3917 1062 3976 —valvae
1076 3914 1320 3984 extollebantur,
1337 3933 1410 3975 cum
1426 3916 1487 3975 diei
1503 3916 1556 3976 lux
1573 3917 1602 3975 in
1619 3916 1796 3974 subiectum

461 4011 610 4071 conclave
626 4017 692 4072 erat
707 4013 919 4084 admittenda3
934 4013 1173 4082 claudebantur,
1191 4030 1264 4073 cum
1277 4014 1395 4073 nimius
1410 4019 1493 4073 esset
1509 4014 1582 4073 solis
1599 4020 1713 4083 aestus,
1730 4012 1795 4071 sive

461 4107 584 4186 plueret
601 4110 650 4169 rel
673 4111 836 4189 ningeret,
854 4146 892 4154 —
912 4110 968 4170 has
988 4111 1087 4189 igitur
1106 4111 1214 4171 valvas
1234 4129 1302 4172 esse
1324 4112 1479 4183 sublatas;
1497 4113 1551 4172 sed
1573 4119 1604 4171 ut
1623 4111 1795 4170 narrationi

461 4206 592 4266 satisfiat
607 4207 721 4267 saltem
736 4207 809 4268 addi
826 4213 952 4287 oportet
967 4209 1104 4286 spatium
1115 4210 1277 4269 valvarum
1289 4227 1352 4268 non
1365 4210 1526 4269 suffecisse
1542 4216 1572 4268 ct
1590 4209 1706 4268 idcireo
1723 4226 1793 4285 par-

462 4307 525 4362 tem
541 4321 670 4381 quoque
687 4308 763 4366 tecti
779 4325 849 4368 esse
868 4313 1035 4368 remotam.

500 4401 661 4472 Quaerunt
677 4404 775 4463 etiam
791 4405 823 4464 in
838 4423 901 4483 quo
914 4405 1057 4466 conclavi
1074 4405 1219 4466 Christus
1234 4406 1389 4466 docuerit.
1405 4406 1511 4483 Aliqui
1525 4407 1634 4465 volunt
1652 4407 1681 4463 in
1699 4423 1793 4481 snpe-

461 4498 543 4559 riore
562 4500 717 4573 conclavi,
737 4502 812 4579 quia
828 4522 865 4563 er
879 4508 965 4564 tecto
982 4502 1153 4563 demittant
1168 4508 1200 4563 et
1217 4504 1292 4581 quia
1308 4505 1414 4564 ludaei
1436 4506 1466 4562 in
1488 4504 1633 4564 conclave
1649 4503 1793 4580 superius

461 4597 631 4657 ascendere
650 4602 893 4674 consueverint,
910 4619 981 4662 cum
998 4600 1037 4661 de
1053 4602 1147 4662 rebus
1163 4603 1200 4661 ad
1218 4603 1404 4680 religionem
1420 4602 1650 4680 pertinentibus
1667 4605 1794 4678 rigerent

460 4695 628 4775 (Lipttsoot
641 4696 680 4757 ad
696 4697 727 4757 h.
743 4698 763 4757 l.
780 4699 916 4774 Setiam,
933 4699 1052 4779 Meyer).
1071 4701 1111 4759 At
1130 4699 1275 4761 dubitare
1291 4700 1366 4760 licet
1381 4701 1566 4761 habueritne
1583 4700 1696 4760 titinius
1710 4699 1792 4758 Petri

460 4793 538 4854 duas
553 4796 823 4873 contignationes;
841 4799 1036 4876 probabilius
1050 4802 1098 4858 est
1109 4798 1242 4860 domum
1258 4798 1344 4860 nulla
1359 4799 1454 4860 luisse
1467 4800 1703 4877 contignatione
1719 4799 1795 4858 clivi-

461 4909 541 4961 sam,
560 4895 604 4952 uti
621 4895 790 4972 plerasque
806 4913 889 4956 nunc
904 4896 937 4955 in
952 4898 1074 4959 oriente
1090 4903 1264 4958 consuetas
1284 4897 1428 4977 (caina
1447 4897 1520 4958 dein
1535 4915 1570 4955 ox
1590 4898 1730 4957 conclusi
1746 4900 1792 4956 in·
