3960 5654
1751 472 1788 530 81

464 612 507 679 ad
524 618 668 685 eandem
692 638 830 708 quoque
849 639 925 686 suos
942 620 1118 688 erudiebat
1138 616 1334 706 discipulos.
1362 618 1454 694 Quod
1481 619 1594 708 itaque
1623 619 1791 709 pharisaei

464 729 583 790 contra
597 729 702 792 lesum
723 722 786 788 hoc
808 724 884 792 loco
913 734 1065 806 movent,
1093 724 1196 813 plane
1219 731 1338 812 aptum
1362 731 1434 789 erat
1449 746 1515 813 quo
1532 727 1604 792 eius
1619 726 1711 814 apud
1732 748 1793 813 po-

464 829 584 916 pulum
602 829 840 898 existimationi
861 833 1104 900 detrimentum
1119 830 1304 896 inferretur
1320 829 1410 895 baud
1433 853 1588 918 parvum.
1614 833 1796 898 Videbatur

466 937 558 1002 enirn
573 957 642 1001 non
656 935 766 1002 solurn
784 939 941 1005 recedere
961 958 981 1003 a
1000 959 1094 1003 more
1115 937 1374 1026 pharisaeorum
1390 936 1582 1018 ieiunandi,
1603 939 1695 1027 quod
1711 941 1794 1003 ieiu-

468 1043 602 1108 niorum
622 1044 817 1110 exercitium
843 1050 959 1110 tamen
983 1044 1096 1109 multis
1115 1067 1142 1110 s.
1169 1045 1366 1132 scripturae
1392 1042 1472 1108 locis
1492 1045 1797 1110 commendabatur

468 1148 526 1236 (cf.
544 1151 642 1213 Num.
661 1155 774 1227 30,11ι.
796 1148 869 1216 lud.
889 1155 1003 1229 2036.
1028 1158 1043 1216 1
1065 1155 1147 1236 Reg.
1166 1157 1240 1231 7,6;
1268 1156 1381 1230 31,13.
1404 1156 1424 1214 ἓ
1452 1154 1534 1236 ltcg.
1566 1157 1655 1231 1,1·2;
1685 1158 1795 1229 laxo.

467 1261 486 1320 3
509 1258 592 1340 lteg.
614 1260 728 1337 2127.
750 1262 861 1322 2Par.
889 1263 982 1335 aaa.
1003 1256 1097 1324 Esdr.
1120 1262 1212 1338 &21-
1239 1260 1314 1322 Bar.
1340 1263 1405 1336 t,5.
1429 1261 1510 1321 ban.
1530 1265 1597 1335 9,3.
1618 1258 1682 1323 loel
1703 1265 1797 1339 rat;

466 1366 560 1442 212.
575 1356 675 1430 Zach'.
708 1370 782 1444 7,5;
809 1369 889 1442 8,19
915 1363 996 1452 etc.)
1022 1384 1140 1429 verum
1165 1364 1268 1429 etiam
1292 1384 1312 1427 a
1340 1385 1431 1428 more
1459 1366 1591 1428 loannis
1613 1365 1798 1452 baptistam

468 1489 575 1556 quare
591 1491 669 1536 cum
684 1471 712 1535 is
726 1475 821 1535 tanta
835 1471 1020 1536 sanctitatis
1038 1471 1129 1537 fama
1147 1468 1380 1535 celebraretur
1397 1470 1489 1558 apud
1505 1470 1688 1558 populum,
1714 1475 1802 1537 lesus

378 1564 381 1569 ¹
470 1577 640 1642 contrario
660 1575 795 1641 vivendi
819 1576 921 1643 modo
946 1582 1044 1642 utens
1061 1576 1160 1642 facile
1180 1574 1273 1665 plebi
1292 1577 1438 1664 proponi
1456 1578 1565 1665 potuit
1581 1599 1620 1643 ac
1639 1579 1666 1642 si
1686 1599 1802 1643 evera

470 1681 644 1768 religionis
656 1687 690 1748 et
703 1683 893 1749 sanctitatis
907 1704 1027 1750 norma
1041 1681 1145 1769 longe
1164 1682 1312 1762 abesset,
1330 1704 1398 1748 non
1414 1682 1521 1748 solum
1537 1685 1619 1771 quia
1633 1705 1711 1749 eum
1727 1706 1802 1772 pec-

469 1786 643 1854 catoribus
670 1794 789 1875 ageret
820 1789 1034 1856 familiariter
1064 1810 1253 1878 eorumque
1280 1794 1433 1854 uteretur
1458 1790 1715 1871 consuetudine,
1746 1789 1801 1854 sed

469 1894 572 1960 etiam
588 1895 669 1984 quia
683 1895 880 1963 liberiorem
900 1895 1037 1963 vivendi
1051 1896 1217 1962 rationem
1233 1895 1302 1962 suis
1317 1895 1516 1961 concederet
1532 1896 1706 1985 discipulis
1725 1897 1805 1962 alie·

469 2021 548 2065 nam
564 2023 585 2066 a
596 2000 741 2090 probata
758 2003 945 2069 sanctitate.

515 2105 612 2174 Solus
630 2112 757 2174 llarcus
775 2109 964 2197 praemittit
978 2109 1043 2198 ipsi
1059 2109 1250 2176 narrationi
1265 2131 1297 2173 v.
1317 2113 1356 2174 18
1374 2120 1406 2173 et
1419 2121 1514 2173 εναηι
1533 2107 1692 2199 discepulz'
1704 2111 1805 2175 loun-

469 2213 522 2279 nis
539 2227 572 2280 et
583 2213 761 2304 pharisaei
771 2214 960 2282 ieiunantes
966 2236 981 2298 ,·
995 2216 1063 2282 iam
1084 2214 1191 2282 Mald.
1215 2220 1310 2282 notat
1324 2215 1496 2304 duplicem
1511 2216 1595 2282 haec
1615 2216 1717 2282 verba
1744 2218 1805 2283 ha-

472 2320 553 2387 bere
573 2342 668 2411 posse
694 2343 849 2404 sensum,
872 2321 925 2388 vel
947 2329 1025 2388 tunc
1046 2343 1123 2388 cum
1139 2323 1206 2388 hoc
1220 2322 1392 2388 accideret
1415 2322 1548 2387 loannis
1565 2328 1597 2388 et
1612 2322 1804 2411 pharisaeo-

471 2449 548 2494 rum
574 2426 758 2518 discipulos
781 2450 818 2495 re
841 2430 916 2517 ipsa
937 2429 1102 2495 ieiunasse
1125 2428 1180 2494 vel
1206 2427 1293 2494 alias
1315 2429 1510 2517 frequenter
1532 2451 1588 2495 eos
1604 2430 1717 2494 solitos
1734 2451 1804 2494 esse

471 2534 636 2600 ieiunare.
665 2539 703 2601 ln
727 2556 812 2623 quas
839 2535 1023 2601 sententias
1051 2535 1258 2601 recentiores
1277 2557 1413 2622 quoque
1432 2535 1574 2611 abeunt,
1598 2535 1679 2600 dum
1695 2536 1754 2601 alii
1771 2535 1804 2600 id

470 2641 644 2729 praemitti
657 2640 779 2707 docent
792 2663 860 2731 quo
879 2646 1046 2709 statuatur
1062 2641 1107 2708 ad
1122 2642 1355 2731 quaestionem
1376 2642 1630 2728 intelligendam
1648 2665 1703 2708 eos
1720 2643 1805 2708 ieiu-

473 2746 580 2814 nandi
604 2747 884 2814 consuetudinem
915 2748 1112 2837 frequenter
1136 2770 1315 2837 usurpasse
1341 2749 1499 2837 (Sclzepq,
1528 2749 1616 2836 llisp.
1649 2749 1803 2827 Sclzonz,

471 2853 570 2942 Fit),
598 2853 656 2921 alii
687 2875 767 2920 vero
795 2861 933 2921 censent
951 2877 991 2920 eo
1016 2854 1071 2921 die
1093 2855 1129 2919 id
1156 2855 1346 2943 quaesitum
1370 2877 1439 2920 esse
1474 2877 1542 2943 quo
1571 2878 1611 2920 ex
1636 2857 1801 2920 maiorum

472 2961 827 3027 traditioneieiuniurn
843 2960 887 3028 ab
899 2961 941 3028 iis
951 2968 1144 3028 servaretur
1154 2961 1294 3050 (Meyer,
1312 2961 1428 3040 Weiss,
1442 2961 1517 3027 Keil
1523 2962 1674 3050 aliiquel.
1689 2966 1805 3027 Forma

472 3066 635 3156 loquendi
654 3079 751 3134 eram
773 3067 962 3134 ieiunantes
980 3075 1094 3134 tamen
1117 3069 1228 3154 magis
1246 3067 1399 3134 indicare
1419 3068 1552 3134 videtur
1569 3069 1604 3133 id
1624 3068 1717 3156 quod
1733 3068 1804 3134 lieri

472 3173 601 3241 solebat
624 3174 831 3263 frequenter,
851 3176 943 3265 quod
961 3196 1059 3241 usum
1089 3175 1144 3241 vel
1159 3175 1439 3241 consuetudinem
1460 3181 1668 3241 constantem
1693 3175 1805 3241 deela-

475 3287 545 3362 rat;
561 3281 605 3347 cl.
630 3288 742 3364 15,t3.
760 3287 838 3349 Luc.
856 3288 953 3362 t‚31;
972 3290 1070 3362 5,10;
1092 3288 1213 3365 23,51;
1233 3282 1311 3347 vide
1338 3284 1453 3347 Winer
1472 3282 1492 3371 ξ
1509 3289 1598 3360 t5,5.
1619 3288 1679 3348 Eos
1691 3285 1806 3347 solitos

474 3409 544 3454 esse
559 3388 711 3454 ieiunare
730 3389 845 3455 statim
865 3386 1007 3477 quidem
1020 3389 1239 3476 consequitur
1256 3410 1295 3454 ex
1313 3389 1510 3477 quaestione
1530 3412 1633 3478 quam
1655 3396 1802 3477 ponunt:

473 3493 563 3560 unde
587 3494 624 3560 id
650 3496 822 3584 praemitti
848 3517 1140 3584 supervacaneum
1167 3501 1279 3584 posset
1300 3495 1420 3563 videri.
1444 3502 1482 3561 ,lt
1512 3495 1674 3562 eiusmodi
1701 3496 1806 3561 abun·

473 3599 590 3667 dantia
609 3601 771 3668 narrandi
796 3623 866 3668 non
888 3609 937 3668 est
960 3602 1072 3668 aliena
1100 3602 1272 3668 edicendi
1293 3623 1418 3688 genere
1439 3604 1552 3684 llarci;
1571 3603 1755 3668 essentum
1774 3615 1806 3667 ee

475 3706 593 3774 dicunt
607 3705 660 3774 illi
675 3729 686 3774 :
701 3731 809 3797 quare
828 3707 988 3797 disctpuli
1001 3709 1138 3775 loannis
1154 3721 1187 3775 et
1203 3708 1463 3798 pharisoeorum
1482 3710 1653 3787 ieiunant,
1676 3711 1726 3774 tui
1741 3733 1805 3775 are-

475 3826 542 3881 tem
561 3813 722 3904 discipuli
741 3837 810 3881 non
823 3815 998 3881 ieiunant?
1012 3815 1072 3905 qui
1091 3817 1231 3882 veniunt
1250 3823 1283 3883 et
1302 3818 1490 3905 quaerunt?
1511 3816 1714 3906 respondent
1731 3819 1805 3904 qui-

474 3921 551 3988 dem
571 3922 676 4012 aliqui
697 3922 931 4011 quaestionem
946 3923 1028 4011 poni
1047 3945 1068 3988 a
1082 3921 1256 4012 discipulis
1273 3922 1478 4011 quibusdam
1497 3925 1626 3989 loannis
1642 3932 1673 3989 et
1688 3924 1804 4011 pbari-

475 4049 630 4095 saeorum
662 4029 765 4119 (lons.
794 4030 889 4115 Fil.);
919 4051 1036 4094 verum
1061 4037 1134 4095 tum
1158 4031 1271 4118 potius
1292 4037 1564 4118 exspectaremus
1591 4053 1597 4097 :
1625 4053 1728 4118 quare
1745 4053 1805 4095 nos

474 4134 679 4217 ieiunemus,
694 4137 743 4202 uti
759 4135 906 4203 habetur
919 4136 1032 4202 llatth.
1052 4143 1143 4215 t),lt.
1164 4140 1251 4203 Bene
1270 4138 1339 4203 iam
1362 4144 1456 4202 notat
1477 4140 1512 4204 S.
1534 4143 1619 4225 drap.
1640 4159 1650 4201 :
1668 4165 1681 4194 «
1702 4136 1805 4202 verba

476 4243 548 4330 ipsa
569 4264 656 4331 quae
674 4243 751 4310 illos
775 4242 896 4309 dixisse
916 4242 1006 4331 apud
1031 4248 1176 4309 llarcum
1201 4245 1326 4329 legitur
1348 4246 1459 4329 magis
1475 4245 1625 4310 indicant
1641 4244 1723 4309 alios
1741 4246 1803 4310 bor

476 4348 598 4415 dixisse
614 4348 656 4414 de
669 4349 756 4430 aliis,
775 4349 809 4415 id
824 4356 873 4415 est
888 4351 1048 4415 convivas
1067 4352 1127 4439 qui
1148 4350 1291 4417 aderant
1307 4353 1435 4417 venisse
1450 4352 1491 4417 ad
1511 4356 1617 4417 lesum
1639 4359 1672 4416 et
1691 4352 1754 4417 boe
1773 4353 1803 4415 ei

478 4455 520 4521 de
547 4455 615 4522 illis
640 4455 772 4540 dixisse,
801 4463 838 4522 ut
863 4456 955 4546 quod
981 4458 1029 4523 ait
1050 4459 1205 4537 veniunt,
1231 4479 1300 4523 non
1322 4458 1364 4524 de
1384 4460 1463 4546 ipsis
1483 4458 1607 4523 dixerit
1623 4456 1664 4523 do
1682 4460 1805 4546 ‹pribus

479 4564 728 4653 interposuerat
746 4575 778 4629 et
792 4575 890 4629 erant
913 4563 1074 4654 dz'scipulz'
1093 4566 1232 4630 loannis
1260 4579 1291 4631 et
1310 4565 1486 4653 plema'suei
1513 4565 1716 4642 iee‘rmantrx,
1748 4565 1802 4630 sed

479 4692 557 4736 cum
580 4671 634 4736 isti
649 4678 760 4737 essent
777 4672 982 4751 ieiunanteS,
1001 4672 1141 4737 veniunt
1156 4671 1208 4737 illi
1229 4695 1313 4762 quos
1335 4673 1398 4738 hoc
1415 4680 1524 4738 movet
1540 4681 1572 4738 et
1587 4673 1703 4738 dieunt
1726 4672 1773 4735 illi
1796 4695 1801 4736 :

478 4800 539 4845 cur
564 4778 723 4868 discipuli
751 4783 816 4845 etc.
846 4806 862 4838 »
893 4777 949 4868 (de
976 4801 1068 4845 cons.
1094 4802 1218 4866 evang.
1252 4785 1343 4858 220.
1369 4787 1425 4850 62)
1447 4790 1478 4846 et
1509 4780 1663 4846 similiter
1684 4780 1805 4843 llrrlu:

480 4913 496 4946 «
513 4884 569 4952 hic
588 4886 637 4952 ita
650 4908 769 4953 sonare
780 4884 913 4952 videtur
928 4886 1144 4972 evangelicus
1159 4910 1270 4955 sermo
1287 4890 1384 4975 quasi
1401 4888 1457 4954 alii
1475 4888 1584 4977 aliqui
1606 4909 1688 4974 quos
1707 4887 1807 4951 lnxius

932 5003 1120 5053 Kasos-:noxum
1138 5015 1163 5053 m
1181 5005 1265 5055 lianc
1282 5029 1313 5040 -
1331 5009 1355 5053 a.
