3960 5654
842 372 883 417 ne
900 376 1047 424 suasinus
1067 371 1363 417 rurenrnnrxuours.
1729 363 1766 422 lt)

438 504 609 575 rationum
623 505 850 575 similitudine
868 517 901 578 et
921 508 1162 577 conformitate
1179 507 1369 575 constitutis
1385 509 1614 593 (Commentar
1630 507 1716 572 uber
1729 511 1763 577 d.

436 613 494 678 Ev.
518 620 593 681 Luc.
616 638 649 702 p.
678 612 744 699 12);
769 622 920 683 ceterum
938 614 1015 679 vide
1036 615 1204 682 Stimmen
1225 637 1286 681 aus
1308 614 1539 680 illaria-Laach
1559 620 1625 682 XXt
1646 637 1679 702 p.
1703 620 1767 679 297

436 737 521 807 seq.;
543 722 635 786 xxvl
651 740 683 806 p.
705 727 778 789 199.

760 895 815 944 lv.
835 918 871 928 -
890 892 938 941 De
958 892 1120 944 subsldlis
1140 892 1444 955 interpretationls.

482 1042 526 1102 Ex
541 1035 791 1125 antiquioribus
807 1039 907 1125 pauci
923 1039 956 1103 in
973 1044 1119 1106 Marcum
1137 1038 1359 1127 scripserunt.
1381 1042 1463 1103 Cum
1480 1039 1570 1104 enim
1587 1038 1655 1103 lere
1671 1041 1769 1105 totius

437 1143 605 1228 evangelii
626 1145 727 1211 huius
737 1150 979 1230 argumentum
996 1146 1063 1212 iarn
1077 1145 1168 1233 apud
1186 1146 1390 1211 Matthaeum
1407 1145 1588 1230 legeretur,
1602 1147 1768 1212 censuisse

437 1246 595 1316 videntur
606 1252 772 1340 explicato
788 1251 954 1316 Hattlraeo
966 1254 1069 1317 etiam
1085 1251 1182 1316 Harci
1198 1251 1354 1316 libellum
1370 1272 1438 1316 esse
1453 1253 1534 1316 satis
1549 1251 1765 1340 explicatum.

439 1359 549 1422 Exstat
558 1363 675 1423 catena
689 1377 814 1442 graeca
828 1357 863 1423 in
877 1363 1022 1424 llarcum
1037 1379 1141 1446 quam
1157 1380 1176 1423 e
1193 1357 1294 1423 codd.
1313 1357 1404 1422 bodl.
1423 1365 1456 1423 et
1471 1380 1544 1445 par.
1561 1358 1670 1423 edidit
1682 1363 1711 1424 J.
1730 1364 1766 1422 Α.

438 1465 586 1537 Cramer,
607 1464 723 1529 Oxonii
745 1469 829 1531 isat
850 1485 858 1530 :
878 1466 1002 1530 Calena
1022 1485 1225 1550 graecorum
1245 1468 1380 1528 Petrum
1403 1464 1437 1528 in
1462 1486 1587 1530 novum
1606 1470 1681 1530 test.
1705 1469 1715 1530 l
1733 1487 1767 1553 p.

438 1574 599 1635 eoa-tta.
621 1571 744 1635 Calena
761 1570 845 1635 haec
862 1571 896 1634 in
908 1575 1054 1635 Harcum
1066 1570 1173 1656 vulgo
1191 1569 1398 1636 adscribitur
1411 1571 1533 1635 Victori
1549 1571 1765 1649 antiocheno,

438 1696 543 1764 quare
558 1675 632 1741 eius
646 1677 785 1742 nomine
808 1676 893 1741 Vict.
912 1676 947 1742 in
966 1676 1031 1742 hoc
1046 1699 1184 1765 quoque
1198 1677 1442 1742 commentario
1458 1675 1629 1742 laudatur.
1647 1681 1769 1742 Prooe-

439 1781 546 1846 mium
570 1781 709 1870 quidem
738 1783 838 1849 huius
856 1789 995 1849 catenae
1020 1783 1114 1872 quod
1134 1785 1168 1848 in
1195 1782 1311 1849 codice
1334 1783 1517 1848 bodleiano
1540 1785 1666 1870 legitur
1686 1804 1770 1872 opus

438 1886 504 1955 hoc
518 1891 550 1954 S.
570 1888 695 1974 Cyrillo
711 1890 933 1955 alexandrino
952 1891 1120 1975 assignat,
1138 1889 1192 1955 cui
1211 1890 1365 1978 opinioni
1381 1894 1520 1956 Cramer
1534 1892 1647 1978 potius
1664 1912 1699 1955 se
1717 1912 1770 1956 as·
1809 1936 1813 1948 ·

438 1994 555 2060 sentiri
576 1995 702 2060 fatetur
718 1997 739 2061 l.
762 2019 791 2061 c.
815 2019 848 2085 p.
876 2000 1018 2074 XXVlll;
1042 2018 1159 2062 verum
1184 1995 1227 2061 de
1250 2004 1387 2062 arrctore
1408 2018 1475 2062 non
1500 1995 1601 2085 plane
1620 2000 1771 2062 constare

438 2101 510 2190 ipse
521 2123 656 2191 quoque
664 2101 824 2169 admittit.
839 2104 1004 2189 Egraecis
1014 2101 1214 2169 nominandi
1224 2113 1302 2167 sunt
1312 2102 1770 2192 theophylactusfflreoplt.)

440 2210 486 2274 Μ.
507 2214 744 2290 matexam,
771 2211 829 2298 qui
853 2209 1004 2274 breviter
1024 2216 1150 2275 textum
1170 2215 1309 2275 enarrat
1330 2216 1363 2274 et
1389 2208 1479 2275 haud
1501 2231 1578 2275 raro
1593 2209 1772 2296 allegorias

439 2337 575 2403 quoque
594 2322 752 2397 sectatur,
772 2323 805 2381 et
826 2315 1184 2404 &thymius-(Eucti.)
1201 2318 1248 2380 M.
1272 2316 1587 2404 129,769-852‚qui
1610 2318 1770 2382 tamenin

440 2419 597 2510 plurimis
612 2423 692 2488 locis
706 2422 750 2488 ad
763 2445 862 2488 suum
877 2423 912 2488 iu
928 2424 1133 2489 Matthaeum
1144 2423 1428 2489 commentarium
1450 2423 1600 2488 remittit.
1618 2425 1771 2489 Ceterum

441 2533 622 2617 utrumque
637 2528 730 2595 haud
747 2552 855 2618 pauca
875 2530 997 2595 allerre
1017 2530 1051 2595 in
1070 2551 1166 2594 usum
1187 2528 1477 2618 interpretationis
1494 2528 1605 2607 utilia,
1626 2530 1695 2594 sive
1716 2528 1770 2594 illa

440 2634 559 2701 hausta
574 2643 653 2701 sunt
673 2659 711 2701 ex
734 2638 897 2722 Origene,
916 2638 1079 2723 Gregorio
1099 2658 1187 2718 naz„
1206 2636 1459 2722 chrysostomo,
1482 2637 1551 2701 sive
1572 2658 1611 2702 cx
1633 2636 1771 2725 proprio

440 2742 612 2830 utriusque
630 2764 720 2830 penu
735 2743 957 2832 deprompta,
975 2766 1014 2809 ex
1029 2742 1276 2809 commentario
1297 2743 1361 2807 lroc
1380 2741 1494 2807 videre
1512 2743 1652 2831 poteris;
1674 2764 1773 2830 saepe

440 2849 531 2914 enim
545 2870 602 2914 eos
618 2849 771 2915 laudatos
787 2852 948 2938 reperies.

483 2954 583 3043 Apud
601 2956 732 3021 Latinos
751 2957 908 3022 teruntur
923 2957 1011 3021 inter
1026 2977 1131 3043 opera
1151 2960 1185 3022 S.
1210 2956 1404 3041 Hieronymi
1422 2955 1633 3044 supposititia
1652 2955 1719 3020 duo
1739 2957 1772 3021 in

440 3065 584 3127 Hereum
608 3065 858 3142 commentarii;
877 3063 971 3151 prior
991 3065 1025 3128 in
1050 3063 1260 3150 expositione
1281 3068 1429 3150 quatuor
1452 3063 1710 3147 evangeliorum
1731 3061 1773 3128 de

440 3166 536 3234 brevi
550 3168 732 3256 proverbio
747 3169 855 3250 edita,
873 3172 910 3234 M
913 3222 919 3234 .
942 3174 1167 3251 arpeo-5673
1186 3169 1273 3233 alter
1287 3175 1450 3246 sex-otu
1467 3168 1523 3234 ille
1536 3173 1624 3234 totus
1643 3170 1675 3233 in
1691 3167 1774 3234 alle·
1815 3189 1817 3191 ’

441 3274 547 3360 goriis
573 3274 675 3355 ludit,
703 3298 812 3364 neque
836 3276 890 3342 liic
914 3276 1211 3342 commendatione
1237 3275 1364 3360 dignus
1390 3282 1454 3353 est,
1479 3297 1499 3340 a
1523 3275 1624 3340 modo
1647 3283 1681 3341 et
1702 3283 1774 3342 arte

442 3373 474 3449 S]
499 3381 693 3468 Hieronymi
717 3384 863 3447 maxime
887 3384 1034 3458 alienus3
1057 3404 1077 3448 a
1099 3380 1274 3448 nonnullis
1301 3388 1413 3446 tamen
1438 3380 1501 3447 sub
1526 3382 1663 3448 nomine
1684 3382 1772 3448 Hier.

442 3494 491 3554 est
505 3486 688 3574 aHegatus;
705 3510 782 3554 eum
799 3490 968 3555 Pau-Hier.
985 3491 1109 3555 rectius
1124 3488 1226 3554 dices.
1246 3487 1312 3554 Sed
1330 3488 1430 3554 laude
1445 3487 1552 3573 digna
1562 3494 1612 3554 est
1627 3490 1661 3554 in
1676 3490 1774 3555 Marci

442 3596 656 3682 evangelium
679 3596 854 3684 expositio,
872 3618 976 3685 qnam
997 3595 1088 3662 Beda
1109 3595 1315 3661 venerabilis
1332 3596 1468 3660 hortatu
1488 3600 1596 3661 Accae
1617 3597 1773 3661 antistitis

443 3701 657 3791 aliorumque
672 3702 815 3768 fratrum
831 3704 1029 3792 conscripsit
1050 3705 1107 3785 (M.
1123 3705 1362 3786 tama-302).
1381 3706 1484 3778 Quem
1496 3706 1629 3767 secutus
1645 3703 1688 3767 sit
1702 3724 1773 3769 mo·

443 3807 524 3874 dum
547 3809 617 3897 ipse
641 3809 786 3897 explicat
810 3812 842 3875 in
862 3811 1004 3898 epistola
1027 3810 1071 3875 ad
1092 3816 1213 3876 Accam
1233 3832 1240 3876 :
1264 3838 1279 3868 ι(
1304 3810 1447 3875 maxime
1475 3831 1562 3896 quae
1585 3810 1622 3873 in
1639 3813 1774 3874 Patrum

444 3915 689 3981 venerabilium
703 3917 865 4006 exemplis
879 3917 1072 3982 invenimus
1082 3918 1160 3981 hinc
1176 3915 1258 3981 inde
1271 3916 1413 3982 collecta
1426 3936 1551 4004 ponere
1564 3915 1770 3996 curabimus;

443 4020 501 4087 sed
517 4028 552 4087 et
567 4022 729 4089 nonnulla
745 4024 885 4112 propria
896 4023 940 4089 ad
955 4025 1179 4089 imitationem
1191 4045 1309 4089 sensus
1322 4044 1456 4093 corum.
1473 4022 1532 4087 uti
1546 4029 1774 4111 opportunum

445 4126 625 4206 videbitur,
638 4130 892 4218 interponemus
903 4129 1132 4219 lectoremque
1148 4131 1289 4219 supplex
1301 4130 1456 4211 obsecro,
1474 4136 1510 4194 ut
1525 4128 1552 4193 si
1566 4130 1650 4195 haec
1663 4138 1775 4195 nostra

445 4233 606 4323 opuscula
623 4239 899 4326 transscriptione
917 4237 1022 4323 digna
1038 4238 1186 4317 duxerit,
1201 4238 1452 4303 annotationem
1468 4237 1645 4302 nominum
1659 4258 1776 4302 eorum

446 4363 533 4430 quae
547 4364 650 4431 supra
670 4345 823 4432 apposita
838 4351 932 4422 sunt,
953 4345 1100 4431 diligens
1118 4344 1287 4433 scriptura
1303 4349 1479 4409 conservet
1500 4371 1529 4422 »‚
1548 4344 1640 4431 quod
1662 4343 1776 4431 utique

446 4448 570 4515 laetum
588 4472 653 4515 non
671 4459 731 4516 est.
746 4455 802 4516 Sat
818 4453 924 4517 multa
941 4452 1043 4517 relert
1059 4451 1147 4517 Beda
1161 4475 1201 4517 ox
1217 4457 1248 4517 S.
1265 4450 1441 4516 Ambrosio
1456 4457 1490 4515 et
1505 4449 1706 4537 Hieronymo
1723 4450 1778 4515 de-

448 4563 622 4644 prompta,
640 4558 757 4646 aliqua
776 4559 880 4623 etiarn
899 4582 937 4624 ex
952 4564 984 4623 S.
999 4561 1198 4644 Augustino.
1218 4558 1469 4647 Expositionem
1488 4557 1524 4622 in
1539 4562 1682 4622 Marcum
1698 4555 1784 4623 con-²

447 4663 581 4752 scripsit
593 4663 652 4731 diu
669 4667 993 4754 postexpositionem
1008 4667 1177 4753 evangelii
1195 4671 1315 4733 Lucae.
1334 4665 1380 4730 uti
1397 4665 1467 4752 ipse
1488 4663 1570 4730 dicit
1589 4665 1623 4729 in
1638 4664 1780 4754 epistola

448 4770 490 4838 ad
507 4778 640 4839 Accam.
658 4772 964 4840 Commemoranda
978 4781 1025 4840 est
1043 4780 1162 4842 catena
1175 4796 1283 4841 aurea
1296 4778 1328 4839 S.
1348 4773 1496 4838 Tlromae
1510 4771 1543 4837 iu
1559 4773 1657 4838 Harci
1677 4797 1782 4842 eran.
