3960 5654
186 508 246 568 ³71
710 527 800 569 111111.
825 511 872 578 11,
895 509 996 569 alea.

183 676 219 718 ac
236 660 331 718 tacita
352 654 572 716 admonitione
598 663 805 728 conveniens,
831 662 863 716 ut
885 658 1007 720 facilius
1032 659 1203 738 corrigeret
1225 657 1394 734 poenitudo
1418 674 1516 733 quem

183 755 271 814 nulla
286 753 494 813 deformasset
508 755 656 817 abiectio.
673 760 744 829 Cur,
766 755 874 815 infelix
890 758 980 828 luda,
998 764 1085 817 tanta
1104 755 1300 832 benignitate
1319 772 1380 814 non
1396 754 1517 814 uteris?

183 870 256 912 ecce
280 850 380 927 parcit
399 850 527 911 ausibus
549 857 611 914 tuis
632 858 785 916 Dominus
805 858 836 911 et
853 853 930 913 nulli
951 856 1058 915 tenisi
1080 857 1137 915 tibi
1158 853 1276 913 indicat
1290 854 1441 923 Christus,
1459 868 1518 911 nee

183 965 299 1008 nomen
324 953 414 1006 tuum
433 967 491 1009 neo
517 969 654 1029 persona
678 952 848 1028 detegitur,
870 952 925 1012 sed
946 954 1086 1012 veritatis
1108 958 1140 1013 et
1161 950 1397 1010 misericordiae
1421 949 1517 1008 verbo

183 1044 287 1104 cordis
313 1051 434 1105 tantum
456 1049 502 1108 tui
522 1067 635 1110 areana
655 1054 840 1127 tanguntur.
866 1049 943 1109 Redi
964 1052 996 1110 in
1017 1051 1175 1127 integrum
1196 1053 1227 1107 et
1247 1046 1392 1125 deposito
1413 1047 1516 1106 lurore

183 1142 349 1220 resipiscet
375 1144 549 1206 Clementia
572 1148 700 1215 invitat,
723 1146 805 1204 salus
825 1147 945 1221 pulsat,
967 1147 1005 1206 ad
1027 1147 1124 1205 vitam
1148 1152 1177 1206 te
1199 1146 1262 1203 vita
1281 1150 1416 1205 revocat.
1439 1147 1516 1204 Ecoe

182 1239 379 1301 immaculati
398 1248 430 1302 et
450 1244 642 1303 innocentes
662 1242 873 1319 condiscipuli
891 1246 937 1304 tui
958 1244 995 1304 ad
1018 1244 1284 1321 significationem
1303 1242 1449 1302 laeinoris
1463 1259 1517 1301 ex-

183 1345 355 1415 pavescunt
371 1346 403 1399 et
417 1357 529 1400 omnes
545 1342 606 1400 sibi
624 1360 685 1400 non
703 1341 789 1399 editu
806 1340 980 1419 impietatis
996 1345 1125 1401 auclore
1140 1339 1321 1401 formidant.
1333 1339 1517 1400 Contristati

183 1434 269 1494 enim
286 1443 359 1497 sunt
374 1455 437 1498 uon
452 1437 492 1497 de
508 1440 719 1498 conscientiae
733 1443 834 1505 reatu,
849 1440 904 1499 sed
921 1439 960 1499 de
973 1439 1130 1499 humanae
1146 1437 1369 1498 mutabilitatis
1384 1438 1515 1509 incerto,

184 1532 334 1595 timentes
348 1553 386 1595 ne
403 1535 512 1594 minus
527 1553 636 1595 verum
652 1540 736 1595 esset
750 1535 835 1612 quod
852 1537 884 1595 in
899 1555 932 1597 se
946 1538 1083 1614 quisque
1095 1542 1228 1597 noverat
1240 1552 1334 1613 quam
1350 1534 1435 1612 quod
1449 1534 1519 1612 ipsa

182 1632 295 1691 veritas
315 1632 533 1711 praevidebat.
552 1634 597 1694 Tu
613 1639 721 1694 autem
744 1635 775 1692 in
796 1634 852 1694 hac
867 1635 1078 1713 trepidatione
1099 1639 1281 1693 sanctorum
1299 1632 1439 1692 abuteris
1454 1634 1516 1692 Do-

183 1730 264 1788 mini
280 1730 477 1807 patientiaet
489 1731 640 1790 abscondi
653 1736 682 1791 te
700 1737 752 1789 tua
766 1732 868 1791 credis
883 1732 1027 1792 audacia.
1040 1731 1139 1790 hddis
1155 1731 1387 1809 impudentiam
1403 1729 1516 1790 sceleri

183 1844 241 1886 nec
257 1828 346 1905 signo
362 1826 559 1887 evidentiore
573 1829 701 1888 terreris
719 1847 750 1900 ›»;
765 1829 804 1887 cl.
823 1828 932 1888 llattb.
947 1831 1048 1899 2625.

228 2051 312 2112 Cum
339 2047 509 2136 apostolus
539 2049 666 2115 scribat
694 2072 701 2113 :
732 2049 859 2136 pascha
886 2056 1038 2115 nostrum
1070 2051 1265 2116 immolatus
1295 2055 1344 2114 est
1371 2048 1519 2114 Christus

183 2153 212 2240 (1
236 2156 310 2218 Cor.
329 2157 413 2240 5,7)‚
429 2160 546 2242 aperte
560 2154 689 2221 indicat
710 2177 837 2242 agnum
855 2155 1049 2245 paschalem
1065 2157 1166 2222 luisse
1187 2156 1333 2241 liguram
1346 2162 1379 2220 et
1399 2161 1518 2243 typum

184 2258 320 2324 Christi.
337 2264 445 2336 Quare
461 2282 598 2348 prorsus
617 2270 691 2327 erat
704 2264 911 2328 conveniens
922 2270 959 2327 ut
971 2263 1123 2329 Christus
1136 2262 1266 2351 expleta
1279 2284 1384 2328 coena
1402 2262 1520 2350 typica

182 2387 278 2431 suam
297 2365 394 2431 nobis
415 2366 512 2432 daret
533 2390 693 2445 coenam,
717 2371 751 2433 in
772 2391 842 2457 qua
866 2371 933 2436 iam
955 2392 1021 2435 non
1044 2390 1155 2454 agnus
1169 2368 1227 2434 ille
1255 2369 1386 2456 typicus
1407 2390 1518 2433 come-

183 2470 287 2547 ditur,
305 2471 363 2537 sed
380 2494 478 2538 verus
493 2473 550 2540 ille
569 2481 685 2561 Agnus
706 2478 762 2542 Dei
779 2477 838 2563 qui
854 2476 942 2542 tollit
962 2481 1139 2565 peecatum
1156 2474 1274 2541 mundi
1290 2476 1392 2562 (loan.
1412 2475 1515 2561 129).

183 2585 300 2665 hguus
322 2580 447 2668 quippe
463 2581 633 2669 paschalis
649 2582 868 2668 significabat
892 2582 1061 2648 Christum
1080 2604 1147 2648 non
1172 2583 1282 2647 solum
1301 2586 1337 2646 ut
1353 2581 1516 2659 hostiam,

183 2684 242 2750 sed
259 2687 362 2751 etiam
376 2696 413 2752 ut
433 2687 565 2770 cibum,
581 2691 659 2777 quia
677 2712 787 2775 agnus
807 2690 865 2755 ille
877 2712 943 2755 non
956 2689 1066 2755 solum
1082 2688 1324 2754 immolabatur
1338 2687 1396 2753 sed
1414 2687 1517 2753 etiam

183 2792 447 2871 comedebatur3
465 2796 606 2879 sanguis
628 2797 700 2862 eius
719 2797 935 2883 significabat
955 2797 1112 2862 ellectum
1134 2795 1376 2885 redemptionis
1395 2794 1518 2860 Christi

186 2919 365 2986 perquem
386 2901 430 2964 ab
450 2904 712 2968 exterminatore
736 2905 880 2992 protecti
906 2909 939 2968 et
959 2925 980 2968 a
1003 2904 1163 2968 servitute
1189 2903 1390 2990 aegyptiaca
1411 2900 1519 2989 erepti

184 3026 301 3069 sumus
333 3006 390 3091 (cl.
415 3008 451 3072 S.
483 3009 584 3096 Greq.
611 3008 703 3074 hom.
738 3011 772 3073 in
797 3030 920 3094 evang.
945 3015 1025 3087 2251
1049 3031 1120 3097 seq.
1151 3009 1265 3073 l'lvom.
1286 3014 1305 3073 3
1329 3030 1362 3095 p.
1394 3029 1452 3095 qu.
1477 3013 1518 3072 73

185 3117 249 3176 art.
272 3112 318 3194 o).
339 3117 447 3189 Quare
474 3124 548 3201 post
574 3137 715 3181 coenam
740 3116 934 3204 paschalem
957 3115 1146 3180 instituitur
1164 3137 1191 3179 s.
1214 3113 1434 3191 eucharistia,
1456 3134 1520 3200 per

186 3239 290 3306 quam
307 3220 495 3284 secundum
517 3221 638 3286 Christi
667 3224 771 3288 verba
794 3221 985 3288 veranobis
1008 3223 1093 3301 vita,
1111 3223 1182 3286 vita
1206 3228 1344 3285 aelerna
1366 3225 1520 3308 quaeest

187 3323 317 3390 sructus
332 3332 364 3390 et
378 3326 515 3392 ellectus
529 3327 777 3417 redemptionis
795 3330 994 3414 contingere
1008 3327 1110 3393 debet
1123 3328 1230 3415 (loen.
1253 3333 1405 3406 ababa)
1427 3349 1459 3393 v.
1477 3332 1520 3390 Ὦ

187 3443 219 3496 et
233 3430 520 3499 ntonducontihus
539 3434 643 3499 illisi.
659 3459 689 3500 e.
707 3436 789 3500 dum
814 3435 927 3500 adhuc
944 3456 1078 3500 mensae
1091 3433 1350 3512 accumberent,
1368 3440 1521 3519 tempore

186 3537 244 3602 illo
259 3559 399 3615 coenae3
416 3563 495 3605 nam
511 3564 551 3606 ex
568 3547 645 3608 huc.
664 3548 765 3618 ‘2220
782 3549 843 3606 etl
863 3545 934 3607 Cor.
958 3548 1056 3622 11,25
1068 3540 1231 3605 doeemur
1245 3539 1412 3604 Christum
1429 3544 1520 3627 post-

186 3665 290 3731 quam
312 3648 465 3711 eoenavit
483 3645 559 3734 μετὰ
573 3647 608 3709 τὸ
626 3638 788 3716 δειπνῆσαι
809 3646 1263 3721 111111ιυί15111111111ἰειίω11ς
1287 3644 1367 3709 dum
1390 3648 1520 3710 llareus

186 3750 305 3816 eadem
331 3753 435 3819 verba
462 3777 500 3820 ex
524 3778 556 3820 v.
589 3762 628 3821 18
656 3756 793 3843 repetit,
824 3754 952 3820 indicat
980 3754 1126 3840 ,alterum
1160 3751 1253 3841 quod
1284 3759 1435 3839 tempore
1462 3749 1520 3816 illo

186 3879 311 3924 coenae
326 3858 452 3924 iactum
471 3863 513 3925 sit
529 3870 603 3950 post
614 3861 878 3927 declarationem
891 3860 1107 3950 proditionis,
1124 3859 1254 3947 aceepit
1271 3860 1361 3923 Iesus
1372 3878 1518 3945 panem,

185 3985 342 4051 azymum
370 3988 438 4054 quo
466 3967 538 4033 scil.
573 3968 738 4034 utendum
769 3975 843 4034 erat
874 3969 909 4032 in
942 3989 1046 4033 coena
1069 3965 1240 4055 paschali,
1269 3976 1301 4029 et
1322 3961 1521 4028 benedicens

186 4070 355 4158 εὐλογήσας
368 4073 529 4141 laudibus
544 4080 609 4142 [leo
628 4075 726 4141 dictis
746 4083 779 4140 et
794 4075 913 4159 gratiis
926 4076 1026 4154 actis,
1049 4071 1098 4137 uti
1116 4077 1192 4137 hue.
1215 4076 1316 4150 ‘2219
1334 4070 1414 4135 dicit
1429 4070 1518 4154 εὐχα·

185 4187 347 4275 ρισττζσαςς
370 4186 449 4250 item
467 4191 480 4248 1
504 4188 577 4251 Cor.
599 4188 711 4262 1121»,
727 4189 760 4247 et
775 4184 845 4269 ipse
860 4187 985 4246 llarcus
1006 4186 1039 4244 et
1051 4179 1237 4244 Matthaeus
1250 4199 1386 4265 quoque
1405 4177 1519 4241 statim

184 4296 219 4361 in
239 4295 354 4361 calicis
368 4291 622 4360 consecratione
636 4289 756 4357 eadem
778 4310 857 4354 voce
871 4288 1000 4377 pretias
1020 4287 1088 4376 epit
1106 4291 1260 4360 utuntur;
1276 4285 1397 4372 saepit,
1416 4304 1520 4371 panes

185 4405 275 4471 enim
301 4409 397 4470 erant
416 4403 592 4492 placentae
617 4407 750 4478 tenues,
775 4418 914 4484 azymus
939 4396 1036 4485 panis
1060 4416 1129 4459 non
1147 4398 1221 4459 erat
1242 4391 1358 4496 cultro·
1375 4390 1520 4455 crassior

186 4513 303 4600 (Iolen,
326 4510 502 4577 hrcbaeol.
530 4509 614 4573 bibl.
640 4507 763 4591 §litt
791 4507 898 4569 forma
922 4510 995 4568 erat
1015 4500 1162 4567 rotunda
1185 4497 1289 4588 (unde
1307 4502 1438 4560 11111113
1458 4500 1516 4561 Ex.

185 4625 299 4695 hos-23.
323 4626 334 4682 1
350 4623 439 4683 Sam.
454 4623 544 4695 hoo.
560 4621 653 4680 Prov.
670 4612 969 4700 6‚·26)diametro9
987 4608 1039 4674 vel
1053 4616 1092 4674 10
1104 4606 1267 4696 pollicum
1279 4603 1405 4691 (tohu);
1420 4602 1519 4668 facile

187 4727 302 4811 itaque
317 4731 496 4812 pertenues
511 4745 616 4812 panes
636 4720 899 4807 lr·augebantur;
922 4716 1100 4782 dicebatur
1122 4735 1258 4803 quoque
1284 4733 1408 4800 panem
1425 4711 1518 4774 iran-

186 4853 268 4917 gere
286 4831 344 4896 ubi
357 4854 417 4896 nos
434 4830 623 4896 diceremus
643 4829 773 4918 aliquid
795 4827 891 4917 panis
910 4824 992 4890 dare
1010 4824 1066 4912 (ci.
1088 4828 1127 4887 ls.
1143 4822 1249 4907 58,7),
1269 4831 1300 4885 et
1317 4817 1408 4884 dedit
1425 4817 1471 4882 eis
1490 4829 1524 4880 et

184 4939 234 5003 ait
248 4959 258 5000 .·
270 4938 408 5017 servitte,
425 4938 488 5002 ltoc
504 4950 551 5003 est
563 4959 684 5024 corpus
701 4955 834 5018 meum,·
854 4941 930 5000 ante
945 4954 1072 4997 annum
1092 4929 1295 5019 promiserat
1309 4949 1343 4992 se
1357 4926 1518 4991 daturum

111 5072 213 5320 Ἰ
