3960 5654
856 490 943 536 uiae.
966 477 997 547 5,
1021 472 1130 530 33-3t.
1604 468 1663 536 tt't

335 629 495 703 tremens,
527 618 634 685 sciens
653 621 746 710 quod
772 622 903 706 sactum
929 633 1012 691 esset
1032 622 1067 686 io
1090 643 1140 704 se,
1167 642 1201 686 sc
1226 621 1341 711 itaque
1365 623 1477 690 verbis
1501 631 1533 690 et
1557 645 1664 712 quae-

334 725 441 794 stione
457 726 578 793 Christi
599 729 692 815 tangi
713 728 829 794 eteius
850 730 968 820 quaeri
984 728 1108 809 oculis,
1127 726 1260 792 canite!
1275 728 1429 817 procidit
1441 745 1520 797 onte
1537 752 1614 796 eum
1634 740 1667 795 et

334 831 421 899 dreit
436 834 469 899 ci
487 853 619 898 omnem
639 834 830 915 veritatem,
858 836 973 902 omnia
998 835 1047 900 uti
1074 840 1189 907 erant,
1213 832 1255 899 de
1278 835 1414 908 morbo,
1438 834 1561 904 desua
1587 859 1663 927 spe,

333 941 481 1018 actione,
508 943 682 1007 sanatione
709 950 864 1009 accurate
885 940 1041 1030 exposuit
1067 961 1180 1006 coram
1201 941 1371 1006 omnibus.
1398 942 1531 1027 Peragit
1552 945 1666 1034 itaque

333 1046 576 1113 consessionem
594 1046 775 1129 humilem,
793 1049 1005 1128 timoratam,
1023 1045 1219 1134 generalem
1236 1045 1293 1134 (cl.
1309 1048 1399 1112 loos.
1413 1048 1557 1138 Scltepp,
1571 1049 1664 1138 Fit).

379 1158 468 1218 lesus
495 1159 608 1220 autem
636 1155 811 1220 timentem
834 1177 873 1220 ac
893 1161 1098 1219 trementem
1125 1154 1237 1248 statim
1255 1154 1452 1220 consolatur
1470 1154 1667 1243 gaudioque

335 1257 444 1346 replet
459 1282 489 1325 v.
508 1266 550 1327 st
575 1260 631 1326 ille
651 1261 867 1327 autemdicit
886 1262 919 1324 ci
938 1282 949 1325 :
967 1260 1063 1348 filio,
1083 1259 1148 1325 hac
1165 1281 1233 1323 una
1254 1281 1335 1324 voce
1353 1260 1422 1326 iam
1445 1282 1579 1326 omnem
1596 1260 1667 1328 exi-

333 1363 397 1429 mit
420 1373 546 1432 metum
563 1373 596 1432 et
615 1365 808 1433 manifestat
826 1374 975 1456 quantae
990 1368 1033 1432 sit
1052 1368 1087 1430 in
1107 1365 1247 1431 miseros
1263 1365 1414 1432 caritatis
1428 1372 1462 1432 et
1474 1366 1669 1453 benignita-

334 1471 387 1552 tis;
411 1473 454 1538 cf.
475 1475 576 1534 τέκνον
593 1479 667 1553 253
690 1472 776 1559 fides
798 1484 858 1538 tuo
883 1484 913 1539 te
939 1472 1072 1538 soleam
1095 1471 1195 1559 fecit,
1221 1471 1301 1537 lidei
1326 1473 1506 1539 sanitatem
1529 1473 1665 1556 tribuit,

333 1580 415 1667 quia
428 1579 579 1646 Christus
593 1584 711 1651 auctor
720 1578 876 1645 miraculi
889 1585 1030 1669 propter
1040 1576 1142 1644 fidem
1156 1577 1307 1643 mulieris
1318 1579 1349 1644 ei
1359 1581 1505 1645 restituit
1516 1581 1668 1667 corporis

333 1684 504 1771 vigorem;
527 1685 606 1751 fidoi
621 1691 736 1752 autem
750 1685 914 1753 adscribit
930 1685 1077 1751 salutem
1090 1690 1162 1749 tum
1178 1685 1213 1751 in
1229 1685 1560 1752 commendationem
1573 1684 1665 1768 fidei,

333 1796 404 1858 tum
431 1798 469 1857 ut
489 1792 626 1858 doceret
645 1792 818 1858 fimbriam
839 1797 1031 1859 contactam
1054 1814 1094 1857 ex
1114 1813 1148 1858 se
1163 1813 1232 1857 non
1248 1813 1398 1874 sanasse,
1415 1791 1473 1858 sed
1488 1795 1668 1859 sanitatem

334 1898 448 1987 potius
461 1921 498 1964 ea·
508 1906 665 1965 contactu
677 1907 891 1966 consecutam
903 1904 1044 1988 propter
1058 1897 1249 1986 simplicem
1259 1897 1431 1984 tangentis
1443 1898 1546 1965 fidem
1561 1899 1666 1989 (lons.

335 2006 410 2070 sim.
446 2006 526 2071 Vict.
552 2006 670 2094 toph
693 2006 777 2071 eodo
797 2006 833 2071 io
856 2026 943 2094 poce
964 2001 1005 2076 εἰς
1026 2000 1162 2092 sipisim
1184 2005 1309 2071 locutio
1330 2012 1378 2071 est
1399 2005 1518 2072 eadem
1538 2027 1626 2094 quae
1649 2013 1664 2072 l

326 2115 426 2178 Sam.
447 2118 522 2183 t.17
543 2109 643 2184 nabab
659 2110 705 2183 ³25
718 2118 751 2177 et
768 2115 876 2178 lxxa
894 2118 974 2200 aeg.
992 2118 1070 2190 15‚9
1088 2099 1195 2190 βάδιζε
1215 2108 1256 2184 εἰς
1271 2109 1388 2199 εἰρήνην
1407 2110 1572 2193 habetur;
1587 2113 1668 2178 item

335 2221 412 2284 Luc.
432 2225 526 2299 7‚50;
549 2218 605 2284 abi
627 2220 663 2283 in
678 2218 908 2285 conditionem
924 2239 1139 2308 prosperam,
1160 2218 1203 2283 ad
1216 2219 1376 2299 salutem3
1397 2218 1488 2284 unde
1503 2218 1543 2284 iis
1557 2219 1670 2285 verbis

336 2325 458 2390 mulier
469 2324 663 2406 dimittitur,
682 2326 794 2391 valere
810 2326 948 2392 iubetur
962 2325 1063 2390 modo
1080 2324 1232 2411 benigno
1245 2326 1346 2415 eique
1354 2327 1466 2391 omnis
1483 2326 1585 2391 timor
1599 2326 1669 2391 exi-

335 2433 450 2512 mitur,
467 2453 543 2497 oum
560 2433 754 2521 apprecatio
768 2433 885 2498 salutis
905 2431 1018 2498 verbis
1036 2431 1105 2497 illis
1126 2432 1352 2499 contineatur.
1378 2436 1554 2499 Praeterea
1574 2432 1669 2499 Chri·

333 2543 402 2603 stus
418 2539 448 2604 ei
460 2540 640 2604 sanitatem
651 2544 825 2628 acceptam
842 2538 1022 2605 confirmat
1034 2537 1163 2604 addens
1177 2550 1210 2603 et
1224 2549 1291 2604 esto
1313 2560 1398 2604 sono
1420 2561 1441 2603 a
1460 2538 1569 2628 playa
1589 2551 1670 2623 tuo;

335 2645 441 2731 igitur
453 2643 606 2711 declarat
617 2668 652 2711 se
674 2653 782 2712 ratam
804 2646 932 2712 habere
951 2646 1024 2710 eius
1047 2646 1227 2711 sanitatem
1249 2667 1396 2735 eamque
1417 2644 1574 2712 stabilem
1597 2646 1669 2712 fore

330 2772 443 2841 neque
459 2751 615 2818 morbum
633 2752 834 2818 rediturum.

376 2931 448 2990 liius
466 2930 653 2990 narrationis
668 2931 706 2990 ad
722 2931 844 2990 animae
860 2935 977 2991 statum
996 2931 1160 2990 translatio
1180 2931 1279 2990 facilis
1293 2935 1342 2991 est
1356 2937 1388 2991 et
1399 2933 1504 2993 obvia.
1522 2910 1557 2991 ln
1573 2949 1668 3010 quam

332 3045 399 3087 rem
419 3034 506 3088 notat
529 3027 657 3106 Theopt.
674 3048 684 3086 .·
709 3053 723 3081 e
744 3029 902 3106 intelligas
923 3028 1002 3088 haec
1021 3029 1120 3088 etiam
1140 3028 1178 3088 de
1198 3028 1336 3088 humana
1356 3037 1477 3102 natura,
1498 3047 1578 3107 quae
1600 3048 1669 3090 san·

333 3127 439 3204 guinis
456 3127 610 3204 prolluvio
625 3127 795 3186 laborabat.
814 3125 1011 3187 Scaturiebat
1029 3126 1116 3185 enim
1136 3126 1166 3184 in
1182 3143 1218 3185 ea
1233 3132 1400 3204 peccatum
1419 3127 1503 3205 quod
1524 3145 1608 3187 mors
1620 3133 1669 3188 est

334 3224 456 3283 animae
470 3229 501 3283 et
515 3225 699 3301 sanguinem
713 3226 838 3284 animae
853 3229 979 3284 nostrae
996 3223 1141 3284 attondit.
1156 3226 1185 3288 A
1203 3224 1312 3283 multis
1326 3231 1433 3285 autem
1449 3226 1591 3296 medicis,
1609 3226 1669 3285 hoc

335 3327 398 3389 est,
411 3322 607 3400 sapientibus
622 3322 715 3382 huius
732 3322 855 3390 muudi,
873 3321 928 3381 sed
944 3326 976 3381 et
991 3340 1009 3381 a
1026 3322 1094 3398 lege
1109 3326 1142 3381 et
1153 3339 1171 3381 a
1184 3323 1348 3400 prophetis
1361 3341 1423 3383 non
1436 3323 1539 3401 potuit
1553 3323 1666 3383 curari.

336 3420 451 3497 Tetigit
467 3426 573 3479 autem
589 3424 709 3479 vestem
724 3420 856 3492 Christi,
871 3419 931 3480 hoc
944 3425 1002 3487 est,
1021 3437 1150 3478 carnem
1164 3420 1233 3479 eius
1249 3424 1280 3479 et
1296 3426 1404 3480 sanata
1420 3427 1479 3481 est.
1495 3421 1551 3492 Qui
1567 3421 1669 3481 credit

335 3518 421 3577 enim
436 3518 684 3577 incarnationem
703 3517 831 3588 Christi,
851 3518 876 3576 is
890 3517 1005 3594 estqui
1021 3518 1120 3595 tangit
1137 3519 1363 3578 vestimentum
1379 3520 1447 3579 eius
1465 3543 1492 3578 u.
1510 3521 1669 3597 Frequens

335 3620 384 3675 est
397 3616 567 3693 applicatio
580 3615 676 3674 huius
693 3620 725 3674 et
738 3616 964 3693 subsequentis
980 3615 1172 3674 narrationis
1187 3615 1226 3675 ad
1240 3616 1372 3676 ludaeos
1388 3620 1419 3676 et
1433 3622 1559 3695 gentes,
1575 3617 1619 3677 ita
1634 3623 1669 3678 ut

336 3714 439 3791 puella
455 3713 599 3790 designet
611 3731 815 3792 synagogam,
832 3731 911 3790 quae
927 3714 1051 3773 Christo
1062 3714 1209 3772 veniente
1224 3717 1350 3774 mortua
1362 3715 1412 3785 sit,
1431 3715 1545 3775 mulier
1561 3720 1668 3776 autem

335 3814 445 3888 gentes
467 3828 546 3888 quae
567 3812 653 3890 prius
673 3812 795 3871 ludaeis
813 3811 852 3871 ad
874 3812 970 3871 fidem
991 3811 1180 3889 perveniant
1200 3816 1233 3870 et
1252 3829 1387 3888 quarum
1409 3812 1602 3891 plenitudine
1624 3814 1669 3873 iu-

334 3926 441 3985 gressa
468 3909 572 3969 ludaei
598 3927 726 3986 quoque
751 3910 828 3969 salvi
855 3910 945 3979 liant;
969 3909 1041 3969 vide
1069 3927 1152 3986 quae
1184 3909 1248 3968 dixi
1270 3910 1302 3969 in
1329 3911 1506 3970 Commeat.
1534 3911 1668 3971 Matthl

336 4024 367 4084 p.
384 4009 453 4066 359.
471 4007 539 4066 360.
562 4010 680 4067 Verum
694 4013 802 4067 contra
821 4025 891 4067 eam
912 4008 1010 4068 obiici
1033 4012 1139 4085 potest
1158 4026 1221 4068 non
1244 4014 1389 4069 constare
1410 4026 1479 4069 eam
1501 4010 1668 4069 mulierem

336 4104 431 4164 tuisse
450 4107 613 4182 gentilem.
631 4106 840 4166 Tertullianus
860 4123 887 4165 c.
909 4108 999 4166 Marc.
1018 4108 1092 4174 430
1110 4104 1167 4183 (Μ.
1185 4107 1289 4184 Ξ),408)
1312 4107 1356 4167 ita
1376 4107 1528 4185 loquitur,
1545 4113 1579 4167 ut
1599 4124 1669 4167 earu

338 4202 453 4262 iudaici
473 4205 596 4280 generis
615 4203 712 4263 luisse
735 4211 902 4281 supponat.
924 4204 956 4264 Si
978 4204 1032 4281 qui
1056 4203 1168 4264 dicunt
1191 4192 1358 4265 mulierem
1382 4205 1584 4266 israeliticam
1613 4205 1668 4266 tali

336 4301 448 4360 morbo
464 4300 655 4360 laborantem
672 4320 735 4361 non
750 4318 899 4362 ausuram
914 4301 1011 4362 luisse
1028 4319 1098 4361 sese
1121 4303 1230 4362 turbae
1246 4303 1412 4363 bominum
1427 4302 1577 4373 inserere,
1595 4321 1668 4365 oum

337 4405 417 4458 esset
445 4398 618 4458 secundum
641 4400 743 4477 legem
771 4400 935 4460 immunda
958 4406 990 4459 et
1013 4400 1051 4459 ab
1074 4399 1214 4460 aliorum
1238 4402 1398 4461 consortio
1423 4403 1614 4463 removenda
1638 4407 1670 4462 et

338 4496 532 4556 excludenda
554 4495 603 4567 lei.
627 4499 697 4556 Lev.
721 4500 810 4569 15:25
829 4496 922 4576 serp),
944 4498 997 4557 isti
1021 4499 1179 4559 nonsatis
1201 4499 1371 4560 advertunt
1394 4499 1570 4560 maximum
1590 4499 1669 4561 illud

337 4594 533 4654 desiderium
554 4595 697 4654 sanitatis
717 4600 748 4655 et
769 4613 857 4674 spem
881 4597 1033 4656 eximiam
1058 4615 1153 4674 qriam
1175 4598 1292 4657 mulier
1310 4602 1501 4675 conceperat
1520 4598 1669 4658 facillime

337 4695 476 4770 potuisse
498 4693 647 4752 inducere
668 4694 852 4767 mulierem,
872 4699 906 4754 ut
930 4695 1171 4755 immunditiem
1194 4696 1355 4756 leviticam
1378 4714 1471 4773 quam
1496 4697 1575 4756 torte
1598 4696 1670 4755 aliis

337 4792 444 4850 insciis
465 4810 519 4851 suo
542 4792 654 4852 inferre
671 4798 777 4869 posset
799 4798 943 4854 contactu
966 4795 1052 4871 parvi
1069 4794 1187 4854 laceret
1205 4798 1238 4854 et
1252 4799 1483 4864 contemneret,
1497 4796 1522 4853 si
1539 4794 1670 4855 omnino

336 4890 404 4949 eius
419 4891 497 4968 legis
513 4907 634 4950 memor
648 4896 715 4950 erat
729 4895 761 4950 et
775 4909 840 4951 non
856 4893 964 4970 potius
979 4892 1131 4953 desiderii
1145 4898 1176 4953 et
1191 4893 1258 4971 spei
1278 4893 1476 4953 vehementia
1491 4895 1597 4954 omuis
1612 4892 1672 4952 alia
