3960 5654
171 506 231 568 280
415 536 417 542 ·
690 530 781 575 uano.
805 510 855 584 10,
878 510 980 572 3839.

170 657 437 748 imperfectionis
461 658 669 745 adhaesisse,
693 685 772 731 cum
794 659 947 727 nondum
960 663 1086 728 virtute
1100 660 1245 748 Spiritus
1263 660 1372 729 sancti
1391 670 1501 730 essent

168 764 343 831 innovati?

213 873 303 934 lesus
319 891 382 957 pro
397 893 456 939 sua
481 875 740 942 mansuetudine
763 874 901 939 illoram
920 873 1215 964 imperfectionem
1237 872 1388 941 tolerans
1413 874 1503 941 nihil

169 972 265 1040 aliud
287 997 392 1065 quam
412 980 642 1066 ignorantiam
662 983 703 1048 iis
724 979 841 1047 obiicit
864 978 985 1069 (fans.)
1009 1003 1041 1045 v.
1063 983 1106 1045 38
1126 979 1217 1045 lesus
1238 993 1353 1066 autem
1366 981 1417 1048 ait
1431 981 1502 1047 eri:

167 1074 301 1148 nescius
314 1084 401 1173 quid
409 1087 552 1175 petatis‚·
567 1108 713 1173 regnum
728 1087 821 1152 enirn
837 1085 1024 1176 temporale
1040 1084 1322 1172 imaginabantur
1339 1088 1376 1153 in
1394 1109 1503 1177 eoque

168 1208 317 1256 summos
336 1192 402 1259 sibi
419 1191 546 1258 deferri
560 1194 709 1261 honores
722 1193 923 1282 cupiebant,
945 1197 984 1257 ut
994 1191 1148 1280 proxime
1163 1189 1351 1259 assiderent
1366 1194 1503 1261 llessiae

168 1294 254 1380 regi.
275 1296 342 1364 Sed
364 1320 442 1364 oum
464 1297 540 1364 talis
563 1321 678 1366 rerum
702 1297 853 1366 conditio
873 1320 942 1365 non
964 1302 1049 1364 esset
1069 1297 1294 1377 instituenda,
1315 1300 1439 1366 merito
1460 1299 1503 1366 iis

168 1397 293 1468 dicitur
309 1425 317 1471 :
335 1405 470 1470 nescitis
484 1403 528 1470 ad
540 1405 625 1494 quid
642 1404 759 1471 tendat
771 1407 893 1495 petitio
909 1408 1031 1470 vestra.
1045 1410 1161 1496 Aeque
1175 1390 1294 1472 eornm
1303 1403 1502 1491 ignorantia

169 1512 324 1576 accusari
336 1515 465 1599 potest,
480 1511 508 1577 si
528 1513 634 1579 verba
648 1512 866 1601 accipiuntur
880 1511 923 1577 de
942 1532 1077 1578 summo
1091 1511 1241 1600 quodam
1259 1511 1296 1577 in
1310 1510 1406 1578 coelo
1420 1510 1503 1579 bea-

167 1614 324 1682 titudinis
342 1617 453 1704 gradu
469 1639 538 1706 quo
550 1640 655 1707 quam
674 1618 820 1707 proximi
834 1619 955 1685 fierent
972 1615 1103 1683 Christo
1120 1616 1156 1683 iu
1172 1618 1294 1705 gloria,
1313 1616 1437 1706 dequo
1451 1618 1519 1685 illi'

168 1722 424 1808 recogitabunt
443 1723 599 1814 quidem;
622 1722 769 1815 proinde
789 1725 928 1791 minime
948 1723 1189 1810 intelligebant
1209 1745 1298 1813 quae
1317 1730 1405 1791 esset
1423 1746 1504 1792 vera

167 1827 340 1917 petitionis
354 1831 447 1897 notio
456 1852 497 1896 ac
510 1829 727 1917 significatio.
747 1836 888 1920 lnsuper
902 1832 938 1896 in
953 1831 1122 1921 praesenti
1137 1828 1256 1896 ordine
1267 1828 1504 1919 providentiae

168 1935 437 2023 supernaturalis
457 1937 576 2025 nequit
593 1937 668 2004 fieri
688 1936 733 2003 ad
749 1942 855 2003 Deum
876 1936 1061 2027 postulatio
1083 1958 1091 2004 :
1111 1936 1193 2002 iube
1213 1957 1267 2002 me
1289 1936 1448 2003 collocari
1466 1936 1503 2003 in

168 2062 301 2107 summo
317 2043 450 2128 gloriae
472 2043 597 2129 gradu.
624 2048 664 2111 Ut
681 2042 789 2131 igitur
803 2065 859 2110 eos
883 2042 1005 2111 doceat
1025 2042 1070 2109 ad
1090 2044 1299 2109 consortium
1316 2043 1415 2129 regni
1434 2064 1504 2110 non

168 2148 341 2236 perveniri
355 2171 453 2239 posse
472 2149 618 2239 simplici
630 2149 810 2238 petitione,
832 2153 922 2216 lesus
932 2150 1050 2241 pergit
1063 2170 1071 2216 ε
1084 2148 1223 2239 potestis
1239 2148 1348 2216 bibere
1362 2149 1504 2217 calicem

169 2274 275 2343 quum
288 2276 348 2343 eqo
368 2254 442 2321 bibo
457 2269 519 2322 out
534 2255 699 2345 daptr'smo
715 2279 784 2346 quo
803 2278 863 2345 epo
881 2254 1037 2346 baptizor
1057 2254 1250 2344 baptizari?
1267 2256 1405 2346 potestis
1424 2277 1506 2323 ean-
1590 2306 1592 2311 .

169 2358 247 2427 dem
267 2383 399 2427 mecum
417 2368 541 2429 sortem
559 2363 698 2429 subire?
719 2362 920 2452 metaphora
934 2362 1027 2429 enim
1042 2361 1156 2428 calicis
1175 2361 1379 2449 designatur
1391 2363 1505 2452 portio

169 2470 203 2533 ct
221 2489 293 2534 sors
312 2469 450 2535 alienia
469 2475 536 2536 Deo
557 2468 737 2536 attributa.
757 2469 872 2535 llodus
890 2466 1055 2558 loquendi
1078 2467 1299 2558 depromptus
1320 2474 1371 2535 est
1391 2491 1411 2534 a
1434 2470 1504 2535 ritu
1575 2558 1579 2564 Ι

170 2595 238 2664 quo
262 2576 409 2642 convivii
429 2598 565 2667 praeses
595 2598 653 2643 sen
675 2566 920 2666 paterfamilias
943 2597 1041 2642 snam
1067 2576 1191 2664 cuique
1214 2576 1286 2641 vini
1309 2577 1504 2663 portionem

170 2682 339 2749 statuebat
362 2689 395 2749 et
420 2685 617 2772 frequenter
645 2683 681 2750 in
706 2705 733 2750 s.
763 2681 886 2749 litteris
908 2681 1107 2761 adhibetur;
1137 2681 1181 2748 cf.
1203 2685 1254 2746 Ps.
1283 2687 1502 2765 10,6;15‚5;

170 2793 267 2869 nn,5;
291 2795 571 2872 ra,9.1s.51,1r.
594 2793 657 2857 ler.
675 2795 778 2871 25,15
796 2796 874 2873 etc.;
896 2787 987 2855 unde
1012 2788 1164 2854 Christus
1183 2809 1320 2877 quoque
1343 2795 1419 2856 orat
1444 2793 1503 2855 Pa·

169 2899 274 2976 trem,
298 2901 336 2962 ut
349 2898 376 2961 si
392 2896 474 2962 velit
492 2896 673 2962 transferat
687 2895 827 2963 calicem
843 2896 945 2962 istum
965 2917 985 2961 a
1001 2916 1048 2962 se.
1067 2895 1261 2984 llataphora
1274 2893 1437 2984 baptismi
1447 2917 1505 2984 pa·

170 3000 253 3067 riter
284 3001 434 3069 declarat
462 3001 715 3068 multitudinem
745 3001 1007 3069 tribulationum
1036 3006 1070 3067 et
1097 3001 1354 3091 perpessionum
1380 3000 1506 3089 quibus

171 3107 269 3196 quasi
292 3108 551 3195 immergendus
572 3109 625 3174 sit.
642 3107 761 3175 Solent
773 3108 862 3173 enirn
883 3127 1030 3193 magnae
1045 3106 1247 3173 afflictiones
1259 3105 1453 3196 comparari
1468 3108 1505 3172 in

170 3236 197 3280 s.
222 3214 343 3281 litteris
372 3212 587 3281 inundationi
616 3234 802 3303 aquarum3
835 3213 879 3279 cf.
912 3218 962 3280 Ps.
991 3217 1071 3294 682
1100 3213 1267 3303 quoniam
1290 3213 1506 3281 intraverunt

69 3370 72 3376 ,
172 3345 281 3413 aquae
308 3322 479 3411 usquead
504 3321 656 3388 animam
676 3341 805 3402 meam,
828 3325 930 3400 nalo
955 3341 1022 3385 non
1046 3341 1101 3385 mc
1119 3317 1299 3406 demergat
1323 3325 1507 3409 tempestas

172 3452 299 3519 aquae;
317 3435 367 3497 Ps.
390 3435 507 3509 1t,1*1;
529 3434 624 3507 31,6;
648 3433 701 3506 65,
726 3426 1120 3508 12387,18.10bna,11
1143 3433 1209 3492 etc.
1232 3428 1388 3493 Ceterum
1413 3427 1505 3517 apud

172 3541 314 3605 Graecos
333 3559 469 3626 quoque
486 3523 648 3597 καταδύειν
663 3539 697 3601 et
717 3523 876 3612 βαπτίζειν
891 3533 1020 3622 tropice
1034 3531 1220 3599 adhibetur
1232 3532 1352 3599 eadem
1365 3535 1505 3600 notione

172 3643 400 3731 immergendi
434 3641 585 3732 aliquem
610 3639 870 3720 afflictionibus,
909 3639 1082 3707 aerumnis
1115 3636 1301 3718 obruendi,
1334 3639 1502 3706 onerandi

172 3745 295 3820 debitis
312 3755 377 3817 etc.
399 3748 482 3815 Vide
501 3754 676 3837 praeterea
696 3753 775 3814 Luc.
799 3753 911 3827 1250.

216 3862 323 3936 Quam
337 3856 467 3922 fervide
483 3853 675 3920 desiderent
691 3853 753 3918 filii
773 3853 912 3919 tonitrui
927 3851 963 3918 id
979 3851 1071 3941 quod
1089 3851 1258 3940 petierant
1274 3852 1377 3918 etiam
1397 3872 1504 3942 appa-

172 3972 223 4033 ret
232 3988 272 4032 ex
283 3989 315 4030 v.
331 3969 374 4030 39
386 3975 424 4029 at
434 3961 489 4027 illi
498 3961 656 4026 decerunt
668 3959 702 4026 ei
712 3980 929 4049 :possumus;
945 3955 1153 4047 respondent
1167 3979 1230 4047 pro
1242 3957 1388 4024 ferventi
1400 3966 1505 4025 suaet

172 4073 301 4140 audace
312 4070 446 4152 indole,
464 4073 591 4133 temere
602 4071 637 4133 et
652 4066 847 4146 ambitiose,
871 4071 907 4130 ut
921 4071 973 4131 sat
988 4062 1088 4131 multi
1112 4063 1319 4145 existimant,
1342 4064 1395 4130 vel
1414 4072 1504 4132 certe

172 4201 239 4247 non
249 4179 328 4245 satis
341 4175 567 4266 percipientes
581 4171 665 4261 quid
680 4171 920 4260 polliceantur.
936 4176 1060 4237 Verum
1075 4192 1156 4238 oum
1165 4171 1326 4256 ignorare
1342 4192 1410 4238 non
1424 4194 1505 4261 pos-

171 4292 245 4352 sent
270 4284 456 4364 Christum,
479 4281 529 4346 uti
552 4278 784 4369 praedixerat,
810 4278 946 4344 obviarn
972 4278 1021 4344 ire
1044 4278 1181 4364 magnis
1204 4277 1448 4344 afflictionibus
1472 4284 1505 4345 et

171 4391 312 4459 calicem
337 4396 370 4456 et
392 4389 600 4478 baptismum
626 4384 807 4471 designare
827 4375 1081 4474 perpessiones,
1110 4384 1222 4475 potins
1242 4382 1424 4450 dicendum
1439 4386 1505 4451 erit

171 4520 228 4567 eos
242 4498 393 4565 attestari
406 4518 440 4562 se
451 4493 537 4562 velle
547 4493 639 4560 omni
651 4489 813 4557 fidelitate
826 4496 860 4557 et
869 4492 1060 4557 constantia
1072 4491 1206 4558 Christo
1220 4490 1426 4570 adhaerere,
1443 4492 1504 4557 etsi

171 4627 248 4672 cum
270 4606 343 4693 ipso
364 4623 509 4689 magnos
529 4606 683 4690 oporteat
704 4597 819 4664 subire
837 4597 992 4681 labores;
1027 4597 1234 4686 respondent
1258 4598 1372 4684 itaque
1399 4597 1502 4663 simili

172 4710 272 4778 modo
288 4732 357 4798 quo
377 4714 493 4798 postea
505 4711 621 4773 Petrus
637 4728 645 4773 :
662 4704 801 4771 Domine
815 4710 956 4793 paratus
970 4726 1046 4771 sum
1061 4711 1173 4771 tecum
1188 4704 1270 4770 etin
1287 4725 1458 4770 carcerem
1471 4713 1505 4770 et

171 4821 204 4884 in
217 4825 361 4883 mortem
375 4816 425 4879 ire
439 4813 533 4902 (huc.
550 4813 677 4901 ΜΞ).
693 4815 801 4888 Quare
815 4809 874 4876 illo
883 4831 1167 4899 possumussuam
1183 4814 1348 4875 testantur
1361 4832 1503 4900 promp-

171 4923 368 5002 titudinem,
405 4921 616 4986 alacritatem
648 4917 851 5006 gravissima
879 4939 1035 5007 quaeque
1071 4939 1149 4983 eum
1175 4920 1246 4982 lesu
1273 4917 1439 4983 tolerandi
1468 4926 1500 4983 et
