3960 5654
900 508 992 553 nuuc.
1015 489 1045 557 2,
1068 488 1176 547 20-202.
1666 488 1706 547 83

375 641 551 729 auferetur
568 640 611 708 ab
625 639 671 704 eis
688 661 832 729 sponsus
845 655 877 707 et
898 654 978 706 taine
1001 637 1203 704 iciunabunt
1219 637 1255 701 in
1275 637 1342 703 illis
1356 638 1491 719 diebus;
1507 637 1619 725 prima
1635 636 1707 702 vice

376 749 585 816 mentionem
608 744 690 810 facit
716 749 832 815 mortis
857 747 1022 813 violentae
1042 752 1075 810 ct
1098 745 1145 811 ita
1161 743 1317 832 quidem,
1337 751 1374 808 ut
1389 745 1583 811 vaticinium
1602 741 1707 807 lsaiae

376 852 421 919 ad
443 878 477 922 se
499 852 663 943 applicet3
686 850 803 942 ἀπαρθῇ
832 845 990 914 ἀπἀὐτῶν
1006 858 1039 916 et
1069 857 1106 916 lS.
1131 855 1211 932 53‚8
1228 846 1343 937 αἴρεται
1370 848 1430 911 ἀπὸ
1455 857 1508 922 τῆς
1526 857 1583 937 γῆς
1606 850 1624 917 ἡ
1644 839 1708 922 ζωὴ

375 960 487 1042 αὐτοῦ;
506 966 583 1025 nota
603 980 671 1047 qua
695 959 849 1049 emphasi
874 960 945 1025 dies
975 958 1050 1023 illos
1075 981 1137 1046 per
1157 980 1241 1044 (piros
1265 979 1406 1046 sponsus
1430 979 1450 1022 a
1471 959 1539 1022 suis
1561 963 1710 1022 remotus

376 1067 441 1134 erit
456 1075 632 1154 tamquam
651 1066 723 1133 dies
747 1065 862 1130 ieiunii
888 1065 1058 1150 designet,
1080 1071 1134 1129 ter
1150 1066 1242 1129 enim
1259 1071 1393 1151 tempus
1413 1062 1496 1128 illud
1511 1063 1608 1128 ellert
1627 1085 1634 1128 :
1653 1084 1710 1127 ve-

377 1175 470 1240 nient
482 1171 569 1253 dies,
586 1179 685 1253 tnnc,
699 1173 735 1237 in
749 1171 815 1237 illis
829 1171 961 1238 diebus.
983 1170 1125 1236 Proinde
1138 1172 1186 1234 uti
1201 1170 1421 1258 aliaslllattb
1437 1176 1527 1255 dlv)
1544 1169 1710 1234 ieiunium

375 1279 445 1345 suis
458 1279 689 1359 commendat,
706 1279 754 1342 ita
775 1278 831 1345 hic
847 1277 1004 1366 explicite
1020 1277 1105 1342 dicit
1118 1277 1190 1341 lore
1209 1284 1244 1342 ut
1263 1278 1315 1342 sui
1335 1277 1402 1341 siut
1423 1275 1607 1366 ieiunaturi
1623 1279 1712 1363 post-

375 1406 479 1474 quam
497 1385 602 1475 ipsee
620 1383 754 1451 mortali
771 1386 840 1450 vita
859 1406 1015 1471 egressus
1035 1382 1204 1448 visibilem
1223 1405 1318 1448 suam
1335 1384 1561 1471 praesentiam
1578 1383 1618 1446 iis
1630 1380 1711 1446 sub-

375 1493 525 1558 traxerit.
547 1497 616 1559 lam
635 1512 716 1556 vero
731 1491 823 1579 quod
837 1491 1022 1580 praedicit,
1039 1489 1073 1554 id
1092 1498 1184 1555 certo
1200 1491 1301 1555 etiam
1321 1491 1394 1555 beri
1411 1489 1495 1555 vult.
1517 1493 1626 1566 Quare
1649 1487 1712 1552 hoc

376 1597 451 1665 loco
474 1598 641 1665 Ecclesiae
660 1619 740 1664 snae
757 1600 876 1663 statuit
898 1602 1133 1684 praeceptum,
1150 1604 1186 1661 ut
1198 1596 1313 1685 aliqua
1329 1597 1552 1663 observentur
1572 1594 1710 1660 ieiunia.

376 1705 484 1771 Simul
503 1725 639 1771 cansam
655 1704 822 1770 eiusmodi
839 1703 956 1770 ieiunii
970 1710 1004 1769 et
1020 1704 1132 1768 luctus
1147 1704 1255 1790 (cuius
1276 1703 1443 1769 indicium
1462 1709 1510 1769 cst
1525 1724 1565 1767 ac
1576 1699 1713 1788 symbo-

362 1809 450 1877 ‘lum
466 1811 644 1900 ieiunium)
660 1811 810 1896 assignat
826 1832 834 1877 :
854 1809 935 1898 quia
949 1832 1091 1898 sponsus
1110 1810 1243 1876 ablatus
1259 1819 1325 1890 est;
1341 1810 1493 1877 aufertur
1508 1816 1619 1874 autem
1636 1828 1713 1895 pas-

375 1918 470 1983 sione
493 1922 526 1984 et
546 1918 740 1984 ascensione
763 1918 798 1982 in
818 1916 949 1982 coelum
966 1916 1089 2003 (Alb.);
1109 1916 1181 1982 eius
1198 1918 1313 2004 itaque
1329 1917 1556 2005 praesentiam
1580 1913 1713 1980 deside-

377 2029 490 2090 rantes
503 2024 719 2105 ieiunabunt,
739 2030 775 2089 ut
790 2024 854 2111 ipsi
872 2023 1060 2089 secundum
1076 2025 1234 2113 spiritum
1248 2023 1316 2089 siut
1331 2029 1523 2112 praesentes
1540 2019 1713 2088 emundati

377 2151 398 2197 a
422 2130 656 2220 voluptatibus
675 2130 826 2219 corporis
850 2130 984 2218 (Viae).
1012 2130 1285 2196 Considerabnnt
1302 2131 1374 2196 scil.
1396 2131 1468 2196 eius
1487 2129 1712 2205 ablationem,

377 2243 522 2304 mortem
536 2237 608 2304 eius
623 2237 823 2318 violentam,
837 2235 980 2325 ideoque
998 2236 1180 2311 dolebunt;
1197 2243 1342 2303 cernunt
1354 2259 1389 2303 se
1405 2238 1439 2301 in
1457 2238 1525 2303 vita
1541 2230 1604 2302 hac
1620 2238 1714 2325 peri·

377 2343 463 2411 culis
483 2345 647 2434 expositos
673 2351 705 2409 et
733 2343 907 2432 cupientes
932 2345 1003 2409 eins
1030 2344 1215 2431 aliquando
1243 2345 1371 2432 perfrui
1396 2345 1497 2410 beata
1522 2347 1715 2434 praesentia

376 2450 537 2540 operibus
556 2452 709 2517 insistent
722 2449 951 2540 poenitentiae
967 2450 1092 2538 quibus
1110 2473 1129 2515 a
1150 2450 1397 2516 blandimentis
1418 2459 1634 2539 peccatorum
1650 2453 1714 2519 sibi

376 2561 518 2623 caveant
540 2563 574 2624 et
592 2558 741 2624 delectus
753 2579 946 2646 naevosque
961 2558 1107 2646 expient.
1128 2561 1172 2623 Ea
1189 2558 1406 2646 responsione
1421 2557 1572 2624 Christus
1592 2558 1714 2625 adver-

376 2663 621 2754 sariisquoque
636 2687 674 2730 os
689 2663 853 2743 obstruit;
874 2663 1021 2729 ostendit
1050 2665 1159 2744 euim,
1190 2670 1225 2728 ut
1250 2664 1331 2730 Vict.
1349 2665 1407 2742 ait,
1431 2687 1451 2730 a
1472 2686 1506 2731 se
1526 2665 1715 2754 discipulos

378 2771 578 2860 neutiquam
593 2772 720 2838 institui
734 2771 778 2836 ad
793 2773 895 2836 vitam
917 2772 1098 2835 lautiorem
1112 2777 1146 2835 et
1165 2771 1378 2837 commodam
1389 2793 1396 2851 ;
1409 2793 1527 2837 verum
1544 2772 1614 2838 [ore
1628 2779 1714 2838 tem-

377 2899 441 2967 pus
455 2899 524 2966 quo
536 2878 620 2944 illud
638 2880 750 2967 ipsum
766 2877 979 2944 observaturi
998 2877 1065 2941 sint
1080 2877 1172 2965 quod
1192 2877 1376 2943 adversarii
1394 2878 1438 2943 ab
1452 2878 1493 2944 iis
1509 2879 1581 2944 fieri
1595 2880 1712 2945 velint.

423 2988 544 3050 Verum
559 2985 659 3051 simul
679 2984 775 3050 docet
795 2985 944 3049 Christus
964 2984 1238 3049 observationem
1259 2984 1352 3050 illam
1371 2986 1431 3050 elsi
1447 2985 1557 3073 specie
1577 2992 1715 3053 externa

378 3091 536 3158 videatur
549 3090 669 3157 eadem
691 3098 803 3157 tamen
819 3114 839 3157 a
853 3098 962 3156 vetere
979 3091 1051 3156 lore
1063 3090 1167 3176 longe
1178 3090 1358 3158 diversam.
1375 3096 1520 3181 Tempus
1531 3095 1622 3158 enim
1632 3115 1717 3159 mes-

378 3198 512 3265 sianum
532 3203 581 3264 est
595 3206 727 3288 tempus
746 3220 891 3276 novum,
919 3205 1018 3286 prout
1040 3197 1160 3263 foedus
1181 3200 1384 3264 messianum
1412 3200 1480 3264 iam
1505 3223 1524 3263 a
1550 3201 1717 3289 propbeta

380 3302 941 3394 utloedusnovumpraedicebatur
952 3308 1029 3389 (ier.
1047 3305 1177 3390 acal).
1198 3309 1264 3370 llac
1277 3328 1355 3371 vero
1365 3306 1513 3371 novitate
1530 3307 1716 3373 necessario

379 3411 539 3497 exigitur,
559 3420 595 3477 ut
608 3417 704 3478 vetus
719 3411 776 3476 illa
788 3411 932 3476 loedcris
943 3412 1055 3476 torma
1065 3412 1254 3476 aboleatur.
1268 3412 1360 3477 Unde
1375 3413 1526 3478 Christus
1541 3414 1716 3479 occasione

380 3526 481 3607 capta
495 3518 538 3583 ab
557 3540 623 3584 una
639 3518 698 3584 illa
711 3517 945 3584 observatione
968 3519 1036 3583 iam
1059 3517 1281 3607 progreditur
1296 3519 1338 3583 ad
1359 3519 1599 3585 documentum
1612 3542 1716 3606 gene-

380 3624 470 3705 rale,
487 3647 556 3713 quo
571 3624 724 3691 ostendat
748 3646 893 3711 regnum
908 3646 1036 3690 novum
1056 3626 1262 3689 messianum
1279 3627 1418 3713 eiusque
1438 3626 1588 3692 indolem
1605 3627 1717 3694 nulla-

381 3737 478 3798 tenus
492 3731 620 3799 includi
635 3754 674 3797 ac
688 3733 854 3798 coarctari
871 3754 966 3819 posse
981 3732 1137 3816 angustis
1155 3731 1222 3796 illis
1241 3734 1362 3797 veteris
1376 3733 1522 3799 loederis
1537 3734 1714 3809 limitibus,

380 3859 499 3905 verum
516 3839 627 3904 valere
642 3838 677 3903 id
694 3838 788 3926 quod
804 3837 896 3926 apud
914 3838 1094 3904 llicliaeam
1121 3839 1255 3923 legatur
1276 3847 1367 3920 7,1t.
1387 3846 1494 3916 Quare
1510 3863 1541 3904 v.
1560 3847 1598 3906 21
1619 3862 1716 3906 riciaco

381 3943 1011 4034 assumentumpannirudzs&pipo-1,
1037 3946 1141 4032 panni
1169 3946 1309 4033 impexi,
1333 3946 1493 4034 impoliti,
1521 3948 1578 4035 qui
1608 3947 1716 4012 seila

382 4050 569 4118 fullonibus
584 4051 735 4117 nondum
751 4058 932 4140 apparatus
947 4059 995 4115 est
1012 4052 1135 4138 (liaris.)
1153 4053 1258 4116 assuit
1272 4054 1466 4118 uestimento
1486 4053 1610 4133 eeteri;
1629 4052 1716 4118 clio-

382 4157 468 4248 quin
488 4162 601 4247 aufert
628 4159 900 4247 supplementum
929 4180 1054 4223 noctem
1081 4180 1102 4223 a
1133 4159 1236 4223 aemi
1262 4160 1282 4222 i.
1314 4182 1344 4225 e.
1370 4167 1601 4226 assumentum
1631 4159 1716 4225 illud

382 4264 419 4327 τὸ
438 4263 590 4352 πλήρωμα
609 4288 677 4353 quo
702 4265 772 4331 scil.
792 4263 947 4353 expletur
971 4266 1114 4331 scissura
1138 4267 1189 4330 vel
1211 4265 1328 4332 lacuna
1362 4267 1552 4332 vestimenti
1577 4269 1713 4347 veteris,

382 4371 505 4438 tollite
523 4378 634 4438 vetere
651 4373 866 4447 vestimentu,
888 4394 964 4437 cum
981 4373 1071 4437 enim
1093 4372 1286 4438 buiusmodi
1302 4395 1436 4462 ptumus
1450 4373 1636 4439 nonduma
1655 4374 1716 4439 lul·

382 4478 462 4545 lone
488 4477 645 4545 subactus
666 4481 788 4545 sensim
811 4502 871 4568 per
893 4501 927 4544 sc
954 4482 1190 4558 contrabatur,
1210 4482 1282 4544 eius
1303 4481 1446 4545 frustum
1467 4488 1616 4547 assutum
1633 4481 1716 4546 vesti

383 4585 450 4652 iam
467 4585 608 4652 detritae
626 4584 708 4651 alias
728 4586 809 4651 huic
830 4587 987 4651 scissuras
1003 4587 1233 4652 contractione
1254 4586 1386 4652 inducit
1414 4588 1538 4674 (Patr.)
1555 4602 1587 4652 et
1607 4587 1716 4652 elacior

382 4693 525 4760 scissura
543 4693 593 4782 fit.
613 4692 686 4758 Alia
699 4698 747 4758 est
762 4696 862 4771 ratio,
882 4694 949 4759 alia
966 4692 1097 4757 imloles
1111 4695 1190 4757 novi
1210 4693 1367 4774 foederis;
1385 4717 1491 4783 quare
1505 4717 1592 4783 quae
1607 4697 1717 4760 lorma

384 4808 608 4868 consentanea
631 4806 703 4866 erat
723 4801 841 4880 veteri,
869 4801 984 4867 eadem
1011 4823 1076 4865 non
1096 4808 1205 4888 polest
1224 4808 1303 4889 apta
1318 4823 1388 4867 esse
1409 4823 1507 4867 novo.
1532 4801 1636 4891 ldque
1651 4802 1717 4867 alio

383 4909 487 4975 simili
501 4907 696 4975 declaratur
711 4931 743 4974 v.
771 4912 813 4972 Ἡ
833 4922 864 4974 et
883 4930 980 4975 vicario
1005 4908 1109 4974 iniecit
1130 4907 1247 4973 vinum
1268 4909 1445 4975 cacumin
1464 4922 1552 4975 utres
1571 4924 1696 4977 celeres
1703 4930 1716 4992 ;
