3960 5654
847 357 939 404 nanc.
964 340 1011 408 tt,
1034 339 1120 400 9-10.
1586 344 1644 404 365

314 491 421 558 mines
435 488 521 556 adeo
535 489 646 557 solent
658 512 730 556 esse
743 497 940 580 appetentes
955 494 988 555 et
1001 488 1107 577 avidi)
1120 490 1189 556 suis
1203 490 1325 574 largiri
1339 497 1446 579 potest
1461 515 1492 556 v.
1511 499 1529 558 9
1543 512 1643 556 amen

312 595 385 664 dieo
399 593 505 675 vobis,
523 595 727 686 ubicumque
739 596 975 684 praedicatum
987 595 1098 685 suerit
1111 595 1327 685 euangelium
1343 597 1478 683 (istud),
1504 598 1643 665 nuntius

311 703 382 770 scil.
400 701 442 767 de
456 703 563 770 salute
578 702 744 770 messiane
758 703 813 791 (cl.
832 701 916 789 1‚1)‚
935 701 971 768 in
986 703 1141 769 universo
1157 701 1284 768 meando
1298 697 1351 777 εἰς,
1372 704 1419 767 uti
1438 711 1513 778 139
1534 703 1643 790 κηρύσ·

312 832 373 873 σειν
388 802 442 886 εἰς,
458 821 490 875 et
504 809 598 899 quod
607 808 690 898 fecit
704 807 787 876 daec
801 807 999 875 narrabitur
1013 809 1049 874 in
1064 810 1264 874 memoriam
1279 810 1369 890 eius;
1385 838 1399 868 r
1418 808 1502 874 haec
1517 810 1549 873 in
1565 832 1642 875 con-

310 914 508 982 solationem
523 916 606 983 dicit
623 913 791 994 mulieris3
810 921 941 982 tantum
953 917 1045 982 enim
1061 916 1158 981 abest
1174 923 1209 981 ut
1224 936 1289 1001 ego
1306 914 1551 1004 reprehendam
1566 939 1640 982 eam

309 1022 401 1090 acsi
430 1044 606 1113 perperam
634 1022 771 1108 egisset,
793 1026 922 1088 utnon
948 1021 1148 1111 permittam
1174 1043 1260 1110 opus
1281 1021 1353 1087 eius
1376 1021 1495 1103 latere;
1523 1043 1640 1088 verum

310 1127 457 1195 mundus
481 1130 563 1196 sciet
583 1127 620 1193 id
639 1111 734 1216 quod
748 1128 784 1194 in
804 1127 905 1193 domo
920 1134 954 1194 et
969 1128 1006 1194 in
1021 1127 1223 1194 abscondito
1243 1134 1357 1194 actum
1372 1134 1436 1203 est;
1457 1136 1529 1193 erat
1549 1132 1639 1193 enim

308 1256 392 1324 opus
411 1235 533 1302 mentis
548 1234 747 1324 praeclarae
765 1240 798 1302 et
817 1233 944 1299 multae
959 1233 1042 1300 fidei
1057 1233 1300 1300 documentum
1319 1262 1333 1292 r
1355 1233 1486 1322 (Vici).
1506 1239 1642 1301 Praeter

307 1341 441 1408 laudem
470 1347 504 1408 et
522 1340 784 1408 consolationem
809 1339 960 1406 mulieris
985 1341 1087 1408 etiam
1111 1339 1271 1406 solatium
1295 1340 1441 1429 proponi
1465 1339 1640 1429 discipulis

306 1448 353 1515 ait
363 1446 465 1514 auth.
479 1467 518 1513 eo
529 1444 621 1535 quod
632 1447 840 1537 praedicatio
852 1445 1025 1532 evangelii
1034 1451 1144 1513 totum
1154 1445 1441 1536 comprehensura
1452 1447 1495 1512 sit
1505 1447 1635 1513 orbem.

305 1559 372 1621 lloc
392 1553 513 1621 Christi
536 1554 734 1619 vaticinium
756 1552 896 1640 egregie
913 1552 1052 1642 impleri
1075 1575 1152 1619 cum
1175 1553 1212 1619 in
1228 1554 1338 1619 tribus
1353 1553 1520 1639 evangelii
1544 1553 1639 1619 libris

305 1661 419 1726 unctio
434 1659 520 1725 haec
539 1664 699 1726 narretur
712 1665 745 1724 et
759 1660 795 1726 in
814 1659 953 1746 liturgia
974 1660 1138 1726 recitetur
1153 1660 1370 1727 manifestum
1385 1665 1443 1726 est.
1465 1659 1559 1725 Haud
1577 1660 1638 1726 abs

305 1787 340 1832 re
355 1770 476 1832 notant
489 1765 526 1833 S.
546 1765 643 1832 Hier.
660 1764 779 1831 Beda:
798 1792 814 1825 α
831 1765 970 1832 attende
985 1765 1142 1833 notitiam
1157 1767 1352 1832 futurorum
1371 1765 1460 1854 quod
1479 1788 1639 1855 passurus

302 1877 379 1960 post
397 1871 468 1938 dies
485 1893 614 1962 paucos
631 1870 715 1937 sciat
733 1870 953 1958 evangelium
971 1893 1072 1938 suum
1092 1878 1164 1938 toto
1183 1872 1266 1938 orbe
1285 1871 1528 1938 celebrandum
1551 1902 1581 1938 u.

342 2060 403 2120 Cur
417 2060 559 2121 Christus
574 2060 631 2137 qui
652 2075 824 2138 pauperem
845 2059 942 2138 elegit
960 2076 998 2120 ac
1017 2058 1107 2138 degit
1124 2060 1221 2119 vitam
1242 2065 1349 2119 tamen
1369 2058 1468 2119 voluit
1487 2060 1517 2117 in
1541 2077 1634 2119 suum

301 2157 398 2218 funus
414 2157 557 2235 impendi
572 2161 768 2236 unguentum
779 2156 858 2217 adeo
875 2157 1074 2234 pretiosum?
1088 2157 1203 2218 Statim
1218 2176 1236 2217 a
1251 2162 1352 2217 morte
1368 2162 1399 2216 et
1414 2156 1632 2235 redemptione

302 2255 380 2316 lacta
400 2256 513 2334 incipit
531 2255 717 2334 glorificatio
737 2254 806 2316 eius
827 2260 859 2315 et
875 2255 1040 2327 exaltatio;
1058 2272 1154 2333 quare
1174 2256 1305 2316 omnino
1326 2255 1532 2316 conveniebat
1552 2256 1634 2315 utel

300 2353 397 2413 etiam
413 2370 463 2414 res
483 2353 579 2414 buius
595 2358 696 2414 terrae
715 2353 873 2432 pretiosae
891 2352 1162 2431 impenderentur.
1183 2353 1283 2423 Quare
1302 2353 1413 2412 merito
1433 2370 1470 2411 ex
1486 2370 1522 2412 ea
1537 2371 1569 2413 re
1587 2354 1633 2411 in-

299 2450 404 2512 ferunt
418 2469 475 2530 pro
491 2451 581 2512 cultu
599 2451 709 2512 divino
727 2451 866 2529 pretiosa
881 2455 913 2510 et
927 2468 1000 2511 cara
1020 2467 1089 2511 esse
1109 2449 1320 2511 consecranda
1335 2456 1366 2509 et
1382 2448 1512 2530 Theoplr.
1530 2451 1560 2510 id
1577 2468 1633 2529 ap-

299 2548 397 2627 plicat
414 2548 453 2608 ad
469 2566 494 2608 s.
517 2549 740 2610 eucharistiam
758 2566 765 2608 :
784 2571 799 2602 α
813 2547 944 2608 audiant
958 2548 1056 2626 igitur
1070 2548 1232 2625 quomodo
1253 2547 1394 2608 Christus
1410 2547 1567 2625 praeierat
1587 2551 1634 2609 sui

296 2664 406 2707 curam
422 2646 631 2725 pauperibus3
647 2645 762 2706 Christi
775 2649 881 2706 autem
897 2662 1013 2723 corpus
1030 2647 1157 2724 proprie
1173 2646 1319 2723 estquod
1337 2646 1367 2705 io
1383 2646 1470 2706 disco
1486 2664 1582 2706 aureo
1600 2654 1631 2706 et

298 2744 426 2823 sanguis
444 2744 500 2821 qui
521 2745 552 2803 in
573 2744 700 2823 poculo.
722 2743 780 2815 Oui
799 2743 899 2822 igitur
917 2744 1087 2804 abstulerit
1106 2743 1229 2805 discum
1249 2744 1420 2822 pretiosum
1439 2751 1469 2803 et
1489 2745 1573 2822 cogit
1598 2752 1631 2804 ut

297 2860 411 2921 corpus
426 2842 541 2902 Christi
559 2843 590 2901 in
606 2841 718 2902 viliore
734 2846 870 2920 ponatur
884 2847 1073 2919 praetexens
1089 2842 1158 2901 scil.
1177 2859 1347 2920 pauperes,
1362 2843 1440 2901 sciat
1457 2844 1545 2902 cuius
1562 2860 1631 2919 par-

297 2941 337 3000 tis
357 2941 445 3001 sit».
469 2941 508 2999 Et
527 2938 625 2999 Euat.
645 2940 739 3000 aliam
759 2939 832 3000 inde
853 2938 982 3000 deducit
1001 2940 1239 3000 conclusionem
1258 2958 1264 2998 :
1281 2962 1296 2992 «
1314 2944 1345 2999 tu
1367 2957 1439 3017 ergo
1460 2941 1484 2997 si
1506 2940 1632 3017 aliquos

297 3042 516 3109 construentes
535 3038 684 3097 ecclesias
705 3043 758 3098 aut
778 3037 972 3103 monasteria
993 3037 1060 3097 sive
1083 3055 1187 3097 sacras
1208 3038 1362 3115 imagines
1383 3038 1514 3107 videris,
1534 3056 1570 3097 no
1588 3039 1632 3097 iu-

297 3136 373 3196 beas
390 3135 475 3195 dirui
491 3134 579 3212 quod
596 3135 646 3205 tlt,
664 3151 703 3195 ne
718 3135 818 3194 animi
839 3135 966 3195 illorum
987 3134 1277 3213 promptitudinem
1298 3135 1445 3195 rotundas
1461 3161 1487 3193 υ.
1509 3137 1545 3194 Et
1563 3132 1629 3195 sai.

296 3238 386 3293 notat
403 3233 443 3293 ad
461 3251 489 3292 v.
511 3232 656 3292 'lzbanc
674 3233 831 3293 rationem
853 3233 936 3293 bene
957 3232 1117 3310 pondera,
1139 3233 1217 3310 quia
1235 3233 1308 3291 binc
1328 3233 1481 3293 docemur
1501 3234 1531 3292 in
1552 3235 1630 3293 raris

254 3413 258 3422 Ι
296 3348 388 3409 posse
404 3331 504 3391 multo
523 3335 654 3409 sumptu
674 3331 719 3391 uti
739 3332 860 3408 absque
877 3347 1024 3391 remorsu
1045 3331 1260 3391 conscientiae
1281 3330 1365 3407 quod
1385 3332 1498 3391 melius
1520 3331 1630 3392 luisset

295 3424 370 3485 dare
389 3424 598 3503 pauperibus;
613 3428 645 3484 et
661 3422 747 3483 Icus.
767 3424 824 3483 :in
844 3423 941 3484 Maria
960 3423 1193 3484 observandum
1214 3428 1262 3484 est
1281 3424 1461 3502 exernplum
1481 3424 1582 3483 seduli
1600 3432 1631 3485 et

295 3522 435 3582 ardentis
456 3521 577 3583 amoris
598 3522 653 3599 qui
673 3521 749 3582 lacit
768 3526 805 3581 ut
822 3520 902 3581 nibil
923 3521 1084 3582 iudicetur
1103 3522 1238 3582 niarium
1259 3539 1317 3582 nec
1333 3521 1414 3582 ullus
1435 3530 1580 3600 sumptus
1598 3524 1628 3581 iu

294 3620 429 3698 gratiam
445 3620 501 3680 Dei
518 3619 701 3680 tolerandus
717 3619 862 3680 videatur
877 3636 947 3679 esse
962 3619 1078 3699 gravis.

338 3802 382 3863 lle
398 3796 501 3863 ludae
516 3795 632 3863 indole
647 3801 680 3863 et
694 3797 913 3885 perversitate
928 3797 1085 3886 pluribus
1099 3797 1154 3881 egi
1170 3796 1213 3862 ad
1232 3797 1344 3863 llatth.
1361 3803 1474 3869 salt.
1501 3806 1553 3865 15.
1573 3800 1628 3864 llic

293 3903 440 3969 sufficiet
450 3903 601 3970 recolere
613 3901 729 3968 ludam
738 3902 807 3970 iam
818 3908 897 3970 ante
904 3923 1035 3968 annum
1044 3903 1146 3969 fidem
1155 3904 1188 3968 in
1200 3906 1309 3970 lesum
1320 3903 1480 3970 abiecisse
1491 3926 1626 3970 omnem

295 4009 398 4096 (loen.
417 4016 508 4087 am.
524 4009 598 4097 m);
616 4031 655 4074 ex
670 4031 709 4075 eo
720 4016 875 4098 tempore
891 4009 927 4074 in
943 4009 1016 4076 dies
1029 4012 1139 4097 magis
1152 4011 1292 4077 videbat
1306 4011 1420 4077 odium
1432 4013 1627 4099 principum

293 4116 330 4181 in
347 4115 516 4181 Christum
532 4136 702 4196 crescere,
721 4116 892 4182 Christum
906 4122 1021 4183 autem
1037 4116 1234 4183 nullatenus
1251 4118 1284 4183 id
1302 4140 1404 4204 agere
1421 4125 1456 4182 ut
1474 4118 1625 4184 instituto

294 4242 400 4308 regno
413 4221 482 4285 suis
492 4221 669 4310 discipulis
682 4244 777 4311 opes,
791 4221 940 4301 divitias,
953 4223 1159 4312 potentiam,
1174 4225 1407 4289 auctoritatem
1419 4224 1622 4312 provideret.

292 4333 399 4405 Quare
420 4327 573 4416 sibiipsa
591 4327 774 4416 providere
795 4328 955 4395 studebat
971 4336 1005 4395 et
1024 4352 1102 4396 cum
1120 4351 1256 4396 causam
1280 4334 1348 4395 lesu
1365 4338 1502 4418 propter
1522 4353 1627 4419 oppu-

291 4437 488 4521 gnationem
504 4433 699 4523 principum
715 4456 792 4502 mox
806 4434 932 4502 debere
946 4436 1127 4504 concidere
1140 4442 1174 4501 et
1185 4439 1319 4525 penitus
1334 4437 1443 4525 perire
1457 4437 1520 4501 sihi
1535 4437 1624 4502 side·

292 4546 384 4607 retur
399 4540 589 4629 pervidere,
607 4541 711 4607 vitam
728 4564 823 4608 suam
840 4542 984 4610 reddere
996 4541 1134 4608 volebat
1149 4550 1182 4608 et
1195 4543 1407 4609 commodam
1427 4552 1460 4608 et
1475 4543 1518 4608 ah
1532 4544 1623 4608 oriani

295 4647 490 4738 principum
500 4648 712 4714 intestatione
723 4670 888 4716 securam.
903 4650 985 4715 lnde
996 4648 1234 4729 inducebatur,
1249 4657 1283 4713 ut
1295 4672 1332 4714 ex
1343 4651 1382 4714 iis
1395 4671 1481 4737 quae
1492 4652 1622 4715 Cluisto

296 4754 526 4821 offerebantur
550 4755 615 4821 sibi
638 4754 727 4822 furto
751 4755 921 4845 quaedam
941 4764 1130 4845 seponeret.
1154 4761 1328 4823 Crescente
1344 4779 1437 4823 sacra
1461 4759 1623 4845 pecuniae
