3960 5654
894 338 986 388 mc.
1010 324 1059 395 10,
1083 323 1185 384 ileu.

237 39 662 102 fflfffflffiuwffifflnu
704 84 713 101 s
761 88 774 99 μ
798 72 823 92 -.
859 40 990 87 ,ἔξι-ἐγῖη
1009 39 1274 80 ”,κ,·.“]νζ11’ῑ.ε··χ“ζ,,

1648 324 1709 384 267-

472 559 493 630 ο)
513 563 561 614 De
579 556 778 613 divitiarum
796 556 958 630 pericnlls
976 561 1010 613 et
1028 558 1180 609 mercede
1199 555 1416 621 paupertatis
1438 556 1608 620 tuin-³1.

413 756 503 818 1017.
516 755 646 818 thuum
656 768 787 821 egressus
798 758 874 805 esset
886 756 1012 815 inviam,

373 857 540 909 procurrens
553 843 666 908 quidum
680 858 755 910 genu
769 841 843 894 ilexc
856 849 922 896 ente
932 856 1007 901 eum,

372 934 490 998 rogabat
496 944 577 984 eum:
589 933 723 999 Magister
734 932 823 992 hone,
833 934 900 998 quid
913 933 1013 983 luciam

373 1026 403 1074 ut
417 1023 503 1072 vitem
516 1025 659 1074 eeternsm
669 1020 844 1088 percipienti

410 1110 453 1161 is.
463 1110 541 1161 lesus
551 1113 645 1164 sutem
658 1110 728 1162 dixit
737 1111 764 1160 el
776 1121 784 1159 ι
798 1109 872 1170 Quid
882 1124 927 1162 me
941 1109 1012 1160 dicis

371 1197 496 1251 bonumi
515 1199 604 1252 Nemo
625 1201 730 1261 bonus,
750 1199 806 1250 nisi
829 1212 902 1251 unus
924 1199 1010 1249 Deus.

374 1288 416 1340 19.
437 1287 589 1354 Praecepta
605 1288 680 1340 nosti
699 1299 707 1338 ε
728 1287 772 1339 Ne
791 1289 946 1348 adulteres;
975 1301 1011 1337 ne

371 1377 496 1441 cccidss;
519 1391 555 1430 ne
577 1376 691 1438 iurerls;
705 1389 743 1428 ne
759 1376 861 1430 isisum
884 1377 1008 1428 testimo·

371 1466 449 1517 nium
460 1466 580 1526 dixeris;
590 1463 762 1516 neireudem
776 1465 875 1518 leceris
881 1478 889 1528 ;
901 1466 1010 1516 honora

370 1557 478 1619 patrem
492 1556 571 1607 tuum
583 1557 613 1605 et
625 1555 754 1605 mtrem.

406 1643 450 1695 10.
467 1645 504 1696 st
525 1644 573 1694 lile
595 1643 784 1709 respondens,
800 1645 840 1695 slt
862 1644 927 1694 lili:
951 1643 1007 1695 ile-

369 1733 457 1797 gister
470 1733 541 1783 hsce
553 1733 648 1784 omnis
660 1732 809 1785 observavi
824 1746 842 1783 s
862 1733 1007 1784 iuventute

368 1834 440 1873 mes.
457 1821 501 1872 ui.
517 1821 596 1873 lesus
607 1824 700 1873 ειιίοιιι
721 1822 838 1873 intuitus
860 1834 940 1883 eum,
968 1820 1007 1870 dl·

366 1911 435 1961 lexit
448 1922 528 1973 eum,
541 1914 570 1962 et
580 1909 652 1962 dixit
663 1911 691 1961 ei
706 1921 714 1960 :
730 1908 825 1962 Unum
840 1910 890 1961 tlbl
906 1910 986 1962 deest
1000 1922 1007 1960 :

365 2000 435 2050 vade
457 2011 651 2064 quaecumque
674 1999 762 2062 nubes
787 1998 891 2060 vende,
917 2001 946 2050 et
968 1999 1004 2050 ds

363 2087 547 2153 pauperinus,
576 2094 605 2140 et
632 2087 749 2140 hebebis
768 2089 942 2144 ,thesaurum
978 2089 1007 2138 ln

362 2178 455 2239 ccelo;
469 2180 498 2229 et
508 2178 588 2242 veni,
601 2190 721 2243 sequere
729 2189 786 2229 me.
801 2177 847 2228 ii.
864 2176 919 2237 Qui
930 2189 1002 2228 cen·

362 2267 488 2318 tristatus
509 2269 538 2317 in
561 2266 661 2328 verbo,
676 2266 747 2317 abiit
769 2278 902 2318 moerens
919 2279 926 2316 τ
943 2269 1004 2318 eret

362 2356 438 2406 enim
450 2355 557 2407 hebens
570 2356 673 2408 mulius
686 2356 892 2421 possessiones.
906 2355 950 2407 23.
966 2355 1002 2407 Et

361 2444 587 2509 circumspiciens
601 2444 695 2506 Iesus,
710 2445 751 2497 sii
764 2445 908 2510 discipulis
917 2445 978 2497 suis
997 2457 1004 2495 :

361 2531 454 2592 Quem
466 2531 580 2585 diissclle
598 2534 646 2599 qul
667 2535 800 2598 pecunias
822 2534 938 2594 hebent,
974 2535 1003 2583 in

360 2634 479 2686 regnum
491 2622 543 2674 Dei
555 2622 721 2674 introibunt!
738 2622 784 2674 ti.
797 2623 933 2687 Discipuli
947 2634 1000 2672 su-

361 2716 418 2762 tem
440 2711 673 2775 obstupescebsnt
699 2713 730 2762 in
747 2711 842 2762 verbis
870 2711 941 2762 eius.
969 2711 1006 2761 At

362 2798 441 2852 iesus
455 2812 552 2851 rursus
569 2799 756 2865 respondens,
778 2801 819 2851 elt
841 2799 897 2850 iilis
920 2812 927 2848 ι
956 2799 1004 2850 Fi·

361 2889 436 2950 llcli,
459 2901 544 2954 quem
566 2887 679 2940 dlificiie
702 2891 760 2950 est,
780 2887 953 2940 confidentes
975 2890 1004 2938 ln

362 2979 502 3042 pecuniis,
518 2980 676 3042 integrum
690 2978 742 3029 Del
754 2978 885 3029 introire!

398 3066 442 3118 25.
460 3066 579 3119 Fscllius
592 3072 636 3118 esi
653 3067 791 3118 csmeium
807 3080 857 3131 per
871 3066 997 3119 ioremen

363 3168 431 3207 scus
450 3157 569 3207 transire
596 3168 680 3221 quem
702 3155 817 3206 divitem
841 3157 946 3207 intrare
970 3158 998 3207 ln

363 3257 482 3308 regnum
492 3245 553 3296 Del.

400 3332 445 3385 26.
462 3332 517 3393 Qui
532 3334 622 3397 magis
639 3332 857 3394 sdmlmbeniun
872 3333 1000 3386 dicentes

364 3421 400 3472 ed
422 3423 588 3488 semetipsos
610 3435 617 3472 :
639 3421 675 3473 lli
697 3423 761 3486 quis
783 3426 878 3488 potest
903 3423 1002 3474 sulvus

364 3508 443 3563 lieri?
464 3511 509 3564 27.
533 3511 568 3562 lli
587 3513 699 3563 intuens
726 3511 792 3563 llice
816 3512 913 3573 lesus',
938 3513 1001 3562 sit:

364 3599 445 3665 Apud
462 3601 591 3652 homines
610 3599 783 3666 imposibile
798 3601 856 3663 est,
876 3601 926 3651 sed
945 3614 1003 3651 non

363 3689 438 3754 apud
454 3695 563 3762 Deumlz
578 3690 673 3742 omnis
684 3690 920 3755 enimpcssibllls
935 3696 1002 3740 sunt

363 3778 437 3842 apud
450 3779 550 3831 Deum.

399 3867 444 3919 28.
459 3868 596 3933 Etccepit
609 3870 636 3920 el
655 3868 756 3920 Petrus
777 3868 871 3920 (licere
896 3881 903 3918 :
926 3867 1000 3919 Ecce

363 3969 416 4008 uos
429 3956 584 4008 dimisimus
595 3960 703 4020 omnia,
714 3963 744 4009 et
751 3959 840 4010 secuti
854 3970 951 4008 sumus
960 3962 999 4008 te.

397 4045 443 4097 29.
459 4044 642 4110 Respondens
653 4046 746 4108 Iesus,
760 4048 799 4096 eit
815 4048 924 4097 :Amen
934 4045 1001 4097 dico

362 4135 442 4185 vobis
457 4147 464 4183 :
479 4133 569 4185 Nemo
581 4137 637 4195 est,
652 4136 701 4200 qui
715 4135 860 4200 reliquerit
872 4135 997 4195 domum,

361 4227 410 4274 eut
419 4221 533 4287 iratres,
548 4225 596 4274 sut
609 4236 735 4285 sorores,
745 4229 795 4275 sut
810 4226 933 4289 patrem,
951 4227 1000 4276 eut

362 4314 492 4374 matrem,
509 4314 557 4363 sut
569 4309 655 4373 illics,
669 4316 718 4365 aut
731 4325 816 4378 egros
823 4319 937 4379 propter
950 4327 996 4366 me

361 4404 389 4452 ct
399 4404 513 4467 propter
524 4401 720 4466 evangellum.
828 4441 838 4458 .

397 4490 441 4543 ³0.
460 4490 514 4551 Qui
525 4504 583 4542 ncn
601 4493 719 4557 accipiet
742 4493 849 4545 centies
873 4494 995 4555 lantum,

361 4580 477 4631 nuncin
489 4582 614 4646 tempore
628 4581 692 4643 hoe,
704 4581 816 4646 domos,
832 4587 861 4634 et
877 4581 995 4645 iratres,

361 4672 389 4719 et
400 4681 526 4732 sorores,
542 4673 570 4722 et
583 4672 699 4732 matres,
711 4673 739 4722 et
749 4669 836 4733 illics,
853 4674 881 4724 et
895 4685 993 4736 egres,

361 4771 424 4810 cum
442 4760 696 4824 persecutionibus,
717 4762 745 4811 ei
768 4761 797 4810 ln
817 4762 932 4813 seecnio
953 4761 997 4813 iu·

1107 754 1194 813 10,17.
1234 749 1288 801 Καὶ
1328 748 1520 821 ἐκπορευομένου
1558 754 1634 804 αὐτοῦ
1672 749 1704 812 εἰς

1065 836 1125 892 όδδν
1153 837 1319 909 προσδραμὼν
1345 834 1380 899 εἰς
1406 837 1448 890 καὶ
1479 837 1648 908 γονυπετήσας
1665 837 1706 890 αὖ·

1065 927 1107 980 τδν
1134 926 1249 997 ἰπηρώτα
1274 926 1367 994 αδτδν,
1392 926 1530 978 Διδάσκαλε
1562 925 1653 997 ἀγαθὲ,
1681 945 1706 979 τ.

1063 1017 1160 1084 ποιήσοι
1191 1015 1235 1067 ἵνα
1267 1018 1334 1078 ζωὴν
1372 1014 1473 1068 αἰώνιον
1506 1015 1702 1087 κληρονομήσω

1067 1109 1108 1161 18.
1127 1104 1142 1158 6
1160 1104 1186 1159 δί
1208 1102 1304 1172 Ἰησοῦς
1322 1102 1395 1158 εἶπεν
1419 1103 1499 1176 αδτῷ,
1523 1104 1553 1156 ll
1574 1124 1605 1175 με
1624 1104 1704 1174 λέγεις

1062 1193 1173 1266 ἀγαθόνς
1193 1192 1272 1256 oleri<
1289 1193 1397 1264 ἀγαθός,
1419 1196 1440 1246 εἰ
1465 1191 1498 1265 μὴ
1523 1190 1572 1258 εἰς,
1592 1192 1607 1246 6
1630 1192 1699 1256 θεός.

1065 1288 1107 1339 19.
1132 1281 1174 1346 τδς
1197 1281 1298 1343 ἰντσλδις
1324 1280 1411 1347 οἶδας,
1440 1281 1482 1348 Μὴ
1509 1282 1636 1355 ρονεῦσης·
1666 1278 1700 1354 μὴ

1062 1371 1203 1444 mutius·
1229 1369 1263 1444 el
1283 1372 1382 1444 κλθοε·
1404 1368 1438 1442 εἰ
1457 1372 1700 1444 ψευδονειτνιθσιε·

1061 1457 1294 1534 μὴᾶπσστερήσῃς·
1320 1461 1381 1533 τίμα
1399 1459 1444 1514 τδν
1473 1462 1563 1531 πατέρα
1591 1480 1636 1513 σου
1661 1461 1702 1512 καὶ

1060 1547 1106 1617 τὴν
1123 1551 1227 1622 μητίρα.
1243 1553 1288 1606 20.
1308 1549 1323 1603 6
1341 1549 1368 1604 δὲ
1386 1548 1432 1620 ἔφη
1454 1548 1535 1622 αἰετῷ,
1548 1549 1700 1619 Διδάσκαλε,

1060 1643 1137 1694 ταῦτα
1161 1640 1241 1694 πάντα
1264 1637 1425 1711 ἰρυλαξᾶμην
1449 1638 1475 1693 ἐκ
1503 1640 1618 1706 νεότητός
1645 1659 1699 1710 μου.

1061 1733 1105 1784 21.
1125 1727 1140 1781 6
1163 1729 1189 1782 δί
1215 1727 1312 1796 Ἰησοῦς
1337 1727 1461 1801 ἕμόλέψας
1483 1727 1550 1800 αἰετῷ
1572 1727 1699 1798 ἠγάπησεν

1059 1816 1147 1884 αῦτδν,
1176 1818 1218 1871 καλ
1242 1815 1312 1872 εἶπεν
1346 1817 1428 1888 αὐτῷ,
1462 1816 1509 1869 Ἐν
1543 1837 1569 1869 σε
1594 1818 1698 1888 ῦστερεῖ·

1059 1906 1152 1979 θπσγε,
1172 1909 1219 1960 ὅσα
1243 1905 1311 1978 ἔχεις
1337 1901 1472 1974 πώλησον,
1501 1906 1544 1959 καί
1568 1906 1610 1967 sl<
1636 1925 1700 1960 πτω-

1058 1998 1132 2066 χοῖς,
1161 1996 1203 2049 καί
1226 1995 1286 2058 ἕξεις
1315 1995 1438 2068 θησαυρδν
1471 1993 1497 2047 ἰν
1525 1993 1631 2067 οὗρανῷ·
1658 1994 1700 2048 καλ

1058 2085 1132 2156 δεῦρο
1155 2082 1286 2138 δκσλσῦθει
1314 2104 1369 2156 μοι.
1400 2088 1445 2139 22.
1473 2084 1487 2137 6
1514 2082 1540 2137 δὲ
1563 2085 1700 2155 στυγνάσας

1058 2172 1100 2226 ἰπλ
1118 2178 1154 2247 ’ᾧ
1171 2174 1243 2247 λόγῳ
1260 2173 1374 2242 ἀπῆλθεν
1397 2173 1560 2244 λυπούμενος·
1592 2167 1623 2239 ἦν
1651 2172 1699 2243 γὰρ

1059 2261 1128 2334 ἰχων
1147 2263 1262 2336 κτήματα
1288 2263 1383 2318 πολλά.
1410 2267 1455 2317 23.
1479 2262 1527 2315 Καὶ
1551 2261 1697 2333 septupl-

1058 2371 1131 2424 μενος
1148 2352 1162 2405 6
1184 2350 1280 2419 Ἰησοῦς
1297 2353 1365 2422 λέγει
1385 2354 1438 2414 τοῖς
1464 2352 1586 2422 μαθηταῖς
1607 2348 1695 2417 αῦτσῦ,

1056 2440 1113 2502 Πῶς
1131 2440 1257 2504 δυσκόλως
1279 2440 1303 2495 σί
1330 2440 1362 2494 τὰ
1389 2440 1508 2512 χρήματα
1537 2440 1638 2511 ἔχοντες
1664 2438 1697 2502 εἰς

1056 2526 1102 2596 τὴν
1122 2530 1249 2600 βασιλείαν
1277 2534 1321 2584 τοῦ
1344 2529 1408 2583 Θεοῦ
1436 2527 1623 2585 εἰσελεύσονται.
1650 2533 1695 2584 ti.

1055 2618 1080 2672 οἰ
1098 2619 1125 2672 δὲ
1154 2620 1263 2691 μαθηταὶ
1285 2619 1440 2691 ἔθαμόοῦντο
1469 2617 1509 2672 ἐπὶ
1536 2621 1588 2681 τοῖς
1610 2618 1696 2687 λόγοις

1055 2707 1140 2762 αἰετοῦ.
1160 2707 1175 2761 6
1192 2709 1219 2762 δὲ
1241 2708 1338 2776 Ἰησοῦς
1361 2708 1436 2762 πόλιν
1464 2708 1603 2778 ἀποκριθεὶς
1627 2707 1695 2776 λέγει

1055 2797 1153 2863 αιίτοῖς,
1180 2798 1273 2863 Τέκνα,
1302 2804 1352 2859 ναῦς
1379 2797 1501 2850 δῦσκολόν
1536 2795 1602 2849 ἔστιν
1629 2796 1696 2866 [τοῦς

1055 2888 1202 2949 πεποιθότας
1226 2884 1266 2940 ἰπὶ
1284 2887 1422 2958 χρήμασιν]
1445 2885 1477 2948 εἰς
1501 2884 1546 2950 τὴν
1569 2884 1695 2951 βασιλείαν

1055 2980 1099 3029 τοῦ
1123 2975 1186 3030 Θεοῦ
1210 2975 1337 3030 εἰσελθεῖν.

1092 3069 1135 3121 25.
1166 3064 1333 3136 εὗκοπώτερθν
1361 3064 1426 3118 ἔστιν
1438 3064 1553 3135 κάμηλον
1587 3063 1626 3115 διδ
1654 3068 1695 3130 τῆς

1054 3152 1190 3225 τρυμαλιᾶς
1208 3158 1251 3220 τῆς
1277 3153 1377 3225 ῥαφίδος
1399 3153 1522 3216 διελθεῖν,
1542 3153 1557 3218 ἢ
1577 3152 1695 3206 πλοθσιον

1054 3241 1088 3305 εἰς
1106 3248 1150 3301 τὴν
1170 3243 1296 3313 βασιλείαν
1314 3248 1359 3296 τοῦ
1377 3243 1442 3295 θεοῦ
1461 3241 1591 3295 εἰσελθεῖν.

1089 3335 1135 3388 26.
1154 3331 1179 3386 οἰ
1196 3333 1223 3386 sl
1235 3339 1357 3402 περισσῶς
1369 3331 1563 3397 ἐξεπλήσσοντο,
1580 3331 1695 3403 λέγοντες

1053 3420 1113 3492 πρδς
1130 3421 1213 3475 αὐτόν·
1242 3423 1290 3475 Καὶ
1313 3423 1348 3482 τίς
1370 3422 1475 3475 δύναται
1493 3422 1616 3487 σωθῆναι;
1647 3423 1692 3475 27.

1053 3509 1175 3583 ἐμόλέψας
1186 3511 1266 3573 αῦτσῑς
1280 3511 1295 3565 6
1311 3510 1408 3578 ’ἰησοῦς
1421 3510 1499 3580 λέγει,
1511 3509 1581 3580 Παρὰ
1595 3509 1692 3581 ἀνθρώ-

1052 3619 1108 3663 ποις
1125 3598 1257 3668 6δῦνατον,
1277 3599 1341 3653 ἀλλ’
1364 3599 1393 3652 οῦ
1417 3598 1488 3670 ,παρὰ
1518 3597 1582 3669 (θεῷ’
1612 3600 1692 3652 πάντα

1051 3687 1101 3760 γἀρ
1128 3689 1220 3742 δυνατὰ
1248 3690 1313 3761 παρὰ
1340 3688 1406 3761 θεῷ.

1087 3782 1132 3833 28.
1149 3779 1258 3850 Ἠρξατο
1273 3780 1357 3849 λέγειν
1379 3778 1393 3829 6
1411 3777 1501 3849 Πέτρος
1520 3777 1595 3848 αἰετῷ,
1616 3776 1691 3841 ’lecu

1050 3865 1123 3938 ἡμεῖς
1146 3868 1273 3940 δρηκαμεν
1296 3869 1393 3934 πάντα,
1419 3868 1460 3920 καὶ
1487 3866 1688 3937 ἠκολουθήκαμέν

1050 3975 1100 4009 σοι.

1086 4049 1130 4102 29.
1156 4045 1201 4117 ἔφη
1234 4046 1248 4099 6
1283 4045 1397 4114 Ἰησοῦς,
1420 4044 1505 4116 Ἀμὴν
1524 4046 1589 4116 λέγω
1616 4043 1685 4115 ῦμῖν,

1049 4133 1128 4199 οῦδείς
1146 4133 1211 4188 ἰστιν
1230 4138 1256 4198 ὃς
1279 4135 1376 4206 όρῆκεν
1399 4133 1495 4200 οἰκίκν,
1519 4135 1533 4199 ῆ
1554 4132 1686 4203 δδελροῦς,

1049 4223 1064 4290 ἢ
1084 4223 1204 4296 ἀδελφὰς,
1219 4226 1234 4291 ἰ,
1250 4227 1358 4295 μητέρα,
1384 4225 1400 4290 ἢ
1425 4225 1531 4293 πατέρα,
1554 4223 1569 4287 ἢ
1599 4223 1686 4286 siren,

1049 4311 1189 4385 ἢδγροδς,
1209 4315 1292 4368 ἕνεκεν
1312 4313 1374 4385 ἐμοῦ
1402 4314 1506 4366 καὶτοῦ
1525 4311 1684 4382 εὖαγγελίου,

1050 4403 1153 4458 30.16ν
1173 4408 1206 4474 μὴ
1226 4403 1292 4476 λόόη
1317 4402 1562 4457 ἓκατονταπλασίσνα
1592 4406 1634 4454 νῦν
1661 4400 1687 4455 ἰν

1049 4498 1085 4565 τῷ
1122 4498 1199 4565 καιρῷ
1233 4494 1325 4567 τούτῳ,
1365 4492 1444 4554 οἰκίας
1485 4493 1526 4545 καί
1567 4487 1687 4562 ἀδελροδς

1048 4583 1091 4635 καὶ
1119 4578 1228 4653 όδελρδς
1260 4583 1302 4636 καὶ
1334 4584 1439 4654 μητέρας
1470 4583 1511 4635 καὶ
1539 4583 1610 4635 τέκνα
1646 4580 1689 4631 καὶ

1049 4670 1152 4744 όγρσδς,
1180 4672 1261 4744 iperi
1309 4673 1443 4744 διωγμῶν,
1490 4671 1531 4724 καὶ
1577 4669 1601 4723 ἰν
1653 4673 1689 4740 τῷ

1048 4759 1119 4815 αἰῶνι
1150 4767 1186 4834 τῷ
1216 4761 1345 4834 ἰρχομὲνῳ
1376 4759 1444 4827 ζωὴν
1484 4759 1595 4814 αἰώνιον.
1643 4762 1687 4814 31.
