3960 5654
193 504 253 565 ³80
716 522 806 564 uiae.
832 505 879 571 ti,
903 503 1005 564 27-28.

193 659 230 717 H;
247 660 296 708 rell
313 656 382 706 codd
403 651 538 716 εισελῦητε.
562 657 592 704 ln
612 672 638 706 v.
662 659 694 708 40
711 676 750 707 aar
766 654 840 705 παλιν
860 651 974 711 zitula
994 658 1095 707 new
1108 656 1145 714 ii,
1165 656 1191 703 al
1211 657 1281 705 codd
1305 651 1454 720 υποστριψις
1474 656 1522 715 Τί;

191 759 318 798 reversus
332 745 397 806 vulg
409 757 455 805 syr
473 746 535 808 lutri
552 759 611 794 arm
633 750 714 805 aeth;
731 747 865 808 ingravati
882 757 926 793 aur
942 746 998 796 luld
1014 747 1080 795 bub'
1097 747 1150 795 licii
1173 744 1234 792 med
1253 745 1309 795 lind
1327 746 1387 796 harl
1405 744 1526 794 Words-

190 834 289 884 wortlt.
309 833 338 880 ln
359 846 384 879 ν.
404 833 431 881 it
451 835 472 882 l)
495 851 583 901 απεχει
598 853 625 884 το
640 833 710 893 taluc
725 852 765 883 aar
779 847 870 897 popu
888 834 904 881 d
923 849 940 897 q
960 834 1059 884 sullicil
1080 833 1142 883 sinis
1163 835 1191 882 et
1213 833 1294 891 liora;
1317 835 1326 883 l
1343 835 1422 884 adesi
1444 832 1524 897 sinis,

190 923 267 972 venit
283 922 365 978 hora,
384 922 426 970 cll
437 919 446 949 ²
459 924 540 974 adest
556 928 630 974 enim
643 923 846 974 consummatio
860 928 886 970 ct
903 923 983 981 liura;
1001 936 1017 971 a
1033 925 1242 972 consummatus
1257 929 1300 971 cst
1315 923 1393 982 linis,
1412 922 1526 972 advenit

189 1011 272 1066 hora,
289 1023 335 1070 syr
350 1007 412 1075 (atr)
425 1016 659 1076 appropinquavit
683 1013 745 1062 imis
760 1016 787 1060 et
808 1013 883 1058 venit
900 1013 976 1061 bora.
996 1011 1156 1073 Singularis
1172 1011 1288 1059 habeti<
1306 1024 1311 1058 :
1330 1011 1448 1061 dormite
1469 1012 1525 1059 iam

190 1111 277 1154 nune;
294 1111 358 1148 ecee
375 1104 614 1165 appropinquavit
628 1105 674 1164 qui
688 1115 732 1150 me
746 1100 837 1147 tradit.
855 1106 882 1148 ct
898 1108 959 1163 post
975 1101 1105 1163 pusillum
1120 1100 1250 1149 excitarit
1267 1098 1330 1149 illos
1344 1107 1372 1149 et
1386 1101 1456 1149 dixit
1471 1100 1525 1148 iam

195 1187 264 1235 liora
274 1192 315 1236 est
330 1201 394 1238 ecce
405 1172 526 1240 traditur
538 1189 612 1239 lilius
625 1192 745 1239 hominis
757 1191 783 1235 in
798 1201 896 1238 manus
909 1192 1091 1252 peccatorum.
1107 1189 1194 1237 Etiam
1203 1187 1309 1250 picodd
1321 1189 1526 1251 wigiradum,

190 1276 229 1323 uti
245 1288 289 1323 am
302 1290 352 1326 car
369 1280 423 1328 bub
438 1279 480 1327 ior
495 1279 559 1328 med
572 1292 609 1327 ox
622 1280 688 1327 rusb
707 1279 745 1325 toi
761 1276 818 1324 lind
833 1278 907 1334 irari,
931 1277 1135 1326 Wordsirorth.

232 1498 389 1572 Quamvis
404 1497 557 1562 Christus
572 1494 708 1582 saepius
728 1495 950 1582 praedixisset
965 1515 1059 1559 suam
1082 1495 1290 1583 passionem,
1315 1500 1428 1560 tamen
1444 1517 1525 1584 apo·

188 1602 263 1667 stoli
279 1602 415 1690 quando
432 1624 550 1667 revera
567 1600 692 1667 accidit
712 1602 858 1667 maxime
876 1601 1066 1691 perturbati
1089 1608 1184 1683 sunt;
1209 1612 1311 1690 atque
1331 1600 1369 1667 id
1388 1623 1526 1690 quoque

189 1709 339 1775 Christus
354 1710 401 1773 eis
415 1709 621 1773 vaticinatur
637 1730 668 1773 v.
689 1714 730 1771 27
753 1719 785 1772 ct
799 1709 849 1772 nit
869 1711 915 1773 eis
935 1711 1024 1773 lesus
1045 1729 1056 1772 .·
1075 1728 1189 1773 omnes
1205 1706 1529 1774 scandalizabimini

191 1816 242 1905 (in
255 1837 307 1879 me
324 1815 359 1879 in
379 1828 475 1880 nocte
494 1814 578 1895 istm·
599 1813 733 1878 videtur
749 1821 1018 1903 transsumptum
1038 1836 1078 1879 ex
1095 1815 1209 1880 Matlh.
1227 1821 1345 1893 26,31;
1367 1836 1447 1880 nam
1463 1837 1525 1880 eur

189 1923 225 1987 in
248 1928 298 1987 tot
316 1920 403 1986 codd
430 1921 594 1986 omissum
620 1927 706 1986 esset
728 1920 868 1986 diflicile
888 1921 1129 2009 explicaretur;
1159 1920 1257 1986 facile
1282 1943 1343 1987 cur
1361 1922 1524 1987 insertum

187 2029 230 2095 sit
246 2028 351 2116 patet)
369 2027 391 2092 i.
407 2051 436 2092 c.
452 2050 492 2092 ex
506 2028 549 2093 iis
568 2050 657 2116 quae
681 2029 765 2092 mihi
783 2028 937 2093 accident
962 2026 1167 2093 desciscendi
1191 2049 1211 2092 a
1240 2048 1292 2092 me
1315 2031 1524 2093 occasionem

189 2135 329 2222 capietis
343 2135 465 2220 (Patr.)
482 2187 489 2212 ,
503 2133 622 2199 eliensi
638 2156 691 2199 me
706 2133 876 2199 deseretis.
897 2133 1103 2200 Scaudalum
1116 2133 1209 2222 quod
1222 2135 1311 2223 passi
1325 2140 1404 2200 sunt
1418 2134 1525 2224 aliqui

188 2241 435 2328 itaexplieant,
455 2247 490 2305 ut
517 2240 634 2306 dicant
658 2262 714 2305 eos
740 2241 888 2305 amisisse
916 2239 1017 2306 fidem
1033 2241 1068 2306 in
1091 2245 1217 2315 lesum,
1238 2242 1368 2329 quippe
1384 2245 1444 2330 qui
1462 2263 1525 2307 nec

187 2370 221 2413 se
240 2370 302 2412 nec
328 2370 404 2412 suos
430 2352 540 2435 posset
558 2348 692 2434 eripere
719 2369 829 2435 neque
856 2355 941 2412 esset
970 2348 1068 2412 Filius
1098 2348 1169 2429 oei,
1188 2347 1247 2412 sed
1268 2354 1376 2413 morie
1398 2348 1525 2437 periret

190 2455 246 2543 (cl.
266 2457 348 2544 Lep.
372 2454 414 2519 ad
433 2453 547 2518 llatlh.
573 2455 701 2540 adai).
725 2458 814 2530 Quae
838 2461 950 2519 tamen
979 2456 1146 2520 sententia
1174 2454 1274 2519 nimis
1289 2453 1376 2520 dura
1391 2455 1526 2520 videtur

189 2583 300 2649 neque
319 2560 388 2626 ullo
407 2568 504 2647 paeto
519 2560 783 2626 commendatur
799 2566 890 2627 loan.
913 2566 1022 2642 roal.
1042 2567 1096 2634 32,
1115 2560 1173 2625 ubi
1194 2561 1344 2626 Christus
1365 2560 1525 2650 apostolis

188 2667 403 2733 dicentibus:
428 2689 517 2733 nunc
533 2668 704 2733 credimus
726 2669 844 2755 quiaa
869 2671 934 2734 Deo
951 2669 1061 2750 existi,
1088 2668 1269 2757 respondet
1293 2691 1300 2734 :
1328 2668 1430 2734 modo
1452 2690 1524 2734 cre-

187 2773 286 2838 ditis‘?
301 2797 377 2839 ecce
399 2775 490 2839 venit
511 2775 596 2839 bora
621 2782 653 2839 et
682 2776 752 2840 iam
776 2775 886 2854 venit,
917 2783 953 2839 ut
974 2773 1222 2863 dispergamini
1245 2776 1475 2863 unusquisque
1488 2775 1523 2841 in

189 2881 327 2969 propria
343 2888 443 2944 elme
459 2880 569 2945 solum
593 2882 804 2969 relinquatis.
830 2881 958 2957 Quibus
975 2882 1087 2946 verbis
1106 2881 1213 2946 solum
1234 2881 1361 2946 dieitur
1379 2904 1437 2947 eos
1456 2903 1524 2946 non

187 2986 259 3051 lore
274 2985 359 3051 adeo
378 2987 480 3050 lortes
499 2994 531 3050 et
551 2994 757 3066 constantes,
783 2994 820 3051 ul
842 2987 935 3074 quod
961 2987 1105 3053 creduut
1125 2989 1160 3052 in
1176 3009 1309 3052 summo
1327 2986 1524 3053 discrimine

187 3114 244 3158 sua
262 3094 353 3181 apud
371 3098 478 3158 lesum
498 3094 691 3180 praesentia
711 3099 827 3181 aperte
843 3094 1078 3181 profiteantur.
1101 3097 1183 3159 Cum
1200 3094 1291 3158 euim
1308 3093 1341 3157 id
1357 3093 1525 3160 accideret

186 3199 279 3287 quod
305 3200 444 3264 minime
469 3204 720 3286 exspectaram,
743 3200 1023 3287 pusillanimitate
1044 3207 1075 3264 et
1092 3201 1211 3265 timore
1233 3200 1313 3264 victi
1336 3199 1454 3286 lugam
1471 3223 1523 3266 ar-

186 3306 315 3394 ripiunt
337 3305 488 3370 ridentes
508 3310 615 3370 lesum
643 3307 731 3394 capi.
756 3313 864 3395 Atque
885 3308 920 3370 in
947 3308 1010 3372 hac
1035 3306 1118 3392 luga
1133 3306 1218 3372 adeo
1233 3305 1342 3371 celere
1355 3315 1389 3371 et
1411 3309 1447 3372 in
1464 3307 1523 3373 illo

186 3413 333 3477 maximo
354 3420 480 3477 terrore
505 3435 574 3499 (quo
600 3412 788 3499 perturbati
814 3413 915 3500 plane
944 3413 1131 3478 redduntur
1150 3413 1368 3477 immemores
1393 3420 1428 3478 et
1448 3436 1522 3479 ver-

186 3519 311 3584 borum
336 3520 457 3582 Christi
481 3526 514 3583 et
537 3539 676 3583 suarum
699 3519 962 3607 promissionum
981 3520 1160 3585 consistere
1183 3517 1401 3598 scandalum,
1419 3520 1522 3585 etiam

185 3626 429 3712 consequitur:
452 3625 536 3713 pitia
566 3625 796 3713 scriptumest
816 3648 826 3690 .·
841 3626 1035 3713 perculiam
1048 3637 1220 3715 pastorem
1239 3638 1271 3690 ct
1287 3624 1523 3714 di'speipentur

186 3752 279 3814 oce.s;
300 3753 413 3796 nonno
427 3732 460 3794 iu
482 3731 545 3795 liae
564 3732 733 3797 locutione
750 3732 946 3819 parabolica
964 3733 1015 3797 vel
1036 3734 1070 3798 in
1091 3732 1154 3798 hac
1179 3732 1253 3821 ipsa
1267 3734 1523 3820 comparatione

183 3838 299 3926 aliqua
314 3839 508 3902 continetur
526 3838 697 3902 excusatio
716 3839 817 3923 lugae
833 3846 866 3904 et
898 3840 1165 3927 perturbationis
1181 3839 1319 3903 eorum?
1334 3837 1416 3925 quid
1430 3840 1521 3904 enim

185 3946 310 4010 mirum
336 3943 425 4031 quod
453 3965 531 4009 oves
562 3943 700 4008 timidae
726 3951 848 4009 natura
878 3952 911 4009 et
936 3944 1080 4033 pavidae
1101 3944 1322 4032 dissipantur,
1355 3944 1383 4008 si
1406 3951 1522 4033 pastor

186 4051 297 4116 hostili
332 4053 460 4139 impetu
489 4051 576 4114 male
603 4052 785 4115 tractaturi
806 4051 912 4116 Verba
935 4053 1040 4140 petita
1064 4058 1142 4115 sunt
1164 4073 1203 4115 cx
1233 4051 1333 4115 Zach.
1368 4057 1461 4131 13,7;
1486 4052 1522 4117 in

187 4159 282 4223 hebr.
303 4164 384 4223 oeus
400 4156 586 4244 alloquitur
606 4155 758 4240 gladium
778 4157 829 4220 vel
849 4159 1037 4223 frameam:
1062 4164 1522 4245 percutepastoren1;quare

185 4285 261 4328 eum
286 4266 401 4328 iubeat
420 4264 547 4351 percuti
572 4270 758 4351 pastorem,
781 4285 896 4329 seusus
920 4286 1039 4329 revera
1057 4271 1106 4328 est
1129 4286 1136 4329 :
1161 4265 1367 4352 percutiam;
1390 4263 1432 4329 de
1449 4265 1521 4353 ipso

184 4371 322 4435 oraculo
345 4371 420 4434 ride
445 4391 556 4434 inrum
577 4373 763 4433 Commeat.
792 4370 827 4434 in
852 4372 933 4434 min.
964 4370 1086 4457 Proph.
1108 4374 1131 4435 ll
1155 4394 1189 4458 p.
1213 4376 1276 4436 38t
1294 4393 1363 4458 seq.
1389 4371 1522 4458 Repetit

188 4476 277 4540 Berlu
305 4478 407 4542 rerba
427 4481 462 4541 S.
489 4477 579 4540 Hirr.
606 4497 616 4539 :
647 4506 661 4533 a
688 4476 853 4562 praedicit
873 4476 964 4562 quod
990 4478 1119 4564 passuri
1147 4483 1240 4550 sunt,
1265 4485 1300 4540 ut
1327 4498 1404 4541 cum
1431 4480 1521 4565 passi

186 4583 312 4648 luerint
342 4607 408 4647 non
430 4583 609 4670 desperent
640 4582 803 4661 salutem,
835 4583 892 4646 sed
928 4590 1067 4667 agentes
1100 4583 1344 4671 poenitentiam
1372 4582 1520 4650 liberen-

186 4696 242 4753 tur
262 4720 289 4752 ι».
311 4693 451 4776 iusuper
465 4691 628 4753 maiorem
641 4688 707 4752 illis
723 4689 821 4752 alleri
837 4688 1101 4753 consolationem
1117 4689 1231 4754 dicens
1247 4688 1408 4777 (Tlicopli.
1429 4692 1514 4777 Cei.)

185 4819 217 4860 v.
250 4801 289 4860 28
313 4795 373 4858 scil
390 4809 572 4882 postquam
593 4818 826 4874 remorarer-c,
849 4793 1056 4883 praecedam
1078 4818 1132 4860 ces
1154 4795 1189 4859 in
1213 4795 1426 4877 Golr'locom,·
1446 4825 1460 4854 α
1481 4820 1520 4862 ex

189 4903 346 4990 hisquae
376 4903 510 4966 t'lrristo
537 4909 622 4966 essct
649 4901 894 4990 discipulerum
918 4903 1043 4967 caritas
1075 4909 1218 4992 apparet
1243 4901 1450 4984 luculenter,
1475 4926 1518 4970 ue

112 5116 189 5311 ἱ
