3960 5654
853 348 943 393 urae.
968 333 1017 400 ra,
1040 330 1149 390 asco.
1409 305 1411 308 ’
1611 326 1670 385 aas

342 473 478 559 spondit
492 477 538 556 ei,
552 475 635 563 qtcriz
648 478 798 565 primum
815 482 968 547 omnium
983 477 1185 546 mandatum
1200 493 1249 546 est
1261 501 1272 544 :
1285 478 1370 544 audi
1379 477 1496 558 lsrael,
1511 475 1672 544 Dominus

344 579 428 646 Deris
447 595 523 647 tuto
539 585 625 647 Deus
641 607 727 651 cerrus
750 597 817 664 est;
831 586 873 653 cl.
897 591 991 653 Dent.
1010 592 1066 666 (tt
1088 587 1170 653 audi
1195 584 1322 651 lsrael:
1339 585 1441 651 lahve
1461 589 1547 651 Deus
1561 588 1672 650 noster

343 685 448 770 (unde
471 690 506 753 in
520 708 644 772 graeco
666 691 751 757 bene
777 690 833 757 hic
848 694 952 779 lipom
971 691 1048 758 vide
1075 693 1151 758 lect.
1171 713 1263 771 var.;
1283 695 1368 756 Deus
1389 702 1499 756 noster·
1517 692 1618 755 etiam
1634 688 1669 753 in

342 792 436 878 vulg.
456 791 562 858 edidit
584 796 808 862 Wordstoortlo
821 820 860 864 ex
874 797 961 864 codd
977 797 1027 886 pl)
1045 800 1146 865 lahve
1164 819 1270 878 unus;
1284 818 1363 863 cum
1380 798 1414 862 in
1430 818 1554 883 graeco
1568 801 1671 876 tetra-

341 905 556 981 grammaton
576 919 646 966 mm
662 901 758 968 reddi
779 905 885 971 soleat
904 900 1016 990 Κύριος
1035 903 1127 993 apud
1158 907 1250 982 LXX,
1283 903 1387 969 etiam
1410 904 1466 970 hic
1490 902 1635 989 legimus
1660 923 1667 968 :

345 999 484 1090 Ko‘proco‘
504 1006 575 1082 Θεὸς
588 1013 674 1095 ἡμῶν
690 1004 799 1096 Κύριος
819 1002 877 1090 εἷς,
898 1011 1016 1091 lahve,
1043 1016 1129 1076 Deus
1148 1017 1198 1076 est
1222 1031 1327 1090 unus;
1348 1009 1450 1076 lsrael
1475 1031 1542 1075 non
1568 1007 1671 1073 habet

341 1110 446 1176 alium
469 1116 570 1181 Deum
597 1136 706 1202 neque
730 1114 816 1183 alius
839 1118 922 1183 deus
944 1118 1108 1184 exsistere
1138 1123 1259 1205 potest.
1287 1120 1396 1193 Quare
1422 1137 1499 1183 cum
1522 1119 1606 1180 Deus
1629 1114 1671 1179 sit

342 1231 465 1304 noster,
484 1220 558 1287 fons
576 1222 730 1288 omnium
756 1222 924 1290 bonorum
949 1246 1010 1314 pro
1026 1223 1141 1302 nobis,
1168 1229 1201 1288 et
1221 1244 1309 1288 roaros
1333 1230 1367 1289 et
1384 1223 1521 1300 unicus,
1538 1220 1671 1287 etiama

344 1324 439 1392 nohis
453 1329 545 1393 omni
560 1327 670 1393 studio
682 1333 716 1393 et
727 1329 914 1396 intentione
929 1329 1126 1416 diligendus
1138 1331 1270 1395 estsine
1284 1328 1491 1396 ullaamoris
1506 1329 1542 1394 in
1556 1327 1671 1417 plures

340 1429 420 1499 deos
436 1434 488 1499 vel
502 1434 667 1499 bonorum
681 1434 859 1522 largitores
873 1436 1058 1518 divisione3
1077 1459 1109 1503 v.
1128 1443 1169 1502 30
1184 1449 1218 1502 et
1231 1435 1351 1524 diliges
1364 1437 1547 1501 Donu'num
1563 1436 1670 1500 Deum

343 1549 440 1604 tuum
452 1561 494 1604 ea
510 1552 576 1604 loto
592 1538 689 1606 corde
705 1554 762 1608 tuo
778 1556 811 1609 et
829 1565 872 1609 ea
886 1555 957 1609 tolo
969 1545 1088 1608 anima
1109 1556 1168 1608 tun
1184 1555 1217 1608 et
1231 1564 1274 1609 ex
1287 1555 1361 1609 tota
1373 1553 1560 1608 mentetua
1579 1552 1612 1606 et
1629 1561 1672 1606 eo

342 1656 412 1710 toto
433 1647 649 1730 conantum·
672 1648 714 1715 cl.
741 1653 836 1716 Dent.
860 1656 917 1729 as
942 1649 1040 1715 hebr.
1063 1655 1096 1715 et
1115 1649 1242 1735 diliges
1260 1649 1362 1715 lahve
1385 1653 1489 1714 Deum
1515 1654 1610 1713 tuum
1634 1647 1669 1712 in

344 1752 529 1818 totocorde
543 1759 602 1819 tuo
618 1761 651 1819 et
665 1755 700 1818 in
715 1760 785 1820 tota
799 1757 915 1821 anima
929 1762 990 1822 tua
1008 1761 1042 1822 ct
1059 1757 1094 1821 in
1115 1762 1185 1822 tota
1207 1755 1333 1822 virtute
1351 1761 1424 1830 lua;
1444 1754 1547 1841 longe
1567 1752 1667 1842 pleri-

340 1879 409 1945 que
433 1864 532 1925 testes
551 1861 643 1948 apud
662 1866 807 1926 llarcum
831 1862 960 1928 habent
987 1863 1144 1929 membra
1166 1867 1345 1951 quattuor;
1367 1860 1477 1926 solum
1495 1865 1520 1926 n
1539 1863 1564 1926 ll
1594 1865 1667 1926 157.

344 1965 544 2050 evangelist.
566 1987 600 2030 n.
623 1973 663 2032 to
682 1966 758 2032 cff²
771 1967 810 2053 g¹
823 1967 846 2032 k
859 1970 929 2056 cyp
948 1967 1110 2034 omittunt
1128 1990 1180 2030 και
1196 1957 1226 2040 εξ
1240 1971 1314 2040 olm
1330 1989 1360 2028 τ.
1377 1954 1527 2043 dransae,
1547 1964 1672 2054 quibus

340 2101 381 2144 ev
397 2080 472 2146 lrier
487 2103 621 2169 quoque
639 2085 813 2150 consentit.
836 2088 873 2149 ln
888 2089 979 2150 textu
996 2089 1074 2150 Lxx
1088 2085 1153 2151 tria
1169 2084 1333 2172 leguntur
1347 2083 1503 2149 membra
1517 2070 1665 2159 διανοίκς,

340 2179 454 2275 ψυχῆς,
472 2178 642 2273 δυνάμεως
663 2189 722 2254 sed
737 2188 799 2279 pro
814 2177 948 2262 διανοίας
961 2189 1105 2257 allertur
1119 2191 1219 2258 lectio
1235 2190 1370 2258 varians
1384 2177 1524 2278 καρδίας·

384 2289 465 2350 Tam
480 2285 599 2352 sedula
622 2287 879 2354 enumeratione
900 2287 934 2354 id
952 2310 1059 2355 unum
1082 2288 1223 2355 ellertur
1243 2295 1276 2354 et
1299 2288 1502 2367 inculcatur,
1527 2293 1563 2352 ut
1587 2291 1671 2352 Deus
1728 2306 1730 2314 ·

341 2390 508 2478 diligatur
527 2393 656 2459 viribus
671 2393 832 2460 omnibus
846 2395 1039 2484 (lincopia),
1056 2396 1151 2461 omni
1166 2394 1278 2460 studio
1290 2398 1324 2460 et
1337 2395 1524 2461 intentione
1536 2391 1670 2482 (Lomy)

340 2505 471 2565 tanturn
486 2507 653 2588 quantum
664 2522 840 2589 possumus
854 2507 888 2567 et
904 2507 941 2567 ut
955 2503 1070 2568 omnia
1085 2523 1174 2591 quae
1190 2502 1357 2567 habemus
1368 2499 1421 2567 illi
1432 2499 1671 2590 impendamus

341 2605 462 2694 (ullold.
478 2606 552 2671 sim.
569 2609 653 2694 lup.
672 2606 753 2672 dicit
768 2607 859 2673 idem
874 2607 1037 2674 omnibus
1050 2608 1189 2674 vocibus
1201 2608 1269 2673 illis
1281 2606 1498 2695 significari),
1511 2606 1565 2672 vel
1579 2605 1670 2672 hisce

340 2733 492 2778 amorem
511 2710 554 2778 ad
570 2713 811 2802 perfectionem
831 2713 957 2781 adduci
977 2715 987 2802 (
998 2715 1111 2801 Vim).
1134 2715 1199 2780 Alii
1219 2721 1333 2780 tamen
1353 2715 1419 2780 hac
1442 2712 1596 2801 generali
1612 2734 1669 2778 ac-

339 2819 493 2908 ceptione
518 2841 588 2885 non
607 2822 758 2886 contenti
779 2821 916 2906 singulo
933 2820 976 2887 ad
999 2829 1127 2887 certam
1149 2822 1322 2887 notionem
1344 2820 1498 2907 redigere
1519 2818 1665 2885 student.

342 2929 379 2990 nt
397 2932 487 2992 certe
505 2927 610 2992 verba
624 2927 671 2992 ita
684 2927 888 3014 seliguntur,
910 2934 948 2992 ut
965 2933 1055 2993 totus
1074 2927 1177 2993 horno
1201 2949 1280 2994 cum
1298 2925 1459 2992 omnihus
1477 2926 1545 2992 suis
1563 2924 1670 2991 lacul-

341 3032 464 3098 tatihus
482 3039 516 3098 et
530 3034 787 3120 operationibus
806 3034 965 3100 iubeatur
981 3034 1156 3100 dilectioni
1178 3035 1234 3100 oei
1253 3056 1323 3100 sese
1352 3032 1549 3122 impendere
1567 3031 1671 3119 idque

341 3159 408 3204 non
426 3139 666 3228 qualicumque
686 3139 803 3218 modo,
825 3140 884 3206 sed
904 3163 944 3206 ex
960 3146 1030 3206 tota
1049 3142 1188 3207 virtute.
1211 3145 1276 3206 Cor
1294 3139 1432 3229 quidem
1449 3139 1608 3205 Hebraeis
1622 3141 1671 3203 est

342 3249 374 3311 et
393 3246 583 3311 intellectus
597 3254 631 3312 et
645 3248 814 3324 voluntas;
838 3247 988 3313 animam
1009 3247 1165 3333 intellige
1186 3248 1291 3313 vitam
1311 3268 1415 3335 quam
1432 3245 1552 3312 dicunt
1565 3244 1670 3310 sensi-

339 3353 460 3433 tivam,
478 3353 649 3441 passiones
661 3375 813 3442 quoque;
833 3375 928 3420 mens
943 3342 1064 3415 διάνοια
1084 3354 1190 3443 (idom
1207 3377 1247 3420 ac
1263 3351 1377 3426 σύνεσις
1393 3376 1423 3417 v.
1442 3358 1484 3419 33
1497 3350 1586 3441 quod
1601 3351 1669 3416 iam

340 3457 443 3524 Euda
461 3457 568 3546 notat)
581 3467 630 3525 est
644 3459 815 3547 cogitandi
830 3460 1068 3550 sentiendique
1089 3461 1192 3542 rati03
1211 3459 1355 3550 proinde
1369 3459 1540 3525 indicatur
1558 3457 1669 3523 horni-

340 3587 418 3631 nem
446 3565 605 3632 omnibus
623 3566 691 3631 suis
716 3566 876 3654 potentiis
902 3566 944 3633 ad
968 3572 1072 3633 Deum
1095 3567 1253 3646 tendere,
1279 3566 1396 3633 omnia
1419 3587 1480 3632 sua
1506 3564 1551 3631 ad
1566 3568 1668 3629 Deum

340 3671 491 3758 dirigere
506 3671 640 3738 debere.
660 3678 776 3761 ltaque
791 3673 827 3738 in
844 3673 1016 3740 intellectu
1027 3674 1241 3740 ellorrnanda
1255 3679 1304 3740 est
1319 3673 1412 3739 notio
1428 3671 1471 3738 de
1487 3675 1552 3737 Deo
1564 3691 1670 3760 quan·

341 3785 413 3843 tum
436 3777 509 3845 fieri
525 3787 633 3868 potest
655 3782 799 3846 maxime
818 3780 976 3847 sublimis
1001 3779 1273 3846 consideratione
1295 3779 1463 3867 frequenti
1488 3775 1671 3843 maiestatis

342 3888 375 3949 et
392 3885 608 3973 perfectionis
625 3886 864 3974 divinaequae
882 3886 1070 3953 intellectui
1087 3892 1120 3953 el
1135 3886 1266 3952 lumine
1287 3887 1427 3952 rationis
1439 3906 1478 3950 ex
1496 3885 1568 3950 eius
1587 3904 1668 3972 ope-

341 3990 403 4056 bus
418 3997 450 4056 et
468 3991 692 4058 illustratione
711 3993 934 4083 doctrinaque
951 3992 1031 4059 fidei
1049 3995 1245 4074 innotescit;
1265 4016 1306 4059 ex
1325 3992 1391 4058 hac
1409 3997 1522 4058 autem
1543 3988 1669 4055 intelli-

343 4096 459 4182 gentia
473 4099 706 4164 inflammetur
723 4108 855 4189 oportet
874 4100 1031 4167 voluntas
1055 4100 1101 4166 ad
1122 4106 1226 4166 Deum
1248 4100 1369 4165 intimo
1392 4098 1514 4164 affectu
1535 4095 1669 4161 deside-

342 4202 502 4283 randum,
521 4205 812 4292 amplectendum,
829 4206 1063 4292 diligendum;
1082 4206 1164 4272 dein
1185 4207 1284 4272 facilc
1300 4204 1531 4293 consequitur,
1549 4209 1585 4267 ut
1600 4207 1668 4267 tota

341 4310 507 4376 sentiendi
522 4310 716 4400 agendique
733 4313 817 4378 ratio
838 4312 1012 4398 dirigatur
1026 4311 1070 4378 ad
1094 4315 1151 4378 Dei
1172 4313 1383 4378 voluntatem
1402 4308 1610 4390 taciendam,
1627 4307 1670 4373 ad

343 4417 481 4484 laudem
496 4418 611 4483 eiusct
626 4419 769 4503 gloriam
786 4419 1068 4507 promovendam.

381 4641 467 4702 Unde
492 4642 650 4702 enascitur
676 4648 710 4701 ul
732 4640 818 4718 quod
846 4643 985 4722 theologi
1006 4644 1221 4705 communiter
1245 4643 1401 4721 explicant
1421 4643 1502 4702 Deus
1522 4640 1672 4717 diligatur

341 4756 541 4817 summopere
557 4739 779 4818 appretiatise,
797 4744 1020 4819 comparative,
1039 4743 1183 4803 finaliter.
1204 4745 1239 4801 lIt
1253 4740 1460 4819 appretiatisc
1476 4737 1618 4815 quidem,
1637 4740 1674 4794 ut
