3960 5654
915 361 1004 406 usne
1029 346 1077 411 11,
1103 345 1151 403 ta.
1643 347 1701 407 369

372 499 483 563 tarum
499 492 779 584 aspergebantur,
802 498 840 558 ut
864 495 1105 561 exterminator
1131 495 1290 561 transiret
1310 517 1393 560 neve
1413 506 1498 563 esset
1512 496 1616 585 plaga
1631 495 1700 561 dis-

372 603 520 693 perdens
538 601 628 665 inter
653 623 708 667 eos
732 602 800 688 (Ex.
837 606 926 684 123.
955 604 1022 682 13).
1052 607 1169 687 Agnus
1192 601 1361 688 paschalis
1385 602 1481 667 cuius
1508 604 1640 669 nullum
1666 623 1702 668 os

372 715 445 776 erat
463 705 750 793 confringendum
763 711 864 794 typus
882 712 954 773 erat
974 708 1044 771 veri
1060 706 1150 773 illius
1166 708 1254 792 agni
1274 710 1329 773 llei
1344 708 1403 795 qui
1421 707 1507 773 tollit
1525 715 1699 796 peceatum

371 814 503 882 mundi.
523 816 630 889 Quare
654 834 757 903 quam
780 815 925 879 maxime
949 816 1156 879 conveniens
1176 821 1267 891 erat,
1296 821 1333 880 ut
1360 819 1447 880 lesus
1468 821 1620 902 tempore
1641 838 1701 902 pa-

370 920 478 990 schali
501 941 585 1008 opus
610 920 853 1007 redemptionis
874 917 1042 986 sacrificio
1065 922 1098 985 in
1128 943 1227 985 cruce
1254 919 1367 986 oblato
1390 921 1578 1009 perficeret.
1609 921 1702 998 Quod

371 1025 576 1096 sacrificium
611 1026 710 1093 modo
735 1025 914 1093 incruento
945 1027 1145 1115 anticipavit
1168 1048 1276 1092 coena
1306 1026 1409 1114 legali
1438 1035 1586 1116 peracta.
1613 1031 1702 1093 Hanc

370 1140 485 1201 autem
510 1155 651 1201 coenam
675 1131 819 1217 legalem
845 1131 1030 1199 celebravit
1056 1133 1139 1221 quia
1163 1140 1196 1198 et
1220 1133 1333 1222 typica
1357 1141 1430 1200 erat
1449 1143 1481 1199 01
1505 1135 1575 1223 ipse
1599 1135 1704 1200 laetus

370 1238 434 1307 sub
460 1239 535 1327 lege
556 1239 642 1330 (Gal.
666 1236 754 1320 ihil,
781 1245 967 1326 antequam
990 1247 1096 1304 morte
1116 1263 1176 1305 sua
1196 1240 1309 1326 legem
1328 1240 1477 1306 abolevit
1497 1241 1608 1328 (Ronr.
1632 1247 1700 1317 7‚t.

370 1345 442 1414 Gal.
463 1353 561 1428 a,1o;
589 1345 695 1432 ala),
719 1345 831 1431 legem
858 1344 1005 1409 fideliter
1031 1346 1198 1433 implevit.
1220 1345 1313 1411 Unde
1339 1370 1369 1414 v.
1400 1354 1440 1412 12
1463 1359 1495 1413 et
1511 1348 1624 1436 primo
1649 1346 1702 1412 die

370 1475 573 1543 azymorum
595 1450 731 1541 quorado
754 1450 883 1541 pascito
908 1449 1133 1516 immolabant
1149 1448 1231 1513 ἔθυον
1246 1452 1442 1538 significare
1466 1453 1605 1519 omnino
1628 1460 1703 1541 pot-

371 1566 422 1627 est
449 1581 457 1626 :
482 1556 661 1625 immolare
685 1557 853 1636 sotebant,
881 1556 973 1646 quod
994 1556 1134 1623 additur
1156 1581 1177 1624 a
1205 1561 1333 1638 Marco,
1358 1567 1393 1624 ut
1419 1560 1564 1625 Romani
1588 1560 1702 1645 legum

370 1688 411 1733 ac
431 1662 713 1732 consuetudinum
735 1663 937 1730 ludaeorum
957 1665 1068 1749 ignari
1093 1664 1290 1751 intelligant
1318 1688 1379 1731 cur
1403 1689 1442 1732 eo
1466 1665 1522 1731 die
1547 1665 1702 1754 discipuli

369 1773 512 1839 Domino
538 1770 652 1836 dicant
671 1792 737 1859 quo
764 1770 811 1835 uis
831 1791 948 1835 eumrrs
968 1782 1000 1834 et
1017 1791 1181 1858 porcarius
1196 1771 1276 1852 tibi,
1294 1786 1332 1837 ut
1351 1771 1537 1838 manduces
1553 1771 1704 1861 pascha?

371 1879 502 1968 primus
519 1877 590 1943 dies
608 1898 804 1962 azymorum
827 1884 876 1941 est
895 1874 967 1941 dies
986 1882 1025 1942 11
1048 1877 1159 1954 nisan,
1178 1878 1212 1943 id
1233 1878 1326 1967 quod
1343 1901 1382 1944 ex
1402 1878 1519 1944 addita
1538 1880 1704 1944 sententia

370 1983 463 2048 ὅτε...
483 2006 620 2074 quoque
644 1982 770 2062 elucet;
794 1984 821 2048 is
838 1983 928 2048 enim
946 1982 1018 2048 dies
1038 1983 1114 2069 lege
1134 1990 1280 2050 statutus
1299 1994 1373 2050 erat
1392 1984 1434 2050 ad
1456 1984 1704 2052 immolandum

370 2112 501 2180 agnum
525 2090 719 2180 paschalem
744 2090 815 2176 (Ex.
846 2090 951 2176 126).
975 2095 1082 2168 Quare
1107 2091 1291 2179 explicatio
1316 2112 1419 2180 quam
1441 2090 1544 2158 Ereti.
1571 2092 1704 2158 Sclmnz

371 2198 499 2287 aliique
514 2196 669 2278 tradunt,
688 2186 931 2282 intelligi'scil.
956 2195 1046 2261 diem
1068 2203 1106 2262 13
1129 2197 1238 2279 nisan,
1262 2199 1422 2264 sustineri
1442 2198 1571 2287 nequit.
1591 2203 1704 2287 Neque

371 2327 412 2372 ea
437 2304 549 2371 lulciri
572 2309 682 2392 potest
696 2325 735 2368 eo
756 2301 847 2391 quod
871 2308 989 2389 πρῶτος
1010 2303 1143 2391 saepius
1167 2304 1375 2370 adhibeatur
1399 2303 1516 2370 eodem
1543 2327 1642 2370 sensu
1667 2327 1705 2370 ac

372 2410 474 2479 modo
488 2433 557 2501 quo
571 2406 720 2498 πρότερος.
744 2411 810 2474 1100
825 2408 944 2496 utique
959 2408 1099 2474 concedi
1121 2409 1224 2475 debet
1244 2417 1276 2474 et
1294 2412 1376 2476 satis
1388 2411 1703 2478 ostenditurexem-

370 2518 437 2609 plis
451 2540 539 2607 quae
563 2515 697 2584 Scirona
721 2513 763 2580 ad
783 2515 817 2580 h.
843 2512 868 2581 l.
892 2515 1007 2590 atlert;
1031 2536 1138 2602 quare
1160 2518 1186 2582 si
1209 2516 1313 2582 verlaa
1334 2516 1424 2583 nude
1439 2523 1634 2605 spectantur
1648 2540 1704 2582 ex-

371 2625 491 2716 plicari
505 2629 617 2712 potest
630 2621 705 2688 acsi
720 2620 929 2687 scriberetur
946 2625 984 2706 τῇ
1004 2621 1134 2707 προτέρᾳ
1153 2630 1212 2682 τῶν
1234 2615 1365 2709 ἀζύμων.
1390 2623 1453 2690 Sed
1469 2626 1545 2712 quis
1560 2633 1608 2690 est
1623 2627 1702 2713 quin

372 2732 486 2798 videat
499 2731 590 2797 hanc
604 2728 787 2795 dictionem
804 2749 875 2793 esse
890 2727 969 2792 satis
985 2729 1120 2793 miram.
1143 2729 1228 2805 Quid
1249 2731 1341 2795 enim
1354 2731 1418 2795 sibi
1437 2730 1509 2796 vult
1525 2731 1598 2797 dies
1612 2731 1705 2820 prior

371 2837 520 2930 panibus
538 2837 684 2923 azymis?
706 2855 814 2924 neque
835 2835 926 2898 enim
949 2856 1057 2922 pones
1073 2835 1193 2923 aspari
1217 2837 1379 2925 temporis
1399 2837 1570 2902 notionem
1589 2837 1705 2903 indue-

372 2952 463 3013 runt.
477 2942 749 3033 Diciturquidem
766 2940 852 3027 1ορτή
868 2945 930 3000 τῶν
953 2931 1073 3027 ἀζύμων
1090 2951 1124 3006 01
1139 2942 1341 3027 intelligitur
1356 2945 1425 3031 ipse
1439 2943 1509 3009 dies
1519 2943 1702 3025 sollemnis,

371 3052 445 3120 dies
460 3058 501 3118 15
519 3051 631 3130 nisan,
647 3047 700 3114 vel
723 3049 823 3113 etiam
845 3053 973 3135 septem
997 3047 1046 3111 illi
1068 3047 1141 3112 dies
1159 3070 1221 3135 per
1236 3070 1319 3136 quos
1339 3051 1465 3136 azymis
1480 3057 1553 3117 erat
1569 3073 1702 3117 vescen-

371 3159 474 3240 dum;
497 3156 588 3223 unde
609 3155 636 3220 si
656 3161 718 3215 τῶν
737 3144 857 3239 ἀζύμων
871 3152 1020 3218 breviter
1045 3153 1174 3218 dictum
1200 3157 1372 3242 putaveris
1393 3179 1454 3243 pro
1475 3158 1581 3242 ἑορτῆς
1600 3178 1632 3219 τ,
1656 3147 1703 3231 αζ.

372 3262 550 3354 diespm'or
562 3261 673 3328 solum
689 3282 758 3327 esse
774 3266 883 3349 potest
898 3258 970 3325 dies
987 3265 1038 3325 11.
1059 3263 1181 3325 terum
1198 3268 1312 3326 nostro
1326 3260 1399 3328 loeo
1414 3264 1524 3328 onanis
1537 3263 1703 3329 dubitatio

373 3372 506 3440 tollitur
517 3370 599 3460 quia
611 3368 765 3434 additum
775 3366 945 3432 habemus
959 3365 1009 3426 ὅτε
1027 3372 1091 3432 010.
1111 3388 1198 3454 quae
1211 3370 1379 3433 sententia
1392 3367 1484 3433 ctare
1495 3368 1612 3434 definit
1629 3372 1704 3458 quis

372 3478 496 3547 sitdics
509 3477 641 3565 primus
654 3495 863 3561 azymorum.
881 3477 968 3539 llaec
983 3472 1075 3538 enim
1093 3474 1259 3539 sententia
1273 3476 1460 3540 necessario
1472 3475 1591 3541 reterri
1604 3475 1705 3543 debet

374 3586 417 3654 ad
438 3589 545 3653 totum
569 3581 655 3648 illud
670 3587 709 3670 τῇ
726 3583 832 3666 πρώτῃ
847 3579 945 3667 ἡμέρᾳ
961 3586 1021 3640 τῶν
1040 3570 1180 3665 &Cipum
1200 3581 1316 3668 itaque
1336 3582 1454 3668 nequit
1476 3582 1638 3670 explicari
1662 3582 1704 3649 de

275 3753 284 3771 ,
372 3691 429 3759 die
447 3697 486 3758 13
501 3691 598 3757 nisan
609 3687 744 3778 quando
755 3687 880 3777 pascha
895 3685 1073 3751 immolare
1087 3686 1252 3767 solebant,
1271 3689 1354 3775 quia
1366 3688 1429 3752 hoe
1441 3686 1568 3777 oppido
1580 3689 1702 3755 salsum

374 3805 469 3866 osset.
486 3802 599 3886 Neque
621 3795 687 3862 dici
708 3802 815 3884 potest
832 3793 1002 3859 adiectum
1026 3792 1111 3871 illud
1128 3791 1181 3854 ὅτε
1199 3801 1262 3860 ete.
1284 3794 1394 3859 solum
1410 3805 1562 3882 spectare
1582 3795 1625 3861 ad
1643 3801 1703 3856 τῶν

374 3897 513 3993 diepam
534 3903 568 3970 id
578 3924 725 3989 namque
739 3900 924 3989 exdupliee
939 3901 1051 3988 capite
1071 3907 1291 3987 repugnaret.
1307 3901 1485 3966 Genetivus
1499 3901 1572 3966 scil.
1591 3902 1637 3967 ita
1648 3924 1702 3969 ne-

373 4012 517 4081 cessario
532 4009 576 4077 ad
590 4008 791 4075 antecedens
807 4009 961 4084 retertur,
981 4014 1017 4070 ut
1031 4029 1098 4071 una
1113 4006 1222 4071 solum
1242 4007 1383 4071 notioex
1399 4015 1467 4071 tota
1483 4006 1632 4073 dictione
1647 4031 1704 4074 ex-

373 4125 504 4206 surgat,
519 4139 625 4206 quare
644 4117 695 4177 ὅτε
714 4115 756 4180 ad
779 4115 866 4181 hane
882 4135 984 4179 unam
1003 4114 1176 4179 notionem
1193 4112 1434 4178 declarandam
1447 4119 1592 4202 spectat;
1610 4115 1703 4180 etin·

375 4248 476 4318 super
487 4217 616 4292 cumr&
629 4213 729 4310 ἄζυμα
747 4244 850 4311 panes
863 4221 987 4308 azymi,
1001 4242 1067 4284 non
1081 4220 1288 4298 termentati,
1303 4241 1364 4307 per
1376 4241 1409 4284 se
1420 4220 1702 4305 significationem

375 4333 537 4423 temporis
565 4353 633 4397 non
655 4331 846 4417 exprimant
864 4328 929 4415 (vel
950 4327 977 4391 si
999 4326 1188 4414 exprimere
1212 4326 1443 4402 contenderis,
1468 4325 1512 4391 ad
1535 4329 1704 4393 1010οι10-

376 4440 557 4509 stivitatem
579 4445 705 4526 septem
735 4436 868 4500 dierum
896 4432 1030 4499 extendi
1055 4433 1235 4513 debcant),
1256 4433 1472 4498 manifestum
1494 4439 1542 4498 est
1564 4431 1615 4495 ὅτε
1636 4442 1699 4500 cte.

312 4573 314 4578 '
378 4579 444 4624 non
459 4578 555 4646 posse
574 4552 700 4644 apponi
715 4551 758 4617 ad
773 4572 877 4617 unum
893 4549 976 4615 illud
997 4553 1057 4608 τῶν
1079 4539 1212 4633 ἀζύμων.

419 4765 480 4826 Etsi
498 4765 684 4840 interpretes
703 4760 803 4840 graeci
825 4757 917 4835 πρώτῃ
935 4757 1117 4833 concipiunt
1138 4773 1193 4832 pro
1211 4753 1327 4835 προτέρᾳ
1347 4753 1503 4834 melana),
1522 4761 1626 4815 tarnen
1643 4755 1705 4816 diei

824 4865 1009 4913 Kaaaanauaa
1027 4876 1052 4912 aa
1069 4863 1151 4911 Mane.
1170 4867 1255 4910 -1-1.
