3960 5654
928 350 1021 396 uiae.
1044 335 1075 404 9,
1097 332 1209 393 37-38.
1640 336 1644 344 '
1682 336 1738 396 251

405 481 552 564 invidia,
573 479 829 577 indignatione,
850 482 945 571 quod
963 485 1022 573 qui
1046 486 1156 549 lesum
1176 505 1248 551 non
1272 488 1311 549 ut
1334 480 1521 573 discipulus
1540 489 1740 572 sequeretur

405 588 626 656 nihilominus
644 609 745 656 ausus
762 594 846 655 esset
861 587 913 654 uti
932 593 1003 657 {esu
1022 589 1164 656 nornine
1179 588 1225 656 ad
1245 587 1423 678 pellendos
1442 588 1640 673 daemones,
1656 589 1741 656 haec

404 716 542 785 quoque
560 715 638 781 pars
652 700 685 762 et
705 694 873 761 institutio
889 717 910 761 a
927 696 1059 762 Christo
1074 695 1199 762 tradita
1217 716 1288 760 non
1304 701 1352 762 est
1366 694 1478 762 aliena
1495 717 1515 761 a
1530 695 1687 764 doctriua
1698 694 1741 762 dc

405 799 608 869 hnmilitate.
631 806 740 879 Quare
765 822 868 866 nexus
888 823 968 869 cum
995 800 1276 868 antecedentibus
1292 823 1363 867 nou
1379 801 1484 868 deest.
1502 801 1566 867 Alii
1586 801 1742 891 quando-

406 929 473 998 que
491 906 676 994 opinantur
698 912 843 973 llarcum
866 906 1004 996 quiade
1020 909 1146 974 Christi
1172 907 1310 975 nomine
1329 908 1457 974 mentio
1472 908 1563 974 lacta
1579 909 1622 973 sit
1639 909 1741 976 etiam

404 1013 494 1080 hanc
517 1014 650 1081 loannis
673 1012 881 1095 orationem,
910 1015 944 1080 iu
973 1035 1042 1102 qua
1065 1014 1109 1080 de
1130 1013 1255 1080 Christi
1279 1014 1419 1080 nomine
1441 1014 1597 1080 similiter
1619 1020 1743 1100 agatur

402 1118 583 1187 adnectere
598 1118 719 1210 (Mald.
742 1118 911 1208 Scione),
938 1121 984 1185 ita
1004 1125 1042 1185 nt
1065 1125 1157 1186 totus
1177 1141 1282 1186 nexus
1304 1125 1493 1186 verteretur
1510 1120 1545 1186 in
1571 1120 1682 1187 verbis
1705 1119 1742 1187 ia

403 1225 539 1293 nomine
554 1238 623 1293 tao.
646 1225 712 1294 Sed
733 1246 810 1293 cum
833 1231 911 1293 Luc.
941 1231 1082 1308 9,t8-50
1103 1223 1250 1293 eandem
1266 1248 1338 1294 rem
1353 1226 1527 1314 legamus,
1554 1226 1740 1293 dicendum

403 1333 468 1398 erit
482 1332 518 1399 id
533 1332 650 1400 reterri
672 1334 737 1399 hoc
756 1333 830 1400 loco
854 1334 936 1422 quia
960 1353 1079 1399 revera
1101 1337 1245 1399 loannes
1267 1333 1447 1399 Dominum
1462 1333 1498 1398 in
1514 1332 1667 1399 oratioue
1684 1333 1739 1399 in·

404 1440 594 1529 terpellavit
607 1461 647 1505 eo
663 1438 764 1505 modo
781 1462 850 1531 quo
865 1437 922 1504 bic
939 1438 1098 1506 refertur.
1122 1437 1366 1528 interpellandi
1384 1444 1498 1505 autem
1525 1439 1741 1507 occasionem

404 1549 565 1612 loannem
579 1546 761 1636 sumpsisse
778 1569 817 1612 ex
833 1568 864 1611 v.
881 1552 924 1613 36
936 1545 1087 1636 recipcre
1102 1544 1139 1612 in
1153 1545 1292 1612 nomine
1305 1567 1379 1612 mco
1394 1544 1575 1635 probabile
1591 1553 1657 1627 est,
1671 1547 1741 1614 sive

401 1652 483 1740 qnia
496 1651 589 1718 hisce
603 1653 728 1719 Christi
744 1651 856 1719 verbis
871 1654 902 1719 ei
918 1658 1058 1719 eventus
1072 1651 1131 1718 ille
1145 1652 1182 1719 in
1195 1653 1398 1719 memoriam
1416 1651 1651 1736 revocabatur,
1670 1652 1740 1720 sive

402 1759 486 1847 quia
499 1757 714 1847 interrogare
733 1759 857 1842 voluit,
874 1764 1056 1849 postquam
1071 1758 1205 1826 audivit
1221 1780 1292 1826 esse
1311 1760 1400 1826 tanti
1415 1760 1519 1849 pretii
1542 1760 1576 1825 in
1602 1758 1741 1827 nomine

403 1869 477 1931 lesu
490 1865 630 1955 aliquod
645 1872 817 1955 praestare
832 1865 1050 1946 beneficium,
1064 1864 1147 1954 quid
1157 1870 1245 1932 esset
1258 1864 1475 1932 sentiendum
1490 1865 1532 1932 de
1547 1887 1608 1933 sua
1617 1865 1741 1954 agendi

403 1971 536 2039 ratione
551 1971 608 2060 (ci.
628 1971 701 2039 Gai.
718 1973 810 2039 lans.
837 1974 922 2062 Lep.
949 1975 1042 2039 Patr.
1064 1971 1212 2062 Schepq,
1233 1971 1337 2061 Fit.);
1358 1971 1467 2038 immo
1490 1972 1599 2039 Calm.
1629 1976 1743 2040 censet

403 2081 563 2144 loannem
581 2100 619 2144 ex
635 2077 747 2144 verbis
764 2077 887 2145 Christi
901 2080 938 2144 iu
957 2100 990 2144 v.
1007 2085 1049 2145 36
1063 2078 1133 2145 iam
1148 2099 1219 2146 esse
1234 2079 1383 2145 veritum
1400 2101 1442 2146 ne
1458 2078 1632 2145 hominem
1644 2078 1740 2146 illum

402 2183 588 2272 prohibens
599 2190 753 2267 errasset,
767 2184 915 2274 ideoque
933 2206 1004 2252 rem
1020 2185 1147 2252 fassum
1163 2207 1235 2253 esse
1248 2186 1410 2272 ingenue.
1427 2186 1522 2264 Quod
1536 2184 1629 2275 apud
1643 2190 1741 2253 testea

401 2294 453 2357 sat
469 2290 594 2360 multos
613 2291 761 2358 habetur
778 2314 809 2357 v.
828 2299 871 2359 37
890 2290 1081 2381 respondit,
1097 2293 1217 2383 utique
1229 2291 1360 2358 indicat
1379 2290 1515 2358 dicendi
1528 2293 1736 2358 occasionem

400 2419 471 2464 esse
489 2397 703 2487 desumptam
723 2421 763 2465 ex
788 2397 1087 2479 antecedentibus,
1112 2397 1168 2465 illi
1188 2400 1333 2465 Ioannes
1352 2397 1495 2465 dicens:
1514 2399 1675 2488 mapister
1688 2397 1738 2465 oi-

401 2501 512 2570 dimus
527 2503 699 2593 quendam
714 2505 750 2570 in
763 2506 901 2572 nomine
923 2518 981 2571 tuo
1001 2501 1049 2585 ἐν,
1072 2505 1120 2571 ita
1140 2505 1213 2572 scil.
1235 2511 1274 2572 ut
1289 2526 1414 2572 nomen
1431 2510 1504 2571 lesu
1523 2503 1625 2570 luerit
1641 2505 1739 2594 quasi

402 2611 666 2678 instrumentum
688 2633 756 2700 quo
778 2613 965 2702 pelleretur
988 2611 1152 2692 daemon,
1181 2633 1265 2699 ergo
1285 2613 1319 2677 iu
1341 2612 1468 2679 virtute
1493 2611 1657 2693 nominis,
1685 2610 1740 2677 vel

401 2717 541 2784 nomine
555 2718 720 2799 invocato,
738 2717 894 2784 adhibito
910 2718 1072 2809 (Theoph.
1088 2717 1193 2784 nuth.
1212 2718 1286 2786 cai.
1300 2720 1390 2784 lans.
1403 2716 1534 2806 Pate),
1550 2717 1740 2784 eiicieatem

401 2823 599 2905 daemonic,
611 2825 675 2914 qui
683 2847 752 2892 non
763 2825 987 2913 sequiturnos
998 2824 1279 2915 etprolzibuimus
1292 2846 1384 2904 eum,
1406 2822 1575 2910 ἐκωλύομεν
1585 2825 1640 2890 vix
1648 2821 1741 2914 quod

401 2931 464 3001 Fil.
486 2938 615 3013 censet,
644 2931 842 2999 volebamus
864 2932 1052 3021 prohibere
1072 2931 1327 3022 (imperfectum
1351 2930 1569 3020 decanatu),
1593 2929 1652 2998 sed
1669 2952 1741 2999 sac·

401 3039 476 3127 pius
495 3037 781 3128 prohibebamus,
808 3045 840 3105 et
855 3061 918 3105 cur
932 3037 1198 3128 prohibuerint,
1221 3038 1309 3104 ratio
1324 3037 1465 3104 additur
1482 3059 1490 3104 :
1509 3039 1673 3126 quianon
1688 3059 1740 3105 se-

399 3144 572 3234 quebatur
589 3167 665 3226 nos,
685 3146 851 3234 quianon
866 3144 1062 3234 pertinebat
1076 3143 1121 3210 ad
1141 3144 1266 3211 Christi
1285 3144 1484 3233 discipulos.
1513 3145 1552 3210 Hi
1574 3144 1664 3211 euim
1678 3144 1740 3212 soli

400 3250 482 3318 iussi
502 3257 599 3318 eraut
621 3251 803 3317 daemones
828 3251 967 3329 eiicere3
992 3273 1099 3341 quare
1114 3250 1172 3317 ille
1188 3251 1336 3317 alienam
1352 3249 1419 3316 sihi
1435 3250 1672 3317 auctoritatem
1685 3270 1739 3316 ar-

402 3379 524 3445 rogare
540 3364 573 3423 et
592 3378 714 3425 munus
733 3357 797 3424 sihi
813 3379 882 3425 non
896 3356 1143 3424 demandatum
1159 3367 1317 3424 exercere
1329 3356 1524 3424 videbatur.

444 3468 579 3530 Veteres
595 3463 735 3553 quidam
755 3487 795 3531 eo
816 3470 961 3530 utuntur
984 3464 1157 3554 exemplo,
1185 3469 1224 3530 ut
1250 3463 1432 3531 ostendant
1454 3462 1606 3551 indignis
1633 3463 1736 3529 etiam

401 3571 611 3661 quandoque
634 3570 783 3658 gratiam
816 3572 924 3657 gratis
950 3570 1068 3638 datam
1094 3569 1343 3637 miraculorum
1370 3569 1521 3637 conferri
1550 3569 1609 3659 (cl.
1651 3568 1735 3637 vict.

403 3677 550 3767 recept.
577 3677 657 3743 Bed.
679 3676 754 3744 Alb.
777 3677 897 3765 laem).
922 3681 967 3745 At
988 3677 1085 3744 illum
1102 3677 1280 3744 hominem
1301 3677 1403 3744 luisse
1423 3675 1640 3766 improbum,
1657 3697 1736 3767 per·

400 3805 520 3873 peram
541 3784 734 3866 assumitur,
758 3806 836 3850 cum
859 3806 900 3850 ex
923 3784 1038 3849 verbis
1059 3784 1184 3850 Christi
1206 3784 1320 3873 potius
1340 3783 1737 3872 commendetu1·;quare

400 3890 460 3957 alii
484 3896 574 3957 recte
597 3890 714 3957 dicunt
735 3912 814 3957 eum
840 3890 942 3957 luisse
967 3890 1116 3980 probum
1143 3895 1178 3956 et
1200 3889 1292 3957 bona
1321 3889 1404 3973 fide,
1428 3895 1465 3956 ut
1487 3890 1600 3971 aiunt,
1628 3889 1736 3976 egisse

401 3995 521 4086 (Mald.
541 4002 625 4087 Lep.
643 3997 796 4078 Seliaoz,
813 3996 908 4086 Fit).
931 3998 1105 4087 Apostolos
1120 4018 1200 4063 eum
1217 3996 1433 4087 prohibuisse
1448 4018 1517 4064 nou
1530 4018 1570 4063 ex
1583 3995 1736 4063 aemula·

400 4103 493 4171 tione
505 4104 558 4171 vel
572 4104 716 4187 invidia,
739 4104 798 4171 sed
813 4127 854 4171 cx
868 4105 939 4171 zelo
955 4127 1018 4194 pro
1033 4104 1185 4185 Christo,
1201 4126 1305 4193 quem
1318 4110 1356 4169 ut
1374 4124 1478 4192 quam
1494 4101 1635 4192 plurimi
1650 4107 1737 4172 tam

402 4232 506 4301 quam
527 4210 684 4301 discipuli
714 4217 941 4301 sequerentur
957 4209 1208 4278 desiderassent
1230 4210 1357 4277 docent
1377 4209 1460 4277 Vict.
1489 4208 1634 4299 Theopd.
1651 4207 1734 4277 Bed.

401 4317 509 4386 Mala.
528 4321 612 4408 lap.
621 4341 634 4401 ,·
649 4326 682 4384 et
697 4341 775 4385 cum
799 4318 951 4385 Christus
970 4341 1028 4386 eos
1041 4340 1109 4386 non
1126 4316 1372 4407 reprehendat,
1390 4323 1480 4383 certe
1496 4315 1736 4384 assumendum

400 4425 465 4492 erit
477 4448 534 4492 eos
551 4447 621 4491 nou
635 4427 743 4511 egisse
751 4448 791 4493 ex
805 4425 923 4514 aliqua
937 4425 1060 4493 vitiosa
1074 4423 1182 4492 animi
1194 4423 1388 4504 affectione;
1412 4446 1443 4490 v.
1460 4429 1504 4492 38
1517 4424 1736 4490 recusantem

401 4533 452 4598 cit
466 4555 478 4600 .·
494 4532 597 4599 nolite
606 4531 785 4622 prohibere
800 4552 899 4616 euna,·
918 4554 1015 4598 mmo
1031 4545 1080 4599 est
1094 4531 1185 4599 enim
1208 4531 1272 4621 qui
1286 4530 1398 4620 saciat
1411 4530 1569 4597 virtutem
1588 4517 1735 4617 δύναμιν,

401 4639 620 4715 miraculum,
651 4661 722 4705 rem
751 4641 808 4706 cui
826 4639 1051 4730 praestandae
1069 4637 1172 4707 altior
1189 4639 1386 4726 requiratur
1402 4637 1525 4720 virtus,
1546 4639 1584 4704 in
1601 4638 1737 4705 nomine

401 4767 474 4812 meo
504 4759 537 4812 et
558 4748 661 4837 possit
688 4744 753 4812 cito
779 4746 869 4813 male
889 4745 987 4836 loqui
1005 4744 1046 4812 de
1063 4764 1139 4829 me,·
1159 4745 1184 4812 i.
1209 4767 1238 4811 e.
1261 4744 1337 4810 talis
1361 4742 1554 4811 nullatenus
1577 4743 1663 4810 mihi
1688 4752 1738 4813 ost
