3960 5654
341 80 345 92 t
361 82 370 93 .·
416 80 421 89 ι
446 88 449 93 ,
670 78 674 86 ·
728 81 744 95 ι,
859 80 864 91 ι
878 79 882 84 ·
1013 86 1014 89 .
1084 84 1086 88 ι
1417 90 1419 95 ,

342 91 551 128 f-ae.·<.:1····,„.-
704 110 710 119 .
922 112 931 123 ,.
948 110 972 121 ..
1011 98 1055 121 aa:
1069 92 1083 101 ..
1107 106 1146 127 --,
1169 123 1172 128 ,
1205 107 1224 121 ‚.
1252 122 1255 129 ,
1280 102 1293 126 =.
1605 106 1608 113 ι
1629 108 1631 113 -
1657 91 1728 127 εμπ·
1745 93 1766 115 ···1

232 114 423 189 .ἷ“,·ν;.ι,.“ς..ἰὲιῐὲᾞῖ
436 114 477 164 ¹3¹..-
492 126 500 147 ζ
520 134 523 138 ’
540 90 807 187 qjtwpcv'ljffss‘mcssssffs
818 129 906 177 „su—„ast
919 140 932 160 ς
948 141 961 153 ,ι
989 105 1172 176 δῃζᾷᾆὲὶπξιχ,
1188 124 1213 174 Utv-
1242 126 1247 159 n·
1263 128 1273 135 ι,
1309 125 1312 131 ·
1325 123 1329 131 ι
1363 112 1368 127 ¹
1389 115 1448 156 eqn-
1467 114 1472 125 ι
1540 144 1554 155 Α.
1570 130 1577 135 ,
1607 118 1611 132 l
1624 125 1629 133 .
1679 98 1766 171 ''ff-'¹⁸¹5'

313 178 318 185 ι
336 175 341 183 ¹
378 180 382 189 ι
398 178 402 185 ι
565 188 568 196 μ
700 194 703 201 Ι
739 180 760 193 st,
789 177 791 181 ν
869 178 873 185 ι
933 193 936 197 ι
981 196 984 201 Ι
1018 179 1021 183 ι
1039 190 1054 201 ν,
1133 198 1134 201 ¹
1217 173 1228 191 ¹¹
1354 192 1358 199 ι
1739 176 1743 183 ι

925 453 1016 500 unc.
1039 437 1070 511 6,
1094 439 1197 500 26-29.
1674 436 1731 497 171

395 589 596 657 seditionem
620 586 772 678 aliquam
792 614 813 657 a
828 587 956 677 populo
973 589 1177 656 movendam
1193 590 1361 653 metueret
1375 608 1460 652 oum
1480 607 1533 651 res
1547 591 1629 650 nota
1643 585 1732 652 iacta

393 702 490 763 esset.
507 691 570 760 Sed
586 693 667 760 vicit
681 695 772 763 hunc
789 715 977 760 moerorem
993 697 1119 784 partim
1137 691 1245 758 libido
1259 698 1292 758 et
1305 714 1406 758 amor
1421 693 1567 759 incestae
1579 690 1733 757 mulieris

396 801 491 869 cuius
509 798 614 866 filiam
643 802 752 869 noluit
776 801 986 884 contristari,
1008 800 1136 891 partim
1161 799 1264 865 stulta
1290 799 1471 887 persuasio
1493 797 1676 865 iuramenti
1698 818 1732 863 se

393 904 658 992 constringentis
683 936 699 968 ι»
725 908 858 994 (lans),
880 907 970 975 unde
987 917 1130 997 propter
1151 902 1392 970 trasimundum
1410 917 1441 971 et
1463 918 1603 993 propter
1626 903 1732 970 simul

394 1009 639 1081 discumbentes
657 1011 769 1079 ualuit
783 1034 857 1078 eam
874 1013 1092 1091 contristare,
1111 1007 1256 1079 ἀθετῆσαι
1275 1003 1473 1100 repudiare,
1488 1011 1645 1091 reiicere;
1662 1031 1730 1076 nou

394 1127 465 1186 tam
478 1117 561 1185 lalsa
579 1121 743 1207 religione
755 1118 894 1186 ducitur
908 1142 1013 1208 quam
1029 1119 1114 1185 salso
1128 1118 1258 1208 pudore
1273 1140 1317 1184 ne
1330 1139 1444 1184 coram
1460 1123 1510 1183 tot
1521 1117 1732 1206 primoribus

394 1224 646 1293 verbumsuum
658 1231 841 1293 retractare
849 1225 1007 1293 videatur
1022 1225 1159 1314 (Syia),
1176 1225 1236 1313 qui
1249 1225 1367 1314 utique
1379 1225 1443 1290 nisi
1455 1225 1517 1312 ipsi
1531 1223 1673 1290 luissent
1683 1222 1732 1289 uti

393 1330 547 1400 libidinis
564 1334 610 1399 ila
626 1333 811 1400 iniustitiae
826 1354 962 1423 quoque
975 1355 1015 1399 ao
1031 1332 1123 1398 necis
1148 1333 1297 1398 fautores
1321 1337 1355 1398 et
1377 1330 1460 1396 socii
1488 1351 1605 1416 regem
1627 1353 1647 1396 a
1672 1351 1733 1396 ne-

394 1438 481 1504 fario
495 1440 621 1506 scelere
634 1441 845 1506 avertissent.

438 1549 560 1612 Verum
588 1545 754 1613 maximus
780 1548 869 1613 inter
897 1550 993 1613 natos
1025 1546 1211 1612 mulierum
1233 1545 1358 1611 veteris
1383 1545 1574 1612 testamenti
1603 1543 1728 1629 (llatth.

395 1655 506 1737 11‚11)
527 1658 634 1717 morte
649 1652 856 1719 auferendus
871 1656 945 1719 erat
963 1674 1004 1719 ea
1023 1675 1112 1742 quae
1130 1674 1193 1741 pro
1211 1651 1395 1717 hominum
1410 1651 1543 1718 malitia
1561 1651 1659 1718 unice
1674 1650 1739 1727 def

392 1778 468 1824 cere
492 1757 674 1825 videbatur
696 1758 918 1849 prophetam3
946 1780 1051 1849 quem
1075 1759 1321 1848 prophetarum
1343 1779 1411 1825 non
1436 1763 1515 1824 sunt
1540 1759 1730 1846 persecuti?

394 1869 428 1930 et
439 1863 635 1931 occiderunt
652 1888 710 1932 cos
722 1865 780 1954 qui
791 1864 1085 1954 praenuntiabant
1098 1864 1307 1932 de'adveutu
1323 1865 1403 1932 lusti
1420 1864 1502 1952 (Act.
1519 1869 1624 1950 7,52);
1640 1887 1672 1932 v.
1690 1871 1732 1930 27

393 1969 453 2038 sed
474 1972 574 2037 retusa
604 1972 810 2061 spiculatore
827 1977 1061 2060 oueuoutatrup,
1085 1995 1147 2038 vox
1167 1971 1293 2052 latina,
1320 1994 1340 2038 a
1363 1971 1590 2061 speculando,
1618 1977 1730 2038 custo-

393 2077 521 2144 diendo
534 2078 642 2157 dicta;
662 2077 866 2146 dicebantur
877 2078 1112 2170 speculatores
1125 2077 1288 2146 satellites
1307 2078 1366 2168 qui
1380 2077 1424 2144 ad
1442 2076 1631 2144 ministeria
1646 2099 1733 2144 nun-

395 2184 519 2266 tiandi,
539 2185 744 2272 observandi
764 2192 797 2252 et
818 2185 989 2276 supplicia
1020 2184 1179 2252 sumendi
1202 2184 1460 2252 adhibebantur
1487 2182 1615 2274 (Willcc
1635 2206 1662 2251 s.
1684 2186 1733 2271 v.)

395 2290 502 2357 multa
517 2293 589 2356 eius
607 2315 686 2358 usus
710 2293 865 2382 exempla
886 2293 986 2361 affert
1018 2293 1180 2359 Wetstein
1195 2314 1228 2360 v.
1247 2314 1283 2378 g.
1306 2291 1579 2381 speculatores...
1603 2290 1734 2357 nudato

393 2396 509 2485 gladio
530 2399 708 2465 hominum
731 2406 910 2489 amputant
932 2400 1102 2481 cervices,
1125 2398 1240 2466 Livius
1262 2405 1381 2480 31,ut;
1404 2397 1562 2466 Claudius
1580 2398 1733 2465 convivia

394 2525 570 2594 nunquam
584 2508 670 2573 inire
681 2513 856 2589 aususest,
870 2507 936 2573 nisi
945 2505 1223 2596 utspeculatores
1233 2505 1449 2572 cumlaneeis
1460 2506 1730 2582 circumstarent,

393 2615 530 2678 Sueton.
552 2612 669 2679 Claud.
697 2619 752 2681 35.
777 2617 861 2680 Cum
879 2635 998 2680 vocem
1026 2613 1195 2679 referrent
1209 2612 1252 2678 ad
1277 2611 1465 2702 spiculum,
1492 2633 1555 2701 pro
1574 2610 1733 2678 carnifice

394 2716 494 2784 etiam
515 2718 701 2806 spiculator
725 2742 786 2786 usu
811 2720 1001 2809 posteriore
1027 2719 1189 2797 invaluit;
1204 2708 1384 2809 praecepit
1402 2718 1527 2809 asserui
1542 2731 1646 2807 caput
1661 2717 1733 2784 eius

394 2823 432 2891 ia
449 2821 557 2896 duco:
574 2826 621 2891 uti
639 2826 754 2915 puella
764 2827 861 2916 petiit
873 2880 880 2909 ‚
893 2827 943 2893 ita
959 2827 1013 2907 fit3
1028 2847 1176 2913 magnus
1191 2824 1249 2892 ille
1264 2826 1316 2891 vir
1328 2826 1441 2915 perire
1452 2831 1485 2891 et
1502 2824 1732 2911 ignominiose
1754 2858 1757 2873 ·

394 2931 514 2998 haberi
528 2931 666 2998 iubetur
684 2954 766 2999 voce
779 2933 924 3000 lascivae
938 2932 1093 3024 puellae;
1107 2944 1139 2999 et
1155 2930 1336 2999 decollavit
1345 2953 1421 2998 eum
1441 2931 1476 2998 in
1491 2953 1624 2997 carcere
1636 2953 1668 2997 v.
1690 2936 1733 2997 28

392 3050 427 3104 et
442 3039 556 3105 attulit
571 3053 675 3130 capiet
688 3039 760 3106 eius
772 3038 808 3105 in
825 3039 916 3106 disco
932 3052 965 3106 et
978 3037 1073 3105 dedit
1087 3037 1177 3105 illud
1185 3037 1326 3129 puellae
1344 3051 1376 3105 et
1384 3037 1504 3129 puella
1519 3038 1612 3105 dedit
1631 3037 1735 3104 matri

393 3166 473 3212 suae
480 3165 493 3226 ‚·
511 3148 639 3212 eumin
663 3146 801 3214 castello
822 3147 1078 3227 Machaerunte,
1099 3148 1135 3212 in
1151 3152 1247 3235 parte
1262 3144 1480 3213 meridionali
1498 3150 1657 3225 Peraeae,
1677 3166 1733 3211 oc-

394 3251 503 3319 cisum
525 3274 594 3319 esse
615 3254 778 3343 Iosephus
797 3254 899 3320 refert
920 3252 1086 3342 additque
1110 3274 1118 3319 :
1143 3251 1262 3321 ludaei
1279 3274 1478 3342 persuasum
1503 3251 1679 3319 habebant
1697 3251 1733 3318 in

395 3357 558 3425 ultionem
576 3360 666 3427 neeis
687 3361 761 3427 eius
776 3359 928 3427 deletum
951 3381 1021 3426 csse
1048 3359 1233 3426 exercitum
1253 3358 1395 3426 Herodis
1417 3359 1454 3425 in
1469 3358 1598 3449 proelio
1617 3364 1734 3424 contra

394 3470 530 3531 Aratum
547 3466 690 3534 Arabiae
706 3488 825 3554 regem
844 3467 1278 3556 commisso,(Antiq.18,5.
1296 3465 1343 3554 2).

438 3575 550 3638 Funus
566 3574 638 3639 eius
657 3580 781 3640 curant
798 3573 957 3664 discipuli
972 3596 1005 3639 v.
1026 3580 1068 3640 29
1084 3596 1152 3663 quo
1172 3571 1291 3640 audito
1310 3571 1476 3662 discipuli
1487 3571 1558 3639 eius
1573 3584 1735 3638 uenerunt

393 3691 426 3745 ct
438 3677 587 3745 tulerunt
605 3701 725 3770 corpus
744 3680 814 3746 cius
831 3691 864 3746 et
872 3693 1066 3770 posuerunt
1085 3679 1175 3746 illud
1187 3681 1223 3746 in
1236 3692 1477 3762 mouumeato;
1487 3679 1640 3768 repetitis
1651 3679 1734 3744 vici-

394 3785 458 3852 bus
469 3787 585 3852 asserit
595 3788 631 3855 S.
646 3788 874 3876 Hieronymus
888 3789 961 3854 eius
969 3788 1166 3877 sepulcrum
1178 3787 1241 3854 coli
1257 3787 1434 3854 Samariae
1443 3786 1511 3875 (ep.
1526 3791 1640 3865 t6,1u;
1656 3791 1731 3864 108,

396 3898 453 3974 13;
472 3891 515 3959 ad
535 3894 620 3960 nbd.
641 3900 694 3976 1,1
706 3917 714 3975 ;
727 3896 773 3961 M.
792 3900 928 3975 antas.
953 3899 1031 3961 889.
1054 3896 1226 3983 25‚1099);
1244 3899 1399 3984 tempore
1417 3892 1540 3960 luliani
1558 3897 1734 3983 apostatae

394 3998 589 4088 sepulcrum
613 4000 740 4067 dicitur
772 4022 841 4067 esse
871 4000 1024 4067 dirutum
1054 4021 1198 4090 ossaque
1226 4001 1381 4090 dispersa
1409 3999 1580 4090 (Chronic.
1613 3998 1731 4087 pasch.

394 4128 429 4195 p.
446 4112 526 4189 2953
545 4112 583 4174 lt.
598 4109 750 4196 tasilo).
762 4106 843 4174 Vide
856 4113 1088 4197 quoqueltcta
1102 4112 1218 4175 Sauct.
1238 4112 1310 4175 lun.
1328 4113 1353 4175 t.
1370 4114 1389 4175 t
1409 4130 1444 4197 p.
1463 4112 1540 4174 out.
1559 4105 1733 4172 Samariae

394 4213 463 4279 iam
484 4212 690 4290 colebantur
705 4214 861 4305 sepulcra
877 4216 973 4282 Elisei
987 4222 1021 4280 et
1036 4213 1183 4295 abdiae,
1208 4235 1320 4303 neque
1347 4235 1419 4280 esse
1434 4211 1662 4302 improbabile
1683 4210 1733 4276 ibi

395 4342 530 4410 quoque
545 4322 677 4388 loannis
693 4322 795 4389 fuisse
812 4321 1008 4412 sepulcrum
1024 4320 1157 4411 Sclieqq
1172 4321 1353 4388 existimat.

432 4511 563 4562 Lectione
579 4512 627 4561 illa
643 4513 670 4560 in
684 4525 711 4562 v.
727 4512 760 4562 ‘tt
778 4511 821 4574 τῆς
836 4509 955 4579 θυγατρὸς
974 4507 1049 4561 αὺτοῦ
1069 4506 1224 4578 Ἡρωδιάδος
1240 4510 1313 4579 (vide
1332 4511 1394 4561 lect.
1411 4507 1481 4573 var.)
1498 4522 1581 4573 quam
1598 4508 1733 4559 Volkmar

395 4604 423 4650 et
438 4601 475 4648 W
492 4601 515 4650 Η
528 4601 697 4664 approbant,
714 4601 808 4664 puella
822 4601 919 4652 luisset
932 4599 989 4652 lilia
1006 4598 1128 4654 Herodis
1142 4603 1257 4652 nomine
1271 4599 1371 4651 eodem
1385 4611 1441 4662 quo
1460 4602 1549 4650 mater
1566 4597 1728 4661 appellaba-

396 4695 449 4741 tur.
467 4690 522 4742 Sod
538 4690 563 4739 id
584 4689 643 4739 lieri
667 4695 773 4754 nequit.
798 4691 869 4741 Nam
894 4702 927 4742 es
940 4697 1067 4755 tempore
1090 4690 1149 4742 lilia
1163 4704 1199 4741 ex
1213 4702 1248 4741 eo
1263 4689 1403 4740 connubio
1419 4701 1474 4738 non
1494 4688 1586 4753 potuit
1598 4698 1661 4736 esse
1680 4686 1734 4735 nisi

395 4793 532 4830 annorum
550 4792 711 4843 paucorum.
728 4779 821 4838 Quare
834 4794 868 4831 aa
884 4782 967 4831 lectio
982 4783 1036 4831 erit
1055 4780 1251 4844 relinquenda.
1268 4778 1361 4830 Etiam
1374 4777 1473 4829 Matth.
1493 4777 1554 4836 tta
1570 4775 1660 4826 solum
1679 4774 1736 4824 filia

397 4868 562 4920 Herodtadis
575 4870 747 4933 designatur,
763 4871 807 4919 cut
821 4870 972 4921 coneordat
985 4869 1062 4934 qttod
1079 4883 1114 4920 ex
1129 4869 1255 4934 tempto,
1272 4869 1368 4933 Anth.
1386 4866 1458 4928 ¹8,5.
1473 4867 1487 4917 l
1505 4867 1652 4929 discimus,
1670 4864 1728 4915 He·
