3960 5654
334 559 354 615 t
849 571 886 619 oa
906 563 1017 614 sxxcro
1037 563 1146 609 uinco.

332 703 375 769 de
391 707 568 793 evangelio
587 699 686 768 113331
708 700 854 771 dixerit:
882 732 898 764 «
918 705 1043 766 1133335
1059 699 1225 791 interpres
1239 701 1344 779 Petri,
1364 720 1659 790 quorumcumque

333 814 524 890 meminit¹,
553 814 708 874 accurate
736 809 945 899 perscripsit,
976 826 1040 869 nun
1067 810 1180 873 tamon
1208 806 1343 884 ordine,
1372 808 1494 874 Christi
1517 805 1609 872 dicta
1627 815 1660 873 et

331 918 436 1000 facta,
456 934 564 1002 neque
586 915 676 980 enim
698 917 768 1005 ipse
784 917 965 981 [lominum
983 911 1161 980 audiverat
1181 934 1290 1001 neque
1304 918 1439 979 secutus
1452 915 1577 993 fuerat,
1600 912 1659 978 sed

331 1032 463 1116 postea,
479 1027 515 1085 ut
530 1019 615 1093 dixi,
635 1026 788 1098 Petrum,
802 1022 860 1108 qui
871 1040 933 1109 pro
943 1020 1137 1086 necessitate
1150 1018 1339 1085 doctrinam
1348 1018 1659 1102 tradidit,·minime

330 1153 427 1208 vero,
445 1133 482 1191 ut
496 1149 690 1195 sermonum
708 1126 841 1191 Domini
860 1124 981 1189 seriem
999 1127 1202 1214 completam
1217 1129 1417 1191 contexeret.
1440 1130 1548 1203 Quare
1564 1126 1659 1195 nullo

329 1225 431 1302 modo
457 1236 611 1323 peccavit
637 1237 764 1298 ltarcus
789 1230 848 1318 qui
872 1232 1037 1299 nonnulla
1050 1223 1141 1318 (ἔνια)
1158 1232 1206 1295 ita
1229 1231 1363 1321 scripsit
1386 1230 1488 1321 pr'out
1511 1232 1656 1321 (Petrus)

328 1347 543 1420 narraverat;
561 1339 605 1405 ad
618 1338 653 1403 id
669 1358 775 1401 unum
792 1337 884 1402 enim
906 1343 1034 1405 attente
1051 1336 1245 1422 invigilavit
1263 1337 1409 1428 nequid
1428 1359 1546 1404 corum
1566 1361 1654 1428 quae

327 1447 483 1514 audierat
498 1443 782 1537 praetermitteret
796 1466 882 1510 neve
896 1444 931 1510 in
951 1444 991 1511 iis
1012 1445 1146 1509 falleret
1167 1472 1182 1502 ν
1200 1444 1332 1531 (Euseb.
1351 1444 1386 1511 h.
1406 1467 1437 1511 e.
1455 1443 1561 1529 3,39).
1579 1450 1659 1511 Erat

326 1561 442 1621 autem
456 1553 592 1642 Papias,
612 1556 650 1615 ut
663 1554 820 1616 irenaeus
835 1550 931 1630 dicit,
950 1551 1083 1615 loannis
1096 1548 1231 1616 auditor
1245 1557 1278 1617 et
1292 1550 1416 1619 sodalis
1431 1543 1575 1641 (ἑταῖρος)
1594 1558 1657 1619 Ρο-

325 1661 473 1751 lyoarpi,
496 1656 588 1748 quod
609 1658 737 1723 lrenaei
757 1656 989 1722 testimonium
1010 1677 1050 1722 eo
1077 1657 1215 1742 gravius
1234 1664 1297 1737 est,
1319 1659 1403 1747 quia
1423 1659 1496 1748 ipse
1519 1659 1656 1726 331513

324 1765 527 1833 oriundusa
547 1763 731 1851 Polycarpo
750 1765 785 1828 in
805 1784 842 1827 re
863 1762 1050 1827 christiana
1064 1770 1137 1829 erat
1164 1763 1335 1830 institutus
1350 1762 1408 1852 (31.
1427 1766 1547 1831 Euseb.
1568 1766 1603 1834 h.
1621 1788 1652 1832 3.

324 1873 433 1961 530).
449 1876 558 1949 Quare
573 1868 678 1936 verba
696 1870 819 1957 Papiae
840 1868 934 1934 omni
949 1869 1221 1935 consideratione
1236 1869 1343 1955 digna
1356 1876 1447 1936 sunt.
1466 1872 1526 1938 1113
1539 1877 1654 1938 autem

323 1979 366 2045 (13
384 1984 498 2045 335133
510 1976 601 2065 quod
617 1997 677 2041 nos
692 1975 860 2040 habemus
872 1976 1049 2060 evangelio
1063 1976 1161 2042 113331
1177 1975 1247 2041 dici
1263 1977 1391 2064 pariter
1406 1983 1537 2044 certum
1552 1981 1656 2044 estex

323 2084 458 2152 Eusebii
474 2083 664 2149 testimonio
687 2081 747 2170 qui
768 2081 890 2171 Papiae
912 2080 1016 2147 libros
1037 2083 1131 2147 novit
1149 2090 1182 2148 et
1202 2082 1261 2170 qui
1279 2090 1457 2172 praeterea
1481 2085 1571 2150 inter
1585 2085 1654 2151 alia

322 2196 465 2258 testatur
488 2212 495 2257 :
517 2219 532 2249 «
554 2190 589 2254 in
612 2189 683 2278 ipso
708 2187 808 2254 buius
832 2188 944 2277 operis
965 2187 1105 2255 exordio
1125 2188 1266 2278 polliciti
1286 2211 1401 2256 sumus
1425 2197 1578 2258 veterum
1593 2214 1655 2258 nos

323 2298 488 2365 Ecclesiae
507 2296 783 2385 presbyterorum
798 2300 830 2360 et
842 2295 1044 2383 scriptorum
1065 2295 1169 2362 verba
1187 2318 1247 2362 suo
1262 2296 1336 2362 loco
1355 2295 1562 2363 adducturos
1574 2298 1653 2388 qui-

322 2405 386 2471 bus
408 2426 449 2470 ea
470 2425 591 2492 quaea
614 2399 800 2467 maioribus
815 2399 878 2466 sibi
901 2401 1026 2468 tradita
1048 2401 1256 2490 accepissent
1278 2401 1321 2468 (13
1339 2403 1442 2470 533315
1461 2404 1653 2471 testamenti

322 2511 419 2578 libris
429 2515 656 2599 exposuerunt
668 2536 683 2568 ν
700 2505 798 2596 (511).
810 2507 903 2574 Unde
911 2515 1068 2596 apertum
1081 2515 1129 2574 est
1140 2509 1198 2574 illa
1209 2509 1331 2598 Papiae
1341 2510 1445 2577 verba
1455 2495 1499 2578 ab
1511 2511 1654 2578 Eusebio

322 2620 474 2698 recitari,
495 2624 531 2682 ut
544 2622 672 2682 constet
690 2613 775 2704 quid
796 2612 838 2679 de
853 2615 1034 2699 evangelio
1054 2615 1153 2681 113331
1167 2615 1259 2704 quod
1276 2623 1428 2707 tempore
1444 2617 1580 2684 Eusebii
1594 2618 1654 2685 ha-

321 2725 468 2792 bebatur
480 2722 694 2789 seutiendum
713 2720 768 2786 sit.
791 2720 883 2787 ldem
903 2720 1015 2787 313331
1029 2743 1068 2786 ex
1085 2722 1167 2811 ipsis
1187 2721 1299 2789 verbis
1314 2722 1439 2813 quibus
1455 2730 1535 2805 3,39
1551 2723 1653 2790 Euse-

320 2831 397 2897 bius
417 2832 539 2920 Papiae
560 2829 793 2896 testimonium
810 2826 941 2894 inducit
954 2849 989 2893 se
1008 2828 1079 2893 scil.
1099 2829 1225 2894 reterre
1242 2829 1328 2896 velle
1342 2830 1560 2898 traditionem
1580 2824 1655 2919 (πα-

321 2926 488 3026 ράδοσιν)ἢ
504 2931 571 3024 περὶ
582 2931 710 3019 Μάρκου
723 2939 778 2995 τοῦ
791 2932 826 2996 τὸ
841 2934 1016 3023 εὐαγγέλιον
1026 2933 1211 3023 γεγραφότος
1221 2933 1398 2998 latidum.
1411 2942 1482 3004 lam
1498 2942 1652 3029 tempore

321 3045 453 3112 Ensebii
473 3043 563 3109 idem
579 3041 665 3107 illud
680 3041 898 3127 evangelium
915 3041 1079 3107 exstitisse
1093 3042 1185 3130 quod
1203 3065 1262 3108 nos
1280 3044 1448 3110 habemus
1469 3066 1571 3112 nemo
1591 3068 1651 3112 ne-

319 3156 407 3239 gat;·
427 3149 555 3217 idcirco
571 3149 699 3238 pariter
718 3155 848 3213 certum
871 3152 938 3230 est,
963 3148 1012 3212 uti
1029 3147 1192 3215 Eusebius
1211 3150 1442 3217 testimonium
1463 3153 1586 3241 Papiae
1608 3152 1651 3219 (13

318 3264 434 3325 335133
453 3255 630 3342 evangelio
655 3253 834 3332 intellexit,
858 3253 905 3319 ita
927 3254 1031 3320 etiam
1051 3254 1093 3320 de
1109 3253 1228 3321 eodem
1246 3257 1426 3343 evangelio
1447 3256 1523 3324 dici.
1542 3262 1650 3335 Quare

319 3365 413 3433 nullo
425 3363 526 3430 modo
538 3358 700 3429 audiendi
711 3360 1648 3449 suntrecentioresquidam(Schleiermacber,Credner,

318 3471 525 3557 Schwegler,
541 3473 640 3547 Baur,
659 3471 807 3542 Strauss,
825 3466 1009 3550 Davidson,
1028 3471 1161 3551 Renan,
1176 3470 1288 3556 Reuss)
1300 3468 1360 3557 qui
1375 3473 1530 3560 quamvis
1545 3471 1652 3539 libros

319 3562 440 3669 Papiae
455 3595 632 3663 nunquam
652 3572 800 3638 viderint
818 3580 932 3639 tamen
956 3573 1163 3640 contendunt
1180 3575 1285 3641 verba
1305 3577 1428 3665 Papiae
1447 3600 1517 3644 non
1537 3579 1652 3646 valere

318 3687 361 3753 de
371 3685 485 3752 nostro
499 3680 691 3767 evangelio,
709 3679 768 3745 sed
781 3678 823 3744 de
838 3678 906 3746 alio
917 3679 1068 3769 quodam
1082 3681 1194 3770 prisco
1206 3703 1309 3770 opere
1323 3681 1415 3773 quod
1430 3687 1536 3751 nostri
1546 3673 1649 3751 evan-

317 3793 400 3880 gelii
417 3790 558 3858 forsitan
570 3787 672 3854 fuerit
682 3785 959 3869 tundamentum.
974 3785 1069 3865 Quod
1080 3809 1184 3875 quam
1198 3794 1323 3855 temere
1335 3795 1369 3855 et
1380 3813 1485 3879 quam
1500 3792 1650 3877 gratuito

317 3905 486 3967 asseratur
504 3896 578 3963 aliis
591 3915 728 3983 quoque
749 3892 950 3959 testimoniis
969 3893 1069 3959 133113
1081 3894 1282 3961 ostenditur.

360 4011 472 4073 Exstat
492 4003 563 4070 scil.
587 4001 690 4068 etiam
712 4000 892 4066 Clementis
911 3999 1125 4066 alexandrini
1149 4001 1397 4085 testimonium,
1419 4004 1479 4092 qui
1499 4004 1647 4071 31113331

316 4137 351 4181 53
379 4110 546 4201 accepisse
575 4129 647 4174 rem
673 4129 694 4173 a
719 4105 959 4172 vetustioribus
984 4106 1193 4196 presbyteris
1218 4108 1379 4176 traditam
1401 4098 1571 4199 παράδοσιν
1589 4117 1651 4174 τῶν

317 4215 456 4283 ἀνέκαθεν
470 4206 676 4304 πρεσέυτέρων
696 4235 704 4276 :
725 4235 803 4279 cum
827 4217 944 4279 Petrus
963 4212 998 4278 in
1022 4213 1107 4280 urbe
1135 4218 1240 4281 Roma
1260 4215 1402 4282 verbum
1428 4219 1486 4283 [tei
1512 4218 1650 4307 publice

317 4326 558 4419 praedicasset,
587 4321 686 4388 multi
707 4315 767 4410 qui
792 4319 934 4386 aderant
961 4325 1109 4387 llarcum
1133 4323 1302 4388 cohortati
1327 4328 1423 4407 sunt,
1448 4330 1565 4414 utpote
1588 4327 1648 4415 qui

317 4440 451 4503 Petrum
473 4429 676 4498 iamdudum
696 4433 842 4494 sectatus
861 4427 976 4493 luisset
1000 4433 1033 4493 et
1055 4428 1145 4494 dicta
1164 4427 1237 4495 eius
1253 4431 1418 4496 memoria
1439 4436 1587 4512 teneret,
1611 4438 1647 4496 ut

317 4536 614 4634 quaeabapostolo
622 4534 815 4625 praedicata
825 4534 1307 4616 erantconseriberet;llarcus
1317 4535 1647 4625 igiturevaugelium

316 4647 515 4737 composuit.
529 4645 626 4710 113331
643 4644 758 4731 itaque
773 4641 991 4728 evangelium
1007 4664 1046 4707 ex
1062 4642 1120 4707 tali
1138 4643 1311 4710 occasione
1323 4650 1435 4711 ortum
1448 4651 1498 4711 est
1509 4645 1643 4734 (Euseb.

317 4759 352 4824 h.
371 4779 400 4823 3.
424 4760 519 4832 6,11;
541 4751 585 4817 31.
606 4751 713 4837 215).
732 4748 830 4827 Quod
847 4749 1028 4815 Clementis
1049 4750 1278 4816 testimonium
1296 4757 1333 4817 ut
1353 4752 1416 4818 rite
1435 4753 1643 4835 aestimetur,

352 4932 371 4974 1.
384 4928 440 4974 vox
454 4919 631 4984 ἐμνημόνευσεν
648 4915 725 4968 habet
737 4931 793 4967 eam
815 4919 959 4975 notionem
982 4920 1009 4966 at
1029 4918 1094 4967 verti
1108 4931 1212 4983 quoque
1225 4923 1308 4983 potest
1327 4920 1498 4971 :memorarit
1519 4922 1582 4985 (scit.
1601 4923 1645 4972 Pe·
1702 4910 1705 4916 ’

316 5007 389 5069 trus),
405 5017 483 5069 quam
497 4999 706 5066 significationem
722 4997 804 5049 solam
815 4997 913 5049 1133133
929 4997 1052 5048 admittit.
