3960 5654
179 516 239 575 ara
698 531 789 575 usne.
814 512 862 581 13,
886 511 990 570 11-13.

178 668 326 756 Spiritus
340 675 499 747 sanctus;
518 663 560 731 ci.
578 667 689 732 Matth.
713 670 831 744 10‚19;
853 660 945 749 quod
964 663 1055 753 apud
1072 667 1231 728 loannem
1252 666 1341 726 lesus
1355 656 1508 744 loquitur

178 773 220 840 de
246 768 435 851 Paraeloto,
465 769 507 837 de
530 773 660 861 Spiritu
689 778 820 852 sancto,
852 767 887 833 id
915 770 1080 860 synoptici
1100 787 1238 857 quoque
1264 789 1304 833 ea
1328 768 1371 832 in
1390 785 1506 830 rerum

177 876 373 946 conditione
393 876 464 944 fieri
484 887 654 959 asserunt,
676 879 710 944 in
733 898 801 967 qua
819 876 937 963 utique
960 875 1085 944 summi
1103 873 1266 938 momenti
1281 880 1345 955 est,
1364 876 1401 938 ut
1419 892 1506 959 quae

178 983 335 1050 dicantur
355 986 484 1072 optimo
507 985 607 1051 modo
627 985 796 1051 dicantur
822 980 1120 1049 Administrabitur
1138 978 1255 1067 itaque
1275 978 1357 1062 illis,
1375 983 1413 1044 ut
1427 973 1504 1044 Alb.

177 1088 276 1169 dicit,
304 1091 470 1179 sapientia
496 1099 528 1157 et
550 1092 743 1181 eloquentia
764 1110 825 1176 pro
841 1089 887 1154 eis
899 1088 1116 1156 satisfaciens.
1136 1089 1244 1161 Quare
1260 1085 1294 1149 in
1309 1107 1341 1150 v.
1363 1092 1402 1151 10
1418 1089 1452 1151 et
1465 1089 1503 1149 11

178 1197 326 1262 rationes
348 1198 565 1264 continentur
583 1196 836 1264 efficacissimae
859 1193 1098 1262 consolationis
1125 1191 1251 1283 quibus
1271 1190 1399 1257 medias
1417 1191 1507 1256 inter

178 1301 414 1370 tribulationes
428 1303 549 1369 animis
565 1304 752 1371 consistant
766 1300 1021 1390 imperturbatis
1035 1305 1069 1364 et
1082 1298 1225 1365 invictis.

224 1412 330 1476 lmmo
349 1433 391 1476 ne
417 1411 583 1476 mirentur
601 1432 636 1475 se
657 1409 777 1497 impeti
801 1415 835 1475 et
851 1408 964 1475 vexari
989 1413 1021 1472 et
1047 1429 1067 1472 a
1093 1405 1224 1472 ludaeis
1251 1410 1284 1471 et
1305 1426 1325 1469 a
1349 1404 1507 1489 gentibus

178 1514 225 1603 (v.
249 1518 280 1605 9)
307 1515 477 1603 evangelii
500 1537 617 1595 causa,
642 1513 788 1602 explieat
812 1516 928 1604 quales
948 1519 982 1578 et
1005 1515 1124 1601 quanti
1148 1513 1278 1579 furores
1296 1512 1331 1576 in
1355 1510 1438 1598 ipsis
1456 1509 1507 1576 la-

176 1623 280 1688 miliis
305 1630 337 1688 et
358 1623 448 1688 inter
478 1645 533 1688 eos
557 1621 727 1688 excitandi
752 1621 818 1687 sint
837 1621 896 1711 qui
920 1619 1115 1687 arctissimis
1137 1625 1278 1687 naturae
1294 1616 1437 1683 vinculis
1454 1637 1506 1681 so

179 1728 257 1795 ciati
272 1736 352 1795 sunt
368 1751 401 1795 v.
421 1735 461 1793 12
477 1728 586 1794 tradet
605 1741 720 1794 autem
733 1729 844 1816 frater
853 1728 996 1815 fratrem
1009 1727 1046 1792 in
1062 1737 1201 1792 mortem
1220 1739 1252 1791 et
1261 1737 1362 1814 pater
1372 1721 1485 1811 filium
1492 1742 1507 1805 ;

175 1840 270 1901 tanto
291 1834 369 1901 odio
389 1836 423 1899 in
443 1835 563 1901 Christi
584 1833 687 1900 fidem
710 1834 978 1906 inflammantur.
1003 1833 1095 1898 utin
1119 1832 1208 1922 ipsos
1229 1832 1350 1897 iratres
1369 1835 1402 1896 et
1416 1829 1507 1896 filios

66 1939 67 1942 '
174 1943 326 2007 saeviant
348 1963 456 2029 neque
473 1940 572 2006 aliter
591 1962 695 2029 quam
711 1962 829 2006 eorum
844 1940 1009 2026 sanguino
1025 1939 1127 2005 effuso
1143 1937 1259 2004 odium
1280 1936 1366 2003 illud
1382 1936 1505 2002 exstin-

174 2069 279 2132 guere
297 2047 446 2125 valeant;
464 2069 570 2136 quare
585 2070 642 2113 eos
660 2045 892 2114 tribunalibus
907 2047 1055 2136 produnt
1071 2045 1196 2136 quibus
1209 2044 1378 2111 sententia
1389 2041 1507 2109 mortis

174 2154 210 2217 in
226 2153 467 2219 Christifideles
486 2155 744 2242 pronuntiatum
775 2154 824 2220 uti
846 2160 1004 2244 parentes
1025 2156 1059 2220 in
1087 2152 1191 2234 filios,
1217 2152 1264 2218 ita
1285 2173 1420 2242 quoque
1443 2148 1506 2215 filii

175 2258 266 2324 haud
294 2282 371 2325 raro
393 2261 504 2326 lurent
528 2260 564 2325 in
587 2267 747 2349 parentes
766 2261 859 2326 omni
879 2262 1002 2350 pietate
1022 2261 1154 2327 abiecta
1175 2272 1207 2325 et
1226 2269 1429 2347 consurqent
1439 2256 1509 2345 filii

112 2423 115 2429 ,
173 2366 210 2430 in
228 2378 404 2454 parentes,
427 2368 531 2432 immo
554 2367 699 2432 crimine
723 2369 891 2434 atrociore
914 2390 968 2434 eos
988 2390 1056 2433 nou
1076 2366 1306 2433 tribunalibus
1320 2366 1453 2443 sistent,
1470 2368 1507 2428 ut

175 2474 272 2560 quasi
301 2475 374 2538 iure
397 2479 529 2540 servato
556 2496 594 2539 es
627 2473 743 2562 impiis
772 2473 906 2561 legibus
935 2475 1034 2540 morti
1061 2473 1276 2553 addicantur,
1303 2493 1422 2538 verum
1441 2471 1506 2561 ipsi

173 2577 237 2644 filii
262 2592 369 2645 morte
390 2580 543 2667 afficient
562 2602 634 2659 eos,
664 2602 752 2670 quae
773 2581 951 2669 explicatio
971 2581 1159 2648 necessario
1171 2580 1262 2667 exigi
1282 2577 1418 2645 videtur
1433 2578 1507 2668 ipsa

174 2684 234 2751 illa
263 2684 306 2750 ad
327 2685 439 2752 tradet
463 2687 693 2775 oppositione;
719 2687 761 2753 cl.
791 2691 879 2754 loan.
911 2692 988 2767 1111
1016 2688 1107 2753 venit
1127 2688 1214 2752 hora
1244 2691 1281 2751 ut
1309 2685 1420 2752 omnis
1444 2684 1505 2774 qui

173 2791 334 2857 interficit
353 2814 411 2858 vos
423 2793 609 2860 arbitretur
623 2794 825 2881 obsequium
838 2816 872 2860 se
887 2801 1056 2884 praestare
1070 2798 1154 2874 Deo;
1170 2816 1203 2859 v.
1221 2801 1260 2859 13
1277 2807 1310 2858 et
1324 2793 1416 2858 eritis
1428 2790 1504 2857 odio

173 2896 327 2963 omnibus
350 2912 488 2988 propter
513 2921 635 2964 nomen
657 2920 792 2982 rariora·
810 2900 932 2989 triplex
956 2903 1046 2967 enim
1071 2900 1198 2966 bellum
1222 2901 1262 2966 iis
1284 2901 1384 2966 instat
1408 2898 1505 2965 ado-

173 3004 336 3083 mesticis‚
355 3026 376 3069 a
392 3004 632 3093 popularibus,
653 3028 672 3071 a
692 3006 872 3091 gentibus3
896 3005 953 3072 sed
977 3036 991 3066 «
1012 3007 1121 3072 maior
1137 3015 1185 3072 est
1200 3005 1402 3085 consolatio;
1422 3026 1504 3070 nam

172 3117 313 3199 propter
345 3131 468 3176 nomen
496 3112 568 3176 eius
597 3112 682 3176 haec
718 3113 832 3176 omnia
864 3113 904 3177 iis
934 3114 1147 3199 contingent,
1175 3112 1264 3201 quod
1292 3133 1400 3178 unum
1424 3111 1504 3177 satis

172 3217 276 3282 estad
297 3238 433 3282 omnem
454 3216 693 3283 adversitatem
710 3217 919 3285 reddendam
937 3219 1070 3285 facilem
1087 3242 1145 3309 spe
1166 3219 1279 3284 lutura
1293 3219 1467 3308 proposita
1486 3247 1502 3280 »

172 3323 306 3410 (Vr‘ct.);
334 3345 413 3389 nam
440 3345 447 3390 :
480 3323 570 3389 beati
602 3325 695 3404 estis,
729 3347 805 3390 cum
835 3327 1002 3413 persecuti
1024 3349 1088 3392 vos
1116 3327 1243 3393 luerint
1267 3332 1407 3415 propter
1430 3347 1501 3408 me;

173 3429 320 3515 gaudete
346 3436 379 3494 et
407 3431 587 3512 exsultate,
619 3431 785 3520 quoniam
816 3453 946 3499 merces
972 3441 1081 3500 vestra
1109 3435 1244 3522 copiosa
1266 3440 1314 3498 est
1341 3433 1375 3498 iu
1401 3433 1504 3499 coelis

171 3536 298 3624 (Matth.
316 3544 408 3615 att,
426 3537 494 3624 12).
520 3540 643 3602 Verum
666 3537 778 3603 denuo
796 3545 908 3604 monet
929 3540 1079 3606 Christus
1094 3541 1133 3605 iis
1152 3539 1363 3628 temporibus
1380 3561 1504 3605 unum-

171 3663 342 3730 quemque
367 3664 401 3708 se
420 3642 544 3709 debere
573 3665 710 3710 armare
734 3645 898 3731 singulari
923 3668 1006 3712 eura
1031 3655 1062 3711 et
1089 3647 1267 3733 vigilantia
1284 3669 1293 3711 ε
1310 3647 1502 3735 qur'outem

172 3749 367 3814 sustinuerit
390 3748 426 3813 in
446 3748 551 3835 finem
571 3750 586 3809 ὁ
607 3737 640 3810 δὲ
659 3748 818 3837 ὑπομείνας
841 3753 899 3840 qui
924 3753 1051 3840 perfert
1077 3753 1292 3818 adversitates
1316 3759 1350 3818 et
1374 3752 1411 3817 in
1435 3752 1502 3818 fide

171 3855 294 3921 Christi
319 3861 513 3944 perseverat
531 3864 736 3938 constanter,
762 3857 814 3922 lu'c
838 3857 951 3924 saluus
973 3860 1035 3925 erit
1042 3880 1056 3941 ;
1084 3882 1152 3925 non
1172 3859 1298 3925 sufficit
1316 3859 1403 3925 bene
1425 3882 1503 3926 coe-

170 3961 273 4049 pisse;
297 3962 362 4027 hoc
378 3984 476 4027 versu
487 3962 611 4027 iterum
628 3962 713 4028 illud
730 3964 877 4031 inculcat
888 3967 1039 4031 Christus
1052 3967 1180 4032 maiore
1195 3989 1333 4056 quoque
1348 3966 1502 4056 emphasi

170 4089 201 4133 v.
231 4074 250 4134 9
280 4067 389 4134 videte
411 4070 628 4157 vosmetipsos
651 4076 684 4134 et
712 4071 812 4136 simul
838 4072 1033 4138 exhortatur
1061 4095 1102 4138 ne
1132 4074 1253 4138 animis
1277 4072 1417 4154 cadant,
1440 4073 1501 4138 etsi

170 4173 389 4241 adversitates
415 4175 508 4241 nullo
536 4198 603 4241 non
629 4183 785 4265 tempore
811 4186 913 4267 atque
935 4180 1096 4245 continuo
1114 4181 1285 4266 ingruent.
1304 4182 1433 4245 Pariter
1451 4181 1502 4246 in·

169 4281 287 4346 nuitur
311 4282 352 4347 iis
370 4282 601 4347 vexationibus
624 4283 698 4349 fore
721 4293 759 4349 ut
784 4283 842 4350 alii
867 4308 886 4351 a
909 4285 1206 4369 salutassemus,
1233 4288 1400 4375 quianon
1428 4287 1500 4352 sine

170 4386 324 4474 pondero
344 4388 490 4476 quodam
513 4389 650 4454 ellertur
665 4412 744 4455 euna
761 4400 993 4457 assecuturum
1010 4392 1151 4458 salutem
1177 4394 1235 4481 qui
1251 4395 1293 4458 sit
1311 4387 1501 4479 ὁὺπομείνας

170 4487 211 4564 εἷς
230 4495 332 4573 τέλος
355 4495 397 4560 ol.
418 4496 529 4560 tlatth.
547 4500 648 4578 tt‚10
668 4504 700 4561 ot
717 4498 1127 4565 tuncscandalizabuntur
1143 4500 1250 4564 multi.

207 4726 290 4795 Quae
307 4732 381 4784 sunt
402 4727 608 4803 interpretum
628 4729 732 4787 variar
754 4731 929 4790 sententiae
946 4731 985 4790 ad
1006 4733 1112 4791 Matth.
1130 4735 1274 4804 11111,
1293 4733 1423 4792 caedem
1439 4733 1499 4791 hoc

167 4840 293 4900 quoque
307 4823 376 4882 loco
392 4830 619 4900 proponuntur.
636 4826 715 4885 Sunt
731 4828 815 4886 euim
833 4829 885 4904 qui
900 4848 928 4886 v.
943 4833 961 4890 ὅ
977 4848 1043 4908 seq.
1061 4831 1216 4907 explicent
1232 4836 1394 4907 tamquam
1409 4830 1497 4908 signa

167 4922 293 4998 praevia
308 4920 347 4979 ad
364 4921 450 4980 urbis
465 4922 633 4981 Ierusalem
649 4923 899 4986 destructionem
912 4926 1059 5008 (l'lreopt.
1078 4929 1161 4987 Inus.
1179 4926 1403 5007 8111111111),
1421 4929 1496 4989 dum
