3960 5654
166 488 226 549 230
736 467 882 559 111119,
906 488 936 547 1.
961 513 972 532 ,

165 662 228 708 nec
249 637 448 732 pudendam
469 635 537 703 sibi
560 659 637 705 eam
662 640 863 730 patientiam
889 637 1067 707 crederent
1088 661 1177 728 quae
1198 639 1410 706 sicsubitura
1427 647 1497 707 erat

164 747 341 814 saevitiam
364 743 530 833 passionis
557 750 688 814 utnon
716 745 887 814 amitteret
914 744 1071 831 gloriam,
1090 747 1284 835 potcstatis,
1318 748 1500 835 assumpsit

164 857 295 921 lesus...
318 855 352 916 et
371 871 554 920 conscenso
568 875 648 920 cum
671 854 720 920 eis
738 872 889 918 seorsum
902 859 1017 936 monte
1033 850 1209 943 praecelso
1223 853 1409 934 claritatem
1432 851 1498 918 illis

24 1003 30 1010 -
162 980 243 1025 suae
264 956 394 1042 gloriae
411 956 657 1027 demonstravit
679 987 695 1019 u
716 959 832 1047 (serm.
853 963 950 1042 5133
968 961 1014 1026 Μ.
1043 959 1192 1046 51,310).
1216 960 1312 1025 Cavit
1331 961 1499 1046 igiturne

162 1062 395 1154 apostolorum
421 1064 506 1132 fides
528 1070 672 1156 propter
692 1062 753 1129 illa
777 1085 865 1152 quae
888 1065 960 1155 ipse
978 1064 1044 1131 sibi
1065 1063 1256 1131 obventura
1284 1066 1498 1154 praedixerat

161 1175 313 1252 nutaret,
336 1170 396 1238 sed
415 1173 494 1239 visis
515 1170 686 1262 prodigiis
707 1167 895 1261 auditoque
919 1169 1116 1238 testimonio
1136 1170 1227 1260 quod
1243 1174 1383 1259 Moyses,
1404 1171 1497 1263 quod

161 1274 264 1357 Elias,
280 1277 374 1366 quod
385 1279 458 1368 ipse
470 1274 571 1344 Pater
580 1275 708 1342 dedere
720 1276 832 1364 magis
843 1283 945 1367 atque
959 1275 1072 1364 magis
1086 1277 1282 1344 firmaretur
1295 1277 1404 1364 (Patr.
1419 1280 1495 1346 sim.

160 1380 270 1451 Sclm.
288 1391 321 1452 t.
341 1392 360 1452 6
378 1389 478 1452 tract.
495 1383 574 1472 33);
596 1381 678 1449 dein
693 1404 848 1473 quoque,
866 1405 909 1450 ne
927 1382 1088 1451 timerent
1106 1383 1296 1474 opprobria
1311 1386 1421 1451 crucis
1439 1385 1499 1475 qui

159 1487 317 1558 viderant
330 1492 436 1559 oculis
452 1489 521 1558 suis
535 1488 683 1575 gloriam
699 1490 835 1557 futurae
850 1490 1105 1558 resurrectionis
1124 1490 1195 1581 (Ps.
1212 1490 1339 1580 Heca).
1362 1494 1400 1557 Et
1419 1513 1497 1557 oum

158 1596 304 1686 apostoli
322 1583 507 1665 iubeantur
527 1600 604 1685 post
622 1599 695 1663 lesu
715 1595 1000 1664 resurrectionem
1022 1596 1184 1665 exhibere
1204 1597 1437 1665 testimonium
1455 1597 1497 1664 de

160 1703 224 1771 hac
240 1703 558 1790 transfiguratione,
575 1702 729 1770 Christus
740 1709 894 1770 nostram
908 1724 1045 1794 quoque
1062 1702 1246 1770 utilitatem
1265 1705 1441 1794 spectavit.
1459 1703 1496 1769 ld

22 1838 25 1845 ⁴
160 1809 255 1900 quod
265 1810 303 1877 S.
323 1812 388 1876 Leo
403 1809 450 1877 ita
466 1808 640 1876 declarat:
659 1837 675 1871 «
691 1810 727 1875 in
743 1831 813 1898 qua
827 1808 1136 1897 transfiguratione
1148 1809 1233 1892 illud
1248 1810 1386 1899 quidem
1402 1810 1498 1900 prin-

159 1916 316 2006 cipaliter
336 1915 517 2002 agebatur,
541 1922 578 1981 ut
594 1915 637 1981 de
655 1915 816 1982 cordibus
832 1916 1081 2005 discipulorum
1096 1916 1204 1982 crucis
1224 1914 1419 1983 scandalum
1434 1916 1497 1983 tol-

158 2021 287 2090 leretur
303 2044 365 2089 nec
382 2021 605 2090 conturbaret
624 2044 745 2089 corum
764 2021 867 2089 tidem
886 2023 1101 2090 voluntariae
1123 2023 1297 2090 humilitas
1312 2025 1496 2112 passionis,

158 2128 284 2218 quibus
300 2128 451 2196 revelata
463 2133 548 2195 essct
561 2128 779 2195 absconditae
791 2127 992 2196 excellentia
1003 2129 1199 2216 dignitatis;
1213 2130 1273 2195 sed
1285 2151 1352 2196 non
1368 2131 1498 2196 minore

157 2233 377 2325 providentia
390 2256 467 2325 spes
486 2239 622 2303 sanctae
636 2233 803 2301 Ecclesiae
818 2234 1039 2317 fundabatur,
1056 2241 1095 2302 nt
1109 2239 1217 2302 totum
1237 2258 1361 2326 corpus
1375 2236 1497 2302 Christi

110 2381 121 2406 ·.
159 2349 359 2429 agnosceret
378 2340 473 2432 quali
495 2347 581 2408 esset
598 2342 867 2408 commutatione
889 2340 1089 2409 donandum
1114 2348 1147 2408 et
1173 2343 1244 2408 eius
1270 2342 1334 2409 sibi
1359 2342 1498 2409 honoris

76 2511 80 2517 .
157 2447 364 2515 consortium
375 2447 533 2515 membra
548 2447 788 2537 promitterent
800 2449 860 2538 qui
874 2448 911 2514 in
923 2448 1034 2538 capite
1047 2448 1278 2539 praefulsisset
1295 2478 1324 2515 ».
1339 2453 1376 2514 Et
1390 2471 1497 2538 quan·

158 2558 232 2621 tum
246 2555 469 2622 emolumenti
481 2561 516 2622 et
530 2576 592 2645 pro
607 2554 806 2642 cognitione
820 2553 944 2622 Christi
954 2559 988 2622 et
1001 2577 1065 2645 pro
1080 2555 1200 2622 solatio
1216 2554 1368 2622 fidelium
1382 2554 1418 2622 in
1432 2555 1497 2622 hac

159 2661 457 2749 transfiguratione
472 2661 660 2750 repositum
676 2683 746 2728 esse
763 2660 907 2752 apostoli
924 2659 1151 2743 crediderint,
1175 2685 1214 2729 cx
1232 2684 1273 2728 eo
1293 2661 1496 2729 concludere

156 2767 209 2835 ius
222 2774 272 2835 est
288 2767 382 2858 quod
397 2790 473 2836 eam
487 2772 556 2838 tres
570 2768 724 2835 referunt
745 2767 913 2858 synoptici
931 2768 1057 2855 (Matth.
1082 2776 1173 2848 17‚1.
1196 2774 1274 2836 Luc.
1297 2769 1391 2857 938)
1407 2769 1496 2835 eius-

157 2896 225 2964 que
248 2876 478 2941 meminerunt
499 2879 699 2959 loan.,1,1t
721 2880 754 2942 et
773 2878 890 2943 Petrus
909 2881 930 2941 2
952 2878 1151 2958 Ρ111.1’,16.
1174 2875 1268 2942 Unde
1289 2874 1407 2941 crebra
1425 2876 1498 2942 eius

158 2979 263 3047 fiebat
274 2981 402 3048 mentio
417 2981 452 3046 in
467 2979 721 3071 praedicatione
735 2980 935 3071 apostolica.
1481 2977 1483 2982 ’

202 3091 280 3176 lpsa
300 3087 464 3176 temporis
483 3090 643 3154 accurata
663 3087 901 3172 designatione
921 3087 1115 3154 ostenditur
1129 3093 1291 3154 eventum
1311 3087 1408 3153 illum
1429 3087 1497 3152 alte

158 3192 280 3262 animis
295 3193 526 3282 apostolorum
544 3215 615 3260 csse
629 3193 847 3282 impressum.
866 3193 964 3260 Brevi
978 3199 1053 3283 post
1072 3192 1283 3283 praedictam
1304 3192 1495 3283 passionem

158 3304 248 3368 lesus
268 3300 417 3387 gloriam
439 3321 535 3366 suam
551 3299 648 3388 quasi
668 3298 817 3387 gloriam
837 3299 1006 3386 unigeniti
1027 3299 1102 3366 lilii
1124 3300 1180 3366 Dei
1202 3300 1415 3381 manifestat3
1436 3301 1494 3388 qni

157 3414 271 3473 autem
294 3406 352 3472 tali
370 3406 485 3492 gloria
503 3405 572 3471 frui
587 3409 699 3496 potest
718 3404 856 3495 quando
875 3405 966 3485 vult,
984 3406 1042 3473 illc
1057 3412 1148 3472 certe
1172 3407 1274 3472 etiam
1295 3413 1366 3471 tum
1385 3405 1494 3471 solnm

156 3514 285 3602 patitur
300 3511 439 3602 quando
453 3513 525 3601 ipse
540 3512 613 3578 vult
625 3517 659 3578 ct
673 3511 756 3600 quia
770 3512 858 3592 vult;
877 3533 910 3580 v.
929 3518 945 3579 1
960 3524 993 3578 11
1002 3525 1081 3602 post
1092 3512 1163 3589 dies
1176 3535 1234 3578 sac
1248 3512 1388 3578 asszcmit
1407 3514 1497 3578 lesus

23 3621 26 3626 ’
157 3621 298 3687 Petrum
308 3609 341 3684 et'
350 3617 524 3699 Iacobum,
534 3617 643 3685 filium
655 3616 821 3685 Zebedaei
830 3624 864 3684 et
872 3618 1014 3685 fratrem
1024 3619 1169 3699 loannis,
1183 3619 1232 3685 uti
1241 3641 1280 3684 ex
1291 3619 1403 3684 llatth.
1417 3626 1492 3698 17‚1

156 3723 337 3792 indubium
348 3731 413 3802 est;
425 3746 498 3791 non
506 3723 616 3812 igitur
624 3723 667 3790 dc
675 3723 736 3790 illo
744 3723 865 3790 lacobo
874 3724 931 3790 hio
942 3726 1070 3792 mentio
1081 3725 1119 3791 fit
1128 3726 1188 3814 qui
1198 3724 1270 3793 Gal.
1283 3730 1496 3807 191111111-

25 3846 33 3854 ·
157 3837 322 3914 moratur,
335 3831 386 3897 uti
395 3830 500 3898 semel
510 3830 643 3921 putavit
652 3834 688 3919 S.¹
699 3829 908 3916 Augustinus
919 3830 1047 3921 (expos.
1057 3843 1116 3922 ep.
1132 3830 1176 3898 ad
1188 3831 1258 3899 Gal.
1271 3833 1310 3897 M
1312 3883 1320 3896 .
1334 3832 1494 3919 35‚2113)

158 3951 191 4004 11
204 3939 380 4018 loannem,
403 3937 441 4004 hi
457 3942 526 4004 tres
545 3942 768 4004 assumuntur
782 3937 842 4027 qui
864 3942 963 4004 testes
977 3960 1114 4028 quoque
1125 3937 1234 4004 futuri
1254 3944 1333 4004 sunt
1352 3939 1494 4024 agoniae

158 4044 282 4112 Christi
297 4045 333 4112 in
348 4044 450 4111 horto
465 4043 591 4126 (naeth.
609 4043 741 4132 2137),
760 4065 847 4133 quos
859 4066 941 4135 prae
955 4045 1031 4111 aliis
1045 4045 1262 4135 impositione
1278 4066 1416 4134 quoque
1432 4067 1496 4111 no-

159 4151 292 4218 minum
306 4151 483 4239 insignivit
497 4150 603 4240 (3,16.
623 4152 691 4236 17),
709 4172 794 4239 quos
812 4150 898 4218 solos
912 4157 1012 4218 testes
1025 4150 1155 4218 habere
1169 4152 1279 4217 voluit
1301 4153 1335 4217 in
1353 4153 1496 4218 resusci-

158 4258 285 4325 tatione
306 4258 398 4325 ffliae
416 4257 493 4324 lairi
513 4256 636 4344 (5,37).
654 4261 693 4322 Et
713 4261 850 4324 Petrum
869 4257 1009 4346 quidem
1023 4258 1164 4324 assumit
1183 4286 1199 4320 α
1217 4263 1255 4325 11
1271 4258 1494 4348 apostolicum

159 4364 321 4431 verticem
342 4369 375 4430 et
395 4363 548 4430 suumin
574 4368 669 4429 terra
687 4361 871 4449 vicarium,
892 4362 1159 4432 illuminationes
1182 4364 1316 4431 divinas
1338 4363 1495 4430 omnibns

159 4470 314 4538 conferre
325 4469 507 4537 debentem
524 4476 557 4537 et
568 4468 696 4535 inferni
708 4468 868 4537 tenebras
881 4470 1116 4559 dissipantem,
1131 4477 1164 4537 et
1178 4470 1337 4537 iacobum
1353 4470 1411 4559 qui
1424 4472 1496 4560 pri-

160 4599 235 4644 mus
249 4578 339 4645 inter
359 4577 528 4666 apostolos
544 4581 739 4644 constanter
756 4577 934 4644 moriendo
952 4576 1057 4643 sidem
1070 4576 1228 4666 probavit
1246 4578 1329 4666 (Act.
1350 4577 1442 4664 122)
1463 4585 1495 4643 et

160 4689 320 4750 loannem
333 4685 395 4771 qui
409 4690 538 4750 secreta
555 4681 711 4750 coelestia
726 4683 826 4749 Verbi
842 4683 973 4751 aeterni
989 4683 1151 4750 omnibus
1173 4683 1378 4750 describeret
1397 4691 1430 4749 et
1449 4684 1496 4750 sic

159 4790 308 4856 veritatis
325 4789 435 4855 lucem
457 4789 707 4856 demonstraret
722 4815 739 4848 u
758 4788 864 4878 (111.)
887 4798 921 4856 11
936 4791 995 4880 qui
1014 4791 1215 4880 cumprimis
1228 4813 1248 4855 a
1263 4791 1403 4857 bomino
1418 4790 1496 4856 dili-

160 4895 308 4983 gebatur
319 4896 420 4984 (vict.
437 4896 612 4986 Thomala),
625 4908 659 4962 ct
667 4895 763 4962 deecit
772 4895 849 4963 illos
859 4897 895 4962 in
905 4913 1053 4964 montem
1062 4896 1229 4964 excelsum
1242 4919 1386 4964 seorsum
1396 4897 1495 4978 solos,
