3960 5654
354 88 409 145 32:2¹(
434 92 498 147 ,2:213
529 92 1233 157 „riqiz-'2¹1''At-‚¹4'RV'V·Mp‚r‚sq5⁴'s;·uzf-.A:J
1259 109 1362 161 prb-‚²⁸3
1389 130 1394 145 .'
1431 125 1439 145 ,v
1456 132 1480 141 Ι,
1620 123 1660 144 ''',
1714 132 1734 140 '-
1764 110 1850 150 [ἥκῃ
1868 129 1871 134 ι
1889 114 1911 140 11,
1934 121 1945 131 ,⁴
1963 119 1975 129 ,ι

337 148 388 208 ,ἱῇῖλ
412 146 417 154 ’
429 137 489 201 κ’ἱέ,δ
508 163 516 171 -
573 142 608 201 ᾖ
624 138 643 181 ³⁴«
674 147 736 194 aa„
756 144 773 174 ,ι
789 139 837 184 2⁴3⁸
857 170 861 187 ,,
891 138 939 188 ,W
959 108 1399 207 2353·‘z‘idassrgvsss‘lfflbiil'i·⁴5“.ss''⁸''ss
1418 146 1420 152 '
1454 159 1457 166 ·
1478 142 1481 152 “
1502 146 1507 156 ·
1527 174 1528 177 ,
1617 155 1628 175 ·.
1644 159 1646 165 1
1754 153 1790 199 ''·.'
1844 144 1902 194 „'·¹··.'
1925 142 1936 187 ,ι’
1943 144 1976 190 42(

400 199 413 209 ,ι
459 193 504 231 hv.
535 194 541 210 Ο
620 192 638 209 ξ’
658 197 756 241 ...βυ-’,ῃ
790 191 842 223 μή.
858 204 865 216 '
954 194 967 200 '⁴
990 198 995 207 ι
1036 191 1079 226 1¹*ss*
1095 196 1117 227 ειν.
1163 209 1171 227 Α,
1239 195 1242 200 ’
1282 206 1283 210 η
1316 192 1320 213 ἶ
1907 189 1925 239 Ἰ

986 198 989 207 ι

979 245 983 253 v

962 449 967 456 ’
1036 506 1128 551 nnc.
1153 494 1183 567 s,
1208 494 1310 553 18-19.
1780 495 1837 552 na

507 648 594 724 tatu;
614 641 761 735 ideoque
776 647 836 736 qui
850 641 1053 708 ludaeorum
1068 643 1181 710 hostes
1197 645 1325 722 essent,
1343 641 1469 731 quippe
1485 642 1629 708 cultores
1649 639 1835 722 idolorum,

507 751 673 839 putabant
681 775 743 820 sua
755 755 849 817 tanta
860 747 984 813 virtute
996 752 1105 815 lesum
1119 745 1314 815 usurumad
1330 747 1519 813 nocendum
1535 749 1631 836 ipsis;
1648 746 1725 813 inde
1736 747 1839 812 timor

506 878 549 923 ne
565 864 725 947 pergeret
739 854 883 922 transire
893 853 1033 921 iulestus
1047 878 1110 945 per
1124 874 1225 940 agros
1235 875 1353 919 eorum
1372 882 1401 918 a.
1416 858 1488 918 Non
1504 853 1609 938 igitur
1623 854 1840 920 considerant

506 962 710 1031 beneficium
726 959 816 1049 quod
832 961 983 1029 Christus
997 961 1121 1028 misero
1134 960 1319 1048 praestitit,
1336 959 1394 1024 sed
1409 960 1470 1023 toti
1485 957 1584 1023 defixi
1600 959 1634 1024 in
1649 959 1839 1026 considera-

506 1071 597 1137 tione
614 1070 775 1135 iacturae
795 1087 979 1157 porcorum
1002 1067 1149 1154 gratiam
1175 1087 1195 1131 a
1221 1070 1292 1132 lesu
1319 1064 1469 1130 oblatam
1498 1063 1689 1153 repudiant.
1723 1069 1838 1154 Neque

505 1183 621 1242 tamen
643 1172 793 1241 Christus
808 1193 908 1241 omne
929 1173 977 1238 eis
998 1172 1204 1240 beneficium
1219 1171 1407 1251 subtrahit;
1432 1171 1537 1236 mittit
1550 1171 1642 1236 enim
1657 1170 1722 1236 illis
1738 1193 1836 1259 prae-

505 1301 622 1349 conem
638 1280 883 1347 miraculorum
896 1283 930 1344 et
944 1279 1116 1367 potentiae
1132 1278 1201 1358 Dei,
1218 1276 1300 1343 dum
1315 1278 1403 1365 ipse,
1422 1276 1471 1342 uti
1485 1277 1670 1366 petierant,
1694 1276 1834 1359 recedit3

505 1409 538 1452 v.
559 1391 598 1453 18
614 1408 755 1476 cumque
765 1383 961 1452 ascenderet
973 1385 1105 1466 navim,
1120 1384 1232 1473 coepit
1246 1383 1346 1449 illam
1359 1383 1537 1472 deprecari
1549 1384 1613 1472 qai
1623 1406 1644 1448 a
1659 1383 1836 1449 doemonio

505 1507 647 1561 vexatus
661 1495 795 1584 suerat,
817 1490 928 1580 coepit
946 1491 1079 1571 innuit,
1101 1491 1151 1556 uti
1171 1511 1291 1579 saepe,
1312 1512 1389 1556 eum
1407 1491 1551 1579 repetito
1567 1489 1601 1555 id
1616 1490 1833 1576 elllagitasse,

507 1612 544 1666 ut
560 1612 644 1667 esset
663 1621 740 1666 eum
754 1597 832 1678 illo,
847 1597 921 1664 scil.
944 1602 981 1663 ut
1004 1601 1114 1663 lesum
1137 1597 1235 1687 sequi
1254 1597 1372 1663 liceret
1390 1597 1455 1662 sibi
1474 1603 1648 1685 tamquam
1671 1596 1836 1687 discipulo

506 1706 630 1796 (Alb.);
647 1726 728 1772 nam
743 1704 771 1770 si
786 1703 945 1771 voluisset
959 1703 1069 1770 solum
1079 1703 1194 1792 sequi,
1212 1704 1261 1768 uti
1271 1701 1392 1769 turbae
1408 1703 1596 1788 generatim
1607 1701 1838 1792 sequebantur

507 1817 630 1893 lesum,
650 1811 686 1878 id
703 1816 817 1900 petere
837 1832 909 1877 non
928 1831 1013 1900 opus
1031 1809 1148 1876 luisset
1165 1809 1248 1899 quia
1270 1809 1391 1875 turbae
1406 1831 1540 1899 quoque
1560 1808 1594 1874 id
1610 1831 1679 1875 non
1698 1809 1837 1899 speciali

506 1919 609 1986 modo
633 1940 655 1984 a
674 1921 746 1984 lesu
765 1918 911 1984 orabant
937 1937 1050 2005 neque
1071 1915 1107 1982 id
1131 1921 1222 1982 lesus
1247 1922 1443 1982 recusasset.
1468 1916 1553 1982 Petit
1580 1921 1693 1982 autem
1722 1917 1836 1981 animo

505 2031 621 2112 grato,
640 2031 677 2091 ut
687 2046 787 2090 suum
802 2025 959 2090 inlesum
974 2021 1167 2089 ostenderet
1176 2043 1347 2104 amorem,
1361 2028 1394 2088 et
1411 2021 1530 2088 sedens
1546 2022 1590 2088 ad
1603 2023 1722 2087 Christi
1735 2020 1837 2111 pedes

505 2136 702 2218 gustaverat
718 2152 822 2221 quam
838 2130 967 2196 bonum
983 2134 1070 2195 esset
1081 2129 1278 2196 conversari
1294 2151 1373 2194 cum
1385 2152 1424 2195 eo
1440 2128 1533 2216 (Bed.
1551 2129 1665 2216 Dion.)
1677 2152 1684 2205 ;
1697 2129 1754 2194 alii
1772 2152 1836 2217 pu-

505 2244 579 2305 tant
599 2259 678 2318 eum
702 2238 735 2303 id
752 2257 889 2323 rogasse
909 2236 1032 2302 timore
1052 2257 1095 2302 ne
1114 2235 1262 2302 abeunte
1281 2241 1354 2302 lesu
1370 2235 1521 2302 redirent
1543 2236 1635 2302 adse
1655 2235 1837 2302 daemones

506 2345 608 2434 (Vici.
624 2341 770 2434 Tbeoph.
782 2341 893 2431 All.);
906 2343 966 2409 alii
979 2364 1020 2409 ex
1033 2349 1179 2432 utraque
1192 2343 1323 2408 ratione
1338 2365 1417 2408 eum
1429 2344 1524 2431 sequi
1537 2342 1680 2408 voluisse
1691 2343 1835 2431 opinan-

505 2458 561 2517 tur
574 2451 692 2541 (aazia.
712 2449 853 2538 Mold.);
871 2449 930 2516 sed
944 2450 1041 2539 prior
1054 2471 1132 2516 cum
1147 2449 1300 2528 Schanz,
1323 2450 1387 2516 Fil.
1405 2448 1629 2538 praeferenda
1644 2459 1703 2515 est.
1722 2454 1836 2538 ltaque

505 2557 564 2624 ille
583 2580 652 2625 non
670 2556 781 2624 solum
794 2577 935 2646 corpore
954 2560 1092 2622 sanatus
1112 2561 1202 2635 erat,
1221 2554 1281 2621 sed
1301 2562 1334 2621 et
1354 2556 1468 2621 animo
1483 2554 1585 2635 adeo,
1608 2561 1644 2620 ut
1657 2560 1763 2621 lesum
1779 2577 1836 2621 co-

505 2664 683 2751 gnosceret
700 2669 734 2729 et
751 2664 824 2730 eius
839 2662 913 2729 fieri
929 2661 1115 2752 discipulus
1131 2667 1164 2727 et
1182 2683 1294 2728 comes
1310 2668 1494 2751 perpetuus
1509 2660 1726 2728 desideraret.
1745 2668 1785 2727 nt
1800 2668 1837 2727 ut

505 2769 583 2860 quis
592 2769 775 2859 specialem
788 2769 825 2835 in
836 2779 945 2856 regno
957 2768 1123 2835 messiano
1137 2767 1342 2855 dignitatern
1358 2769 1524 2856 acquirat,
1538 2767 1573 2833 id
1586 2790 1652 2834 non
1668 2776 1716 2833 est
1727 2790 1837 2857 neque

506 2878 673 2944 currentis
688 2898 799 2965 neque
816 2874 958 2943 volentis
972 2898 1003 2941 v.
1024 2881 1064 2942 19
1079 2887 1112 2940 et
1126 2896 1195 2941 non
1209 2873 1348 2941 admisit
1363 2896 1456 2952 erem,
1476 2873 1536 2940 sed
1548 2874 1599 2940 ait
1611 2874 1689 2941 illi:
1706 2873 1789 2940 vade
1802 2875 1838 2939 in

505 2983 644 3051 domum
670 2996 764 3050 tuam
783 2981 831 3049 od
844 2996 920 3049 taos
941 2995 974 3048 et
988 2981 1158 3048 annuntia
1180 2980 1250 3047 illis
1268 2993 1397 3071 quanta
1419 2979 1480 3047 tibi
1493 2981 1657 3047 Dominus
1669 2981 1786 3068 fecerit
1805 2994 1837 3047 et

505 3091 660 3157 mt'sertus
673 3090 715 3156 sit
730 3089 783 3155 tui
786 3109 799 3172 ;
814 3087 1068 3155 observandum
1080 3109 1150 3155 esse
1160 3094 1298 3154 monent
1308 3109 1377 3154 non
1390 3087 1513 3154 dixisse
1526 3088 1695 3154 Christum
1712 3111 1719 3154 ε
1735 3110 1836 3153 narra

505 3203 636 3287 quanta
649 3218 714 3284 ego
728 3195 791 3262 tibi
802 3196 960 3276 fecerim,
976 3194 1036 3261 sed
1050 3195 1140 3262 Patri
1152 3194 1369 3284 adscripsisse
1386 3194 1605 3273 miraculum,
1625 3201 1662 3260 ut
1675 3217 1735 3261 nos
1750 3218 1833 3284 quo-

506 3326 572 3393 que
592 3302 730 3370 doceret
747 3323 817 3368 esse
833 3301 924 3368 bona
939 3323 1045 3390 opera
1064 3300 1181 3367 omnia
1200 3304 1267 3367 [leo
1284 3300 1468 3367 tribuenda
1486 3300 1578 3367 etad
1600 3303 1672 3367 eius
1689 3303 1834 3387 gloriam

507 3409 686 3476 referenda
702 3408 760 3497 (cl.
781 3407 927 3497 Thespia.
945 3408 1051 3474 Eatla.
1067 3408 1157 3473 lans.
1178 3408 1251 3475 Coi.
1269 3407 1414 3497 Scheqq,
1430 3407 1551 3498 hap).
1565 3412 1636 3473 h'on
1650 3410 1740 3473 enirn
1757 3431 1835 3497 pro-

505 3516 620 3583 babile
639 3520 689 3583 est
709 3514 801 3604 quod
820 3514 928 3582 Mald.
951 3535 1030 3580 cum
1045 3512 1162 3602 aliqua
1176 3513 1399 3581 haesitatione
1416 3515 1593 3604 proponit,
1612 3516 1778 3582 Christum
1794 3514 1835 3581 de

504 3645 539 3689 se
552 3624 625 3712 ipso
639 3645 701 3711 per
715 3621 849 3689 tertiam
868 3641 1049 3711 personam
1064 3642 1134 3687 esse
1149 3621 1298 3686 locutum
1317 3620 1620 3709 sequeappellasse
1639 3622 1832 3700 bominum,

505 3751 616 3818 neque
630 3728 665 3794 id
675 3751 715 3795 eo
726 3726 960 3794 commendari
974 3727 1186 3818 potestquod
1199 3733 1277 3809 11,3
1295 3727 1412 3794 iubeat
1424 3727 1605 3816 discipulos
1620 3727 1731 3793 dicere
1749 3750 1755 3792 :
1776 3733 1834 3793 [lo-

506 3837 599 3902 mino
619 3836 825 3902 necessarius
845 3841 895 3900 est
916 3832 1066 3924 (pullus).
1088 3837 1172 3900 Nam
1192 3834 1250 3899 hie
1270 3833 1354 3923 quid
1375 3834 1423 3900 illi
1443 3835 1484 3900 de
1504 3857 1538 3900 se
1558 3833 1671 3901 dicere
1691 3835 1836 3901 (labeant

505 3942 719 4031 praescribit.

551 4053 587 4114 ln
606 4048 729 4116 ludaea
747 4070 846 4138 saepe
870 4053 959 4114 vetat
977 4048 1128 4115 Christus
1146 4048 1274 4114 lamam
1295 4048 1478 4137 propagari
1500 4048 1754 4114 miraculorum.
1778 4050 1835 4115 llic

504 4162 618 4222 autem
632 4154 668 4221 iu
689 4156 829 4241 regione
850 4154 1086 4245 decapolitana
1099 4154 1203 4220 mittit
1222 4176 1439 4244 praeconem.
1462 4155 1534 4220 ntia
1548 4161 1597 4220 ost
1611 4157 1701 4220 enim
1723 4177 1833 4221 rerum

504 4260 666 4328 conditio.
680 4266 715 4327 ln
728 4261 852 4327 ludaea
864 4261 1054 4327 cavendum
1068 4267 1196 4327 eratne
1210 4260 1314 4327 falsae
1326 4260 1374 4326 illi
1388 4261 1624 4351 exspectationi
1639 4263 1737 4348 regni
1751 4284 1835 4328 mes·

505 4368 592 4435 siani
610 4368 807 4457 temporalis
826 4369 970 4435 materia
986 4367 1318 4449 subministraretur;
1342 4369 1375 4432 in
1397 4367 1631 4456 decapolitana
1651 4376 1761 4434 autem
1784 4391 1836 4434 re·

506 4477 609 4561 gione
628 4475 716 4540 inter
734 4474 891 4541 homiues
906 4496 1069 4560 magnam
1084 4479 1217 4563 partem
1234 4475 1379 4561 gentiles
1396 4474 1568 4560 magnalia
1583 4477 1639 4541 llei
1658 4483 1754 4541 orant
1773 4498 1834 4541 an-

507 4580 714 4661 nuntianda,
741 4587 779 4644 ut
803 4582 992 4667 cognitioni
1018 4581 1075 4646 [tei
1102 4586 1135 4646 et
1163 4581 1298 4647 laturae
1323 4581 1567 4670 praedicationi
1596 4582 1763 4668 evangelii
1784 4584 1835 4648 sia

507 4694 698 4779 pararetur.
714 4691 750 4753 ln
765 4708 840 4753 eant
855 4687 963 4773 igitur
976 4688 1151 4774 regionem
1168 4688 1271 4754 mittit
1288 4692 1374 4753 lesus
1388 4711 1586 4778 praeconem
1598 4688 1657 4777 qui
1673 4691 1706 4754 in
1722 4711 1755 4754 se
1767 4690 1837 4779 ipso

507 4797 623 4862 vivum
645 4794 781 4861 exhibet
798 4793 1040 4860 documentum
1062 4794 1199 4861 divinae
1216 4795 1466 4862 misericordiae
1485 4802 1518 4861 et
1534 4797 1723 4884 potentiae;
1745 4825 1759 4854 n
1779 4798 1836 4862 ubi

508 4902 657 4970 notanda
669 4902 757 4969 mira
767 4899 899 4968 Domini
912 4901 949 4967 in
962 4906 1146 4970 Gerasenos
1156 4901 1346 4991 quamlibet
1360 4904 1511 4990 ingratos
1523 4903 1730 4989 benignitas
1756 4903 1837 4970 dum
