3960 5654
844 464 937 508 rinc.
960 450 990 518 2,
1015 444 1116 505 tii-15.

330 637 332 641 .
350 596 516 651 Nominibus
531 600 599 650 Levi
612 599 640 647 et
657 596 791 650 Matthaei
809 615 895 651 unum
917 597 1091 659 eundemque
1106 598 1246 663 designari
1265 602 1369 650 certum
1384 602 1439 658 est;
1462 597 1497 648 cl.
1514 598 1643 662 Cernelp,

316 684 420 739 Introd.
436 690 476 739 lll
492 703 519 751 p.
539 688 569 736 15
585 699 646 748 seq.
654 699 661 746 ;
677 687 716 736 ita
730 692 856 740 statuunt
872 696 981 738 veteres
994 689 1021 734 et
1035 691 1205 739 recentiores
1220 700 1344 751 quoque,
1361 692 1385 738 si
1400 690 1509 752 aliquos
1520 688 1644 736 rationa-

316 776 397 828 listas
411 779 543 840 excipias.
562 773 631 825 Cum
654 776 762 828 dicatur
777 779 853 828 filius
875 776 1007 838 alphaei,
1024 776 1051 822 in
1066 778 1196 841 catalogo
1215 777 1404 838 apostolorum
1418 785 1511 828 autem
1529 775 1646 825 lacobus

315 865 389 918 silius
410 864 527 927 alphaei
552 870 737 924 recenseatur,
755 868 921 929 explicatur,
938 877 987 911 cur
1009 866 1036 911 in
1053 864 1073 913 D
1090 871 1118 914 et
1142 869 1169 914 in
1187 864 1273 912 tribus
1288 866 1451 916 minusculis
1465 868 1493 916 et
1509 867 1536 913 in
1551 864 1646 914 abcc

314 951 397 1018 ll²g¹
411 955 520 1015 legatur
536 965 542 999 :
560 945 626 1002 εἶδεν
642 949 771 1002 ‘lieston
788 953 841 1011 Qui
860 955 886 1000 in
903 953 1042 1014 aliquibus
1056 949 1200 1005 codicibus
1217 952 1316 1000 dicitur
1330 950 1464 1017 Λεὸὁαῑος,
1480 967 1543 1005 curn
1558 954 1645 1016 aliqui

315 1046 390 1094 hunc
404 1042 528 1090 nostrum
550 1041 617 1093 Levi
637 1044 785 1107 putabant,
803 1043 881 1090 cuius
907 1054 1006 1091 nomen
1022 1056 1056 1092 cx
1072 1044 1143 1099 Λευι,
1160 1037 1237 1101 urbig
1258 1045 1347 1091 ortum
1364 1045 1400 1090 sit
1410 1057 1417 1101 ;
1434 1058 1517 1107 quarn
1533 1044 1646 1093 senten-

313 1133 382 1182 tiam
397 1141 453 1179 non
466 1130 549 1193 plane
563 1134 652 1183 reiicit
667 1131 806 1192 Origenes
821 1143 844 1178 c.
863 1130 937 1181 Cels.
959 1131 1018 1191 l,62
1041 1145 1047 1178 :
1067 1148 1078 1178 ι
1102 1133 1138 1180 sit
1152 1133 1180 1179 et
1195 1129 1262 1180 Levi
1276 1126 1299 1195 (ὁ
1312 1126 1395 1190 Αέίης)
1414 1134 1577 1194 publicanus
1598 1132 1646 1194 qui

312 1220 405 1268 lesum
419 1225 530 1270 secutus
543 1223 592 1279 sit;
605 1228 634 1271 at
649 1233 705 1269 non
717 1217 769 1268 luit
783 1219 829 1268 ille
839 1233 873 1269 ex
889 1221 1078 1283 apostolorum
1095 1230 1226 1278 numero,
1245 1221 1298 1268 nisi
1314 1221 1391 1268 iuxta
1404 1221 1541 1282 quaedam
1556 1232 1644 1271 evan-

313 1306 381 1371 gelii
396 1309 549 1358 seeundum
564 1309 686 1359 Marcum
697 1309 869 1371 exemplaria
887 1323 913 1368 r;
929 1322 993 1357 nam
1009 1308 1092 1356 Marc.
1109 1308 1171 1365 sis
1187 1309 1286 1371 legitur
1301 1310 1329 1356 in
1351 1307 1490 1370 aliquibus
1505 1308 1647 1358 codicibus

314 1407 365 1458 pro
375 1395 526 1448 Thaddaeo
535 1397 680 1447 Lebbacus
696 1395 728 1461 (D
740 1410 757 1444 a
768 1397 783 1445 b
796 1393 829 1444 il⁵
843 1399 851 1445 i
867 1396 903 1459 ql.
922 1396 978 1446 Sed
992 1398 1029 1444 uti
1043 1394 1200 1446 Cotelerius
1214 1398 1285 1446 bene
1296 1399 1371 1445 notai
1385 1395 1427 1460 (ad
1442 1395 1541 1447 Const.
1554 1400 1643 1460 apost.

314 1483 368 1533 80.
395 1485 439 1552 ti)
460 1485 620 1549 :Origenes
644 1485 826 1546 explicandus
853 1485 962 1534 videtur
985 1497 1035 1547 por
1055 1487 1289 1535 concessionem:
1308 1485 1489 1535 deturLerin
1510 1485 1646 1535 asseclam

258 1595 261 1602 ·
315 1571 419 1625 Christi
433 1576 519 1625 aliurn
534 1585 597 1624 esse
616 1585 633 1622 a
650 1572 791 1624 Matthaeo
806 1577 910 1636 pariter
932 1574 1079 1636 publicano
1086 1587 1093 1633 ;
1109 1580 1137 1622 at
1153 1587 1255 1623 nomen
1272 1574 1356 1623 Levis
1376 1576 1403 1622 in
1418 1574 1555 1636 catalogis
1576 1585 1646 1637 apo-

313 1662 450 1713 stolorum
472 1677 528 1713 non
552 1664 644 1712 exstat
662 1663 716 1711 nisi
735 1664 860 1725 excipias
881 1662 1016 1724 quosdam
1040 1663 1123 1712 Marci
1138 1664 1328 1725 evangelistae
1342 1663 1462 1712 codices.
1481 1664 1547 1726 Agit
1570 1664 1645 1712 enirn

317 1749 454 1813 Origenes
465 1756 562 1801 contra
576 1749 650 1802 Celsi
664 1752 871 1800 accusationem
886 1750 1028 1801 Christum
1045 1753 1189 1813 apostolos
1202 1764 1236 1800 cx
1250 1751 1405 1814 publicanis
1416 1751 1562 1814 selegisse.

354 1915 432 1982 Levi
453 1916 581 2001 gaudio
601 1915 767 1982 exsultans
783 1920 856 1981 lesu
871 1916 1010 2004 eiusque
1026 1916 1199 2004 discipulis
1216 1920 1311 2004 parat
1327 1916 1539 1992 conviviunr;
1556 1920 1645 1982 lesus

313 2023 349 2088 in
362 2021 502 2087 domum
517 2023 588 2088 eius
601 2023 749 2103 divertit,
768 2030 805 2087 ut
821 2022 976 2087 ostendat
991 2029 1119 2111 quanta
1132 2022 1361 2087 familiaritate
1375 2045 1430 2087 eos
1443 2022 1645 2109 complecta-

315 2135 371 2194 tur
385 2128 445 2217 qui
464 2128 529 2194 sibi
544 2128 769 2218 obsequentes
784 2152 803 2194 a
821 2150 935 2193 rerum
952 2127 1191 2217 temporalium
1209 2150 1290 2194 cura
1307 2136 1373 2193 eta
1390 2127 1457 2194 vita
1475 2128 1645 2216 peccami-

313 2256 396 2301 nosa
409 2234 587 2316 recedant;
606 2258 635 2301 v.
657 2242 696 2302 15
714 2249 745 2300 et
756 2237 888 2324 soricem
904 2249 952 2300 est
969 2257 1044 2300 carru
1059 2233 1273 2302 occcrmbcrel
1286 2235 1323 2299 in
1338 2233 1436 2300 (tomo
1452 2233 1546 2300 illim
1561 2233 1589 2295 ἐν
1606 2240 1646 2321 τῇ

314 2341 519 2434 bistesiaci,
536 2340 683 2427 intelligi
705 2341 845 2406 domum
863 2342 1016 2406 llattlraei
1035 2343 1174 2429 planum
1196 2349 1329 2406 estium
1345 2364 1384 2406 ex
1404 2346 1510 2407 Lucae
1528 2362 1645 2407 narra-

315 2448 404 2514 tione
419 2454 511 2531 539,
524 2454 596 2513 tum
612 2449 691 2536 quia
705 2448 859 2536 sequitur
872 2455 916 2525 τῲ
932 2439 1044 2526 Ἰησοῦ,
1063 2469 1168 2536 quare
1185 2470 1363 2536 perperam
1377 2448 1648 2537 ilieperexplicat

319 2555 360 2621 de
375 2554 477 2621 domo
489 2559 578 2636 lesu,
601 2553 759 2620 Volturci·
770 2554 811 2619 de
828 2554 929 2619 durno
941 2556 1096 2620 Simonis
1114 2558 1234 2619 Verum
1250 2556 1297 2620 uti
1311 2558 1399 2621 lesus
1410 2556 1537 2621 vocatis
1550 2559 1646 2620 Petro

316 2667 350 2728 et
364 2660 499 2728 andrea
513 2661 680 2728 incorum
697 2661 838 2727 domum
853 2661 1006 2740 divertit,
1026 2663 1072 2727 ita
1088 2669 1203 2726 vocato
1220 2661 1384 2726 llattlraco
1398 2662 1432 2726 in
1449 2661 1551 2727 domo
1570 2664 1647 2727 llat-

316 2767 409 2835 thaei
420 2768 600 2835 accumbit.
615 2773 703 2834 lesus
712 2790 747 2834 se
757 2769 904 2834 amicum
919 2774 1135 2857 peecatorum
1148 2774 1181 2833 et
1192 2768 1359 2833 medicum
1371 2768 1533 2846 ostendit;
1547 2764 1650 2834 multi

319 2871 501 2964 publicani
512 2886 544 2941 et
553 2888 748 2964 peccatores
762 2874 867 2940 simiel
877 2873 1128 2940 discumbebant
1144 2897 1219 2939 carru
1236 2876 1308 2940 lesu
1324 2889 1356 2939 ct
1371 2874 1549 2962 discipulis
1561 2875 1645 2952 er'us,

316 2987 410 3047 tanta
427 2980 497 3047 scil.
522 2981 594 3048 eius
613 2981 724 3047 allecti
747 2981 957 3067 benignitate
976 2983 1033 3069 qui
1056 2981 1210 3047 ascribis
1224 2980 1396 3069 despectui
1420 2981 1538 3046 haberi
1559 2980 1646 3048 sole·

316 3086 416 3168 hant3
435 3091 524 3153 lesus
537 3094 650 3153 autem
666 3110 743 3153 eum
759 3110 865 3153 unurn
882 3110 999 3153 eorum
1012 3110 1153 3153 numero
1169 3087 1412 3175 discipulorum
1434 3109 1573 3153 sucrum
1588 3109 1646 3153 ac-

315 3196 495 3260 censuisset
513 3203 630 3282 aperte
649 3194 819 3283 protessus
841 3202 890 3260 est
909 3196 1078 3259 neminem
1097 3217 1116 3259 a
1137 3217 1171 3259 se
1197 3194 1380 3282 repudiari,
1405 3195 1509 3259 immo
1528 3216 1646 3261 curam

317 3301 527 3390 peculiarem
546 3300 699 3390 impendi
715 3302 815 3367 saluti
831 3323 947 3366 eorum
969 3302 1027 3389 qui
1044 3301 1163 3367 ceteris
1180 3301 1380 3389 profundius
1398 3300 1554 3366 miseriae
1569 3322 1648 3389 pec·

315 3413 467 3473 catorum
483 3407 715 3496 implicantur.
736 3407 769 3472 ld
786 3408 874 3495 quod
893 3430 1010 3472 eorum
1027 3408 1148 3472 animis
1163 3430 1201 3472 eo
1221 3408 1383 3473 maiorem
1400 3407 1551 3473 attulisse
1567 3428 1646 3472 cen-

315 3513 532 3580 sendumerit
541 3513 715 3593 fiduciam,
729 3514 950 3584 alacritatem.
960 3514 1231 3593 exsultationem,
1243 3513 1331 3601 quod
1343 3518 1430 3579 lesus
1440 3515 1507 3579 iam
1518 3513 1646 3602 ubique

315 3625 410 3712 tanta
427 3619 576 3687 innotuit
598 3622 797 3687 auctoritate
818 3627 851 3685 et
870 3622 1101 3687 aestimatione
1120 3627 1152 3684 at
1172 3619 1265 3708 quod
1285 3621 1356 3685 eius
1379 3619 1504 3706 agendi
1526 3620 1647 3686 modus

318 3726 514 3813 longissime
532 3726 714 3793 recedebat
734 3750 751 3792 a
773 3726 906 3792 fastidio
927 3734 959 3792 et
978 3727 1157 3815 supercilio
1176 3726 1376 3792 scribarum.

316 3911 343 3962 id
354 3912 475 3977 Ulpianus
487 3917 512 3963 et
528 3913 604 3964 Caius
614 3914 832 3962 affirmaverunt...
845 3914 926 3962 liuius
938 3913 1042 3975 quidem
1058 3913 1170 3961 muneris
1186 3910 1283 3961 iunctio
1294 3912 1361 3974 apud
1380 3915 1507 3962 Ronraucs
1520 3913 1647 3962 honestis-

315 3992 380 4043 sima
392 3996 458 4055 erat,
473 3997 501 4043 ut
515 4007 581 4059 quae
594 3994 693 4043 nonnisi
703 3995 830 4056 equestris
841 3993 938 4042 ordinis
954 3993 1081 4042 nobilibus
1095 3994 1212 4042 Romanis
1224 3993 1333 4041 conferri
1351 3992 1453 4051 soleret,
1467 3993 1537 4056 quod
1555 4007 1586 4042 ex
1606 3992 1647 4042 liis

316 4073 424 4138 accipies
438 4093 443 4122 :
460 4075 547 4124 scribit
560 4075 647 4125 Cicero
660 4073 692 4123 ad
704 4075 737 4121 ii.
753 4076 859 4122 Brutum
871 4074 902 4122 de
914 4074 1033 4122 Terentio
1049 4074 1171 4129 Varrone,
1193 4073 1261 4135 quod
1282 4087 1308 4121 se
1321 4074 1346 4121 iu
1361 4073 1554 4135 publicanorum
1566 4072 1645 4122 socle-

318 4157 396 4203 taiem
415 4155 567 4212 contulerit;
582 4154 661 4218 quod.
679 4155 772 4216 inquit,
794 4156 869 4202 burno
888 4159 1004 4202 versatus
1024 4155 1181 4216 inuitisque
1201 4152 1328 4202 subselliis
1345 4153 1505 4202 existimarit
1523 4154 1646 4204 bonorem

318 4234 526 4284 honestisslmum
541 4235 622 4298 (epist.
639 4233 716 4282 famil.
733 4234 775 4282 lili.
795 4236 840 4295 ti).
856 4234 923 4282 idem
939 4235 964 4282 in
976 4235 1092 4283 oratioue
1109 4247 1154 4296 pro
1175 4234 1284 4289 Plancio,
1306 4247 1365 4282 curn
1381 4235 1433 4296 agit
1449 4234 1481 4282 de
1496 4233 1646 4296 publicano-

318 4328 376 4362 rum
399 4315 488 4364 ordine
502 4315 564 4364 hacc
582 4316 618 4364 aii
640 4333 645 4363 :
666 4316 710 4377 qui
731 4315 795 4363 ordo
819 4320 916 4376 quanto
931 4315 1078 4362 ridiuureuto
1098 4313 1131 4363 sit
1153 4316 1177 4362 in
1193 4315 1288 4362 bonore
1304 4317 1363 4377 quis
1385 4315 1483 4363 nescit?
1501 4314 1559 4363 Flos
1577 4314 1645 4363 enim

316 4395 432 4458 equiturn
446 4397 630 4453 Romanorum,
646 4400 822 4443 ornamentum
839 4395 958 4449 civitatis,
977 4396 1162 4443 iirruanwnturn
1177 4395 1328 4457 reipublicae
1346 4393 1539 4456 publicanorum
1555 4394 1647 4443 ordine

317 4474 469 4523 continetur.
487 4478 582 4524 liursus
592 4477 667 4525 etiam
679 4475 744 4524 idern
758 4475 872 4523 scribens
884 4474 914 4522 ad
931 4477 959 4529 Q.
977 4474 1080 4524 tratrem
1095 4475 1126 4524 ‹lc
1140 4476 1259 4536 regimine
1275 4474 1446 4537 pruieiecturae
1458 4476 1559 4523 asianae
1574 4475 1646 4536 plura

319 4554 394 4605 hebet
408 4554 440 4604 de
453 4554 575 4617 dignitate
587 4556 779 4619 publicanorum
797 4562 821 4603 ct
836 4560 962 4618 quantum
979 4557 1076 4616 prosint
1095 4569 1210 4604 romanae
1232 4556 1383 4619 reipublicae
1402 4555 1519 4618 pluribus
1542 4555 1647 4604 disserit

318 4635 440 4699 additque
462 4649 554 4685 nomen
574 4638 767 4700 publicanorum
784 4651 831 4684 nnn
852 4640 951 4684 tuntum
966 4635 1063 4684 ludaeis
1081 4637 1122 4683 scil
1138 4640 1163 4684 et
1182 4638 1284 4684 Graecis
1305 4637 1382 4685 luisse
1399 4636 1599 4685 infensissimum
1618 4649 1648 4684 ac

318 4716 393 4780 plene
405 4715 565 4765 invidiosum¹
579 4745 608 4752 —
620 4719 787 4767 llritcbaniur
800 4719 824 4766 iri
842 4719 865 4765 iu
885 4718 1027 4780 puu‘incius
1041 4716 1071 4764 ml
1086 4716 1216 4776 vectigalia
1231 4718 1362 4775 erigenda,
1375 4718 1419 4781 qui
1435 4731 1466 4765 cx
1483 4715 1570 4765 iisdem
1588 4729 1644 4778 pro·

319 4796 411 4847 vinciis
425 4796 537 4845 homines
551 4810 616 4859 cruos
630 4798 711 4847 eidem
733 4798 830 4848 nrrrneri
848 4798 1019 4848 adscriberent
1034 4795 1080 4844 sibi
1095 4796 1249 4855 eligebant...
1266 4799 1296 4847 lli
1315 4797 1382 4860 apud
1399 4797 1505 4846 ludaeos
1516 4796 1645 4846 habeban-

320 4883 363 4927 tur
376 4877 485 4926 infames
499 4880 576 4941 atque
595 4892 643 4927 una
657 4894 713 4927 curn
732 4881 823 4928 celeris
844 4879 960 4942 turpibus
978 4878 1116 4939 {arsonisa
1131 4877 1319 4938 rinrgisiratibns
1336 4877 1443 4940 publicis
1457 4877 1635 4927 arcebantur»
