3960 5654
1018 562 1109 607 nanc.
1132 544 1162 616 3,
1187 546 1294 605 16·l·‘l.
1474 614 1480 627 ι
1782 544 1822 607 93

531 692 699 754 Contendit
722 693 817 753 Weiss
836 695 919 756 hanc
941 696 1081 756 nominis
1107 694 1348 773 impositionem
1368 693 1428 754 hoc
1448 695 1518 756 loco
1535 713 1553 754 a
1572 696 1672 755 Marco
1693 692 1821 754 relatam

490 806 554 850 non
568 807 660 870 posse
675 791 837 853 conciliari
853 809 927 853 curn
947 793 1032 855 loan.
1053 793 1134 863 ΜΞ.
1152 793 1267 871 Utique
1289 795 1367 851 sunt
1387 791 1441 868 qui
1456 792 1521 850 iam
1537 793 1639 868 primo
1653 792 1737 852 Petri
1749 809 1821 852 cum

489 887 560 950 lesu
580 904 717 948 occursu
738 890 767 949 ei
787 890 848 951 hoc
869 907 988 952 nomen
1010 889 1150 950 inditum
1169 907 1240 951 esse
1261 894 1428 961 censeant,
1450 889 1493 947 ita
1511 889 1543 949 S.
1561 892 1640 969 Auq.
1662 889 1819 969 (decons.

490 1003 599 1062 evang.
617 986 699 1056 2,st
715 987 767 1066 34)
785 986 870 1046 Beda
885 987 1016 1066 aliique.
1033 987 1094 1047 Sed
1110 986 1344 1048 advertendum
1357 992 1405 1047 est
1421 985 1451 1045 id
1467 1003 1505 1046 ex
1517 1003 1593 1046 voce
1607 988 1754 1047 voeabm's
1769 1004 1821 1047 ne·

489 1082 624 1143 cessario
640 1099 705 1144 non
720 1085 826 1162 sequi,
843 1101 916 1144 curn
935 1103 972 1146 ea
987 1102 1089 1161 aeque
1108 1086 1190 1145 hene
1210 1089 1339 1162 tempus
1359 1084 1501 1145 futurum
1517 1082 1708 1161 designetur,
1726 1084 1822 1145 nulla·

490 1186 582 1240 tenus
609 1181 700 1243 unice
726 1180 810 1260 quod
842 1181 940 1260 aliqui
964 1181 1073 1242 volunt
1102 1200 1109 1242 :
1135 1187 1167 1243 te
1195 1181 1351 1261 appellari
1375 1182 1471 1241 iubeo
1496 1182 1625 1241 Petrum
1653 1179 1708 1260 (du
1733 1182 1821 1242 solist

488 1279 521 1336 P.
538 1276 688 1357 heissen).
704 1279 801 1339 Porro
818 1278 915 1339 etiam
935 1278 996 1340 dici
1014 1284 1120 1357 potest
1139 1297 1178 1340 ex
1192 1279 1299 1339 verbis
1319 1279 1414 1340 llarci
1430 1278 1568 1340 nominis
1584 1278 1821 1357 impositionem

488 1371 598 1435 referri
613 1376 656 1437 ita
671 1382 705 1437 ut
714 1393 777 1454 quo
790 1380 934 1453 ternpore
950 1376 1031 1437 lacta
1040 1377 1083 1437 sit
1097 1381 1241 1438 accurate
1255 1379 1287 1437 et
1301 1376 1451 1455 explicite
1466 1393 1529 1436 non
1545 1379 1710 1436 statuatur.
1726 1376 1821 1437 Proin

488 1474 698 1552 utrocumque
712 1473 808 1533 modo
821 1474 1038 1551 explicaveris,
1054 1474 1218 1535 immerito
1230 1474 1385 1535 asseritur
1395 1473 1613 1534 contradictio.
1628 1474 1705 1533 llliis
1719 1473 1822 1552 placet

488 1586 607 1631 nornen
624 1589 642 1631 a
662 1571 732 1631 lesu
756 1588 819 1630 non
839 1588 909 1632 esse
927 1576 1084 1633 mutatum
1101 1571 1164 1632 nisi
1184 1572 1293 1632 llatth.
1321 1572 1423 1645 16,18.
1442 1571 1492 1631 llli
1512 1577 1657 1632 statuunt
1673 1571 1718 1650 (id
1737 1571 1821 1650 quod

487 1666 612 1728 admitti
627 1667 744 1747 potest)
765 1669 884 1729 narrari
901 1673 1087 1750 προληπτικιιις
1106 1668 1208 1748 (Patr.
1232 1667 1309 1749 Fit.)
1326 1671 1393 1739 vel,
1412 1675 1447 1731 ut
1472 1667 1545 1730 Viet.
1563 1670 1622 1740 ait,
1639 1673 1817 1749 προρητικῶς,

486 1760 529 1822 ἵνα
542 1764 665 1845 προλάὸῃ
680 1765 710 1824 τὸ
724 1767 799 1845 ἔργον
816 1771 832 1838 ἠ
845 1768 938 1838 κλῆσις
955 1768 1134 1847 προφητικῶς·
1152 1769 1256 1847 Πέτρος
1273 1765 1326 1848 γὰρ
1341 1766 1420 1825 αὐτὸν
1433 1766 1577 1838 κέκληκεν,
1589 1766 1680 1837 tareth
1695 1768 1721 1824 tv
1737 1767 1820 1850 nitpq

486 1861 600 1934 ἤμελλεν
622 1864 786 1940 stratigon
803 1865 920 1942 quibus
942 1865 1048 1926 verbis
1070 1869 1178 1926 tamen
1196 1883 1262 1926 non
1283 1865 1429 1944 sequitur
1447 1865 1645 1926 existimasse
1669 1865 1743 1926 Viet.
1762 1884 1820 1927 no·

487 1977 561 2020 men
581 1978 645 2020 non
662 1978 730 2021 esse
752 1967 910 2023 mutatum
927 1962 988 2022 nisi
1008 1963 1120 2023 Matth.
1143 1964 1324 2037 16,18,sed
1345 1963 1449 2025 solum
1468 1979 1587 2023 nomen
1606 1963 1713 2041 ipsum
1732 1963 1818 2041 quod

488 2058 573 2117 lesus
588 2057 779 2136 imposuerit
793 2059 891 2121 luisse
906 2078 962 2121 sua
976 2058 1207 2139 significatione
1223 2061 1448 2139 propheticum
1460 2077 1589 2122 nomen.

532 2266 568 2327 ln
579 2261 657 2328 albo
667 2262 898 2352 apostolorum
912 2264 1026 2331 llatth.
1044 2271 1121 2345 102
1133 2270 1166 2331 et
1176 2269 1255 2332 Luc.
1269 2270 1350 2349 6,tt
1366 2269 1441 2353 post
1455 2270 1592 2332 Petrum
1602 2270 1819 2332 enumeratur

486 2369 558 2435 eius
572 2368 678 2436 irater
689 2369 841 2436 Andreas
854 2371 913 2460 qui
928 2375 1024 2437 Petro
1039 2371 1134 2460 prius
1143 2370 1188 2439 ad
1197 2375 1307 2438 lesum
1323 2377 1508 2439 accesserat
1518 2378 1552 2438 et
1566 2372 1707 2439 fratrem
1721 2393 1817 2439 suum

487 2475 532 2542 ad
545 2478 653 2542 lesum
669 2475 860 2544 adduxerat
874 2477 980 2566 (loan.
1004 2476 1173 2567 ipo-ta),
1195 2483 1324 2546 llarcus
1341 2478 1512 2545 mentione
1529 2478 1618 2545 facta
1635 2479 1818 2569 impositio-

488 2582 538 2648 nis
556 2582 707 2649 nominis
719 2584 832 2650 statim
847 2606 905 2651 eos
919 2583 1098 2672 subiungit
1115 2584 1242 2674 quihus
1256 2585 1386 2674 pariter
1402 2584 1546 2651 alterum
1567 2606 1692 2651 nomen
1708 2608 1730 2651 a
1745 2591 1817 2652 lesu

486 2688 739 2777 imponebatur,
754 2691 814 2780 qui
830 2689 916 2756 ordo
929 2712 1064 2781 quoque
1078 2696 1150 2758 Act.
1171 2697 1249 2773 1,13
1266 2691 1434 2768 cernitur;
1450 2685 1502 2752 καὶ
1522 2685 1658 2761 ἐποίησεν
1677 2706 1709 2758 et
1724 2693 1817 2780 (con-

486 2795 607 2885 stituit)
632 2795 792 2863 Iacobum
816 2796 980 2864 Zebedaei
1000 2809 1033 2863 et
1054 2800 1219 2864 Ioannem
1240 2798 1389 2887 fratrem
1410 2797 1543 2881 Iccobi;
1568 2798 1645 2865 vide
1671 2805 1760 2881 1‚19,
1786 2814 1817 2865 et

486 2902 646 2993 imposuit
664 2903 710 2969 eis
731 2903 871 2970 raomina
896 2907 1083 2994 Boanerqes
1104 2903 1200 2994 quod
1215 2915 1263 2970 est
1279 2903 1352 2993 filii
1374 2904 1537 2989 tonitrui,·
1559 2927 1621 2971 cur
1642 2907 1689 2971 ita
1710 2908 1815 2972 vocati

485 3009 568 3093 sint,
590 3008 659 3076 duo
678 3011 786 3077 solent
805 3010 938 3092 afferri,
960 3011 1016 3077 vel
1038 3010 1170 3077 indoles
1195 3011 1417 3092 ferventior¹,
1443 3033 1531 3101 quae
1549 3011 1816 3102 deprehenditur

485 3121 564 3198 9,38
577 3123 610 3183 et
625 3118 729 3184 etiam
746 3123 857 3199 10,35.
872 3124 949 3185 Luc.
968 3124 1047 3199 9,5t
1063 3124 1097 3184 et
1111 3139 1199 3207 quae
1212 3119 1250 3185 in
1262 3117 1413 3209 epistolis
1425 3140 1562 3208 quoque
1577 3119 1710 3185 loannis
1724 3118 1813 3185 haud

486 3224 629 3290 obscure
647 3245 682 3290 se
703 3223 821 3312 prodit
843 3231 858 3290 1
882 3229 974 3291 loan.
997 3230 1097 3308 2223
1119 3230 1176 3307 3,8
1196 3231 1231 3291 et
1250 3231 1271 3291 2
1291 3229 1386 3291 loan.
1407 3232 1482 3291 7-11
1504 3233 1538 3292 et
1558 3225 1595 3291 in
1615 3225 1717 3292 variis
1737 3226 1816 3293 locis

484 3335 602 3419 Apoc,
617 3330 670 3396 vel
685 3331 881 3419 eloquentia
895 3337 1017 3397 tonans
1027 3336 1061 3397 et
1069 3330 1281 3421 praedicatio
1295 3331 1545 3400 ardentissima.
1561 3333 1657 3398 Prius
1671 3355 1815 3420 sequun-

486 3442 541 3503 tur
558 3439 668 3505 Calm.
693 3440 785 3503 Patr.
804 3438 897 3527 Br'sp.
913 3437 1006 3517 Keil,
1035 3437 1157 3523 Weiss,
1175 3438 1323 3505 alterum
1348 3438 1508 3527 Tleeoph„
1528 3439 1576 3506 ita
1589 3461 1645 3505 eos
1663 3449 1760 3506 vocat
1778 3440 1816 3512 ὡς

484 3545 732 3634 μεγαλοκήρυκας
749 3539 801 3606 καὶ
818 3541 1115 3632 θεολογικωτιὶτους,
1137 3545 1243 3612 ΕιιίΙι.
1271 3550 1484 3633 :tamquam
1513 3547 1701 3612 tonitruum
1726 3546 1815 3613 enim

485 3650 528 3718 de
546 3652 641 3719 coelo
656 3651 814 3718 auditum
832 3651 869 3717 hi
892 3651 1009 3718 divina
1026 3651 1196 3719 tonabant
1217 3651 1397 3740 dogmata,
1418 3651 1558 3718 lacobus
1579 3651 1717 3741 quidem
1740 3654 1813 3720 sine

484 3760 671 3848 scriptura,
696 3763 835 3825 loannes
850 3780 930 3824 vero
944 3758 1138 3841 scribendo,
1161 3764 1195 3827 et
1213 3758 1373 3825 similiter
1389 3760 1427 3826 S.
1450 3759 1630 3848 Gregorius
1651 3782 1725 3827 naz.
1745 3762 1814 3827 exi-

485 3866 649 3945 stimavit3
664 3865 782 3932 scribit
796 3866 885 3931 enim
898 3886 906 3932 :
920 3887 996 3931 curn
1012 3869 1137 3932 loanne
1152 3865 1294 3932 tonitrui
1309 3865 1381 3931 lilio
1392 3867 1509 3933 intona
1524 3857 1713 3955 (βρόντησον)
1730 3867 1815 3933 nihil

484 3971 527 4038 de
547 3977 612 4039 lieo
633 3973 805 4039 abiectum
818 3979 852 4039 et
868 3978 1041 4039 terrenum
1061 3973 1239 4053 insonans,
1265 3971 1324 4039 sed
1346 3972 1514 4039 excelsum
1537 3979 1570 4040 et
1584 3972 1729 4039 sublime
1748 3975 1813 4063 (or.

485 4086 605 4162 at,13;
628 4083 676 4147 M.
703 4081 841 4168 36,·253)
857 4086 891 4148 et
911 4079 1135 4146 Theodoretus
1154 4079 1283 4170 pariter
1304 4101 1432 4146 nomen
1452 4079 1598 4146 inditum
1617 4102 1687 4147 esse
1706 4080 1752 4146 ait
1772 4081 1815 4146 oh

486 4185 722 4253 admirandam
738 4186 958 4276 divinamque
973 4185 1168 4273 theologiae
1187 4206 1306 4252 vocem
1327 4184 1378 4274 (in
1394 4189 1445 4251 Ps.
1467 4191 1563 4269 aa,3;
1584 4188 1623 4253 Μ
1625 4241 1631 4254 .
1649 4193 1811 4267 80,1065;

485 4292 569 4361 alios
584 4297 720 4360 Patrum
734 4294 824 4360 locos
843 4292 921 4360 vide
934 4293 1027 4383 apud
1042 4294 1222 4361 Suicerum
1239 4297 1301 4383 lp.
1320 4299 1383 4360 711
1404 4293 1490 4383 seq.)
1504 4298 1536 4360 et
1552 4293 1707 4360 similiter
1727 4296 1812 4361 Vict.

486 4400 567 4467 Bed.
580 4399 656 4467 Ati.
671 4403 762 4468 lans.
775 4399 883 4468 Mald.
897 4403 998 4490 ch.,
1011 4407 1048 4467 ut
1059 4401 1151 4467 vocis
1164 4400 1315 4468 efficacia
1328 4407 1438 4467 essent
1454 4400 1551 4490 quasi
1564 4402 1713 4467 tonitrua
1727 4423 1814 4490 quae

486 4508 642 4574 homines
663 4507 764 4574 etiarn
789 4507 945 4575 infideles
968 4514 1001 4575 et
1022 4506 1188 4574 barbaros
1211 4513 1431 4575 concuterent
1450 4513 1484 4574 et
1506 4506 1550 4573 ad
1571 4509 1814 4596 poenitentiam

486 4615 715 4683 traducerent.
740 4614 805 4682 Alii
824 4622 1009 4705 utrumque
1029 4614 1259 4703 coniungunt;
1284 4637 1396 4706 neque
1419 4615 1605 4694 immerito;
1632 4637 1713 4682 nam
1738 4637 1814 4682 cum

486 4722 602 4790 indole
617 4722 821 4790 ferventiore
838 4723 938 4789 facile
955 4721 1119 4809 coniungi
1134 4728 1244 4813 potest
1261 4723 1408 4813 impetus
1425 4721 1568 4812 quidam
1582 4745 1622 4790 ac
1638 4723 1752 4790 servor
1765 4723 1817 4790 di·

519 4918 540 4962 1.
557 4910 637 4964 cuius
650 4909 772 4961 indicium
783 4909 860 4959 etiam
878 4907 1034 4975 deprehendi
1051 4912 1135 4975 potest
1149 4909 1175 4959 in
1190 4908 1305 4973 eoquod
1319 4909 1475 4975 Epiphanius
1496 4914 1581 4960 narrat
1596 4909 1710 4963 uoluisse
1722 4925 1779 4963 eum
1792 4909 1817 4959 in

486 4992 575 5045 eodem
591 5006 649 5043 cum
661 4992 759 5044 Ebione
776 4989 867 5043 balneo
881 4989 968 5042 lavare
979 4991 1058 5054 (haer.
1075 4995 1160 5053 tunt,
1179 4993 1217 5042 u.
1232 4992 1340 5056 lists).
