3960 5654
339 541 398 601 132
871 554 961 600 nanc.
985 539 1014 602 t,
1037 535 1144 594 35-36.

338 698 534 766 narrantur,
555 692 674 750 utnon
691 688 777 754 serie
797 690 958 754 continua
977 685 1029 749 vel
1051 706 1118 751 uno
1141 687 1196 753 die
1216 686 1302 751 lacta
1322 707 1392 751 esse
1405 681 1581 776 probabile
1605 685 1664 765 sit;

337 799 381 866 cl.
398 804 489 879 t‚1o.
501 800 556 858 21.
569 797 626 858 nt.
642 797 697 859 26.
710 800 751 861 30
764 796 849 861 varii
860 793 950 859 enim
960 792 1093 858 Domini
1104 812 1275 860 sermones
1289 788 1547 879 distinguuntur·
1556 811 1667 879 neque

339 926 407 971 uno
421 904 494 966 loco
513 897 622 964 habiti
639 922 749 988 neque
765 900 809 967 ad
824 897 971 964 eosdem.
994 899 1141 967 Proinde
1162 897 1222 964 itta
1239 895 1310 962 <ties
1324 899 1507 984 pertinebit
1524 895 1568 963 ad
1589 896 1667 961 ulti-

339 1028 430 1076 mam
455 1005 655 1094 parabolam
682 1008 724 1072 de
750 1026 859 1091 grano
883 1004 1025 1093 sinapis,
1051 1006 1099 1072 ita
1126 1012 1163 1071 ut
1184 1003 1411 1070 transfretatio
1433 1006 1467 1071 in
1492 1004 1668 1090 regionem

335 1118 578 1181 Gerasenorum
591 1133 731 1202 vespera
739 1113 827 1176 facta
839 1110 882 1174 sit
891 1112 962 1177 eius
975 1111 1042 1178 diei
1055 1135 1122 1200 quo
1133 1111 1225 1175 illam
1238 1116 1436 1176 narraverat
1449 1109 1663 1200 parabolam.

335 1223 419 1286 Nam
430 1217 534 1285 dictio
549 1219 632 1286 haec
648 1240 716 1283 non
733 1216 855 1303 poterit
870 1218 1031 1306 explicari
1042 1215 1191 1305 quodam
1205 1216 1277 1300 die,
1295 1216 1347 1282 vel
1362 1215 1422 1281 illo
1435 1222 1587 1307 tempore
1601 1216 1667 1305 (uti

341 1324 460 1391 volunt
479 1325 582 1392 Eutb.
605 1327 696 1390 loris,
721 1325 842 1410 Lomy,
866 1325 1017 1413 Sclqu,
1042 1323 1167 1410 Pata),
1188 1345 1305 1390 verum
1328 1327 1456 1389 certum
1478 1323 1571 1389 diem
1584 1323 1669 1389 desi-

338 1437 424 1517 gnat
451 1438 484 1498 et
506 1454 593 1498 nexu
621 1437 716 1495 arcto
749 1429 1001 1516 navigationem
1030 1428 1073 1494 ad
1101 1430 1336 1496 antecedentia
1359 1428 1518 1514 adiungit
1545 1427 1665 1517 (Matri.

335 1539 488 1618 setam,
511 1537 573 1604 Ft‘l.
598 1535 697 1619 Keil).
716 1535 748 1600 Si
764 1536 857 1601 enim
873 1541 999 1602 Marcus
1014 1542 1149 1624 tempus
1170 1537 1280 1622 magis
1295 1535 1596 1602 indeterminatum
1614 1556 1669 1600 re-

338 1645 494 1734 linquere
518 1644 607 1723 vult,
624 1641 709 1707 dicit
733 1643 769 1707 io
792 1640 910 1708 diebus
928 1641 1018 1725 ittis;
1042 1641 1120 1708 vide
1135 1648 1211 1724 8,1;
1232 1648 1342 1722 13‚1·t.
1367 1649 1427 1721 2t3
1449 1643 1535 1709 haec
1555 1647 1670 1709 autem

339 1751 578 1818 determinatio
604 1748 640 1813 io
663 1748 725 1812 illo
741 1749 811 1828 die,
830 1770 908 1813 cum
932 1770 1004 1813 sevo
1020 1763 1103 1815 esset
1121 1749 1257 1837 [aetram
1277 1749 1343 1814 hoc
1363 1749 1469 1815 solum
1487 1749 1561 1815 loco
1578 1746 1671 1838 apud

339 1879 417 1924 eum
431 1857 617 1945 reperitur;
635 1862 759 1920 etcum
774 1876 841 1920 non
861 1855 904 1920 sit
919 1853 1036 1921 eadem
1052 1876 1130 1921 cum
1151 1855 1258 1921 altera
1270 1847 1380 1940 magis
1391 1856 1561 1940 generali,
1578 1855 1672 1921 arbi-

342 1966 484 2029 trarium
499 1969 550 2028 est
568 1983 644 2028 eam
665 1960 786 2027 eodem
806 1982 884 2025 cum
903 1960 1009 2028 altera
1025 1982 1126 2027 sensu
1146 1961 1326 2049 explicare.
1348 1964 1462 2050 Neque
1484 1983 1604 2028 verum
1623 1967 1674 2026 est

339 2068 433 2159 apud
449 2069 564 2135 Mntth.
583 2067 743 2134 adhiberi
759 2067 795 2131 in
813 2066 874 2131 illo
887 2066 944 2132 die
963 2090 1026 2156 pro
1049 2070 1083 2134 in
1105 2067 1162 2133 illo
1182 2075 1347 2156 tempore.
1368 2070 1451 2133 Nam
1464 2074 1543 2150 ’1,22
1561 2088 1672 2134 sermo

339 2175 382 2241 de
397 2175 453 2241 die
468 2174 588 2241 iudicii
604 2172 804 2253 instituitur,
822 2177 856 2237 ct
876 2180 950 2254 13‚1
971 2173 1030 2239 illo
1048 2173 1102 2239 die
1120 2195 1188 2263 quo
1209 2179 1422 2239 accesserunt
1436 2174 1558 2240 fratres
1574 2174 1672 2240 Chri-

341 2287 430 2348 stum
444 2281 598 2347 docuisse
609 2278 777 2368 populum
788 2280 823 2344 in
838 2277 1009 2368 parabolis
1022 2280 1124 2346 etiam
1134 2285 1240 2346 Lucas
1255 2286 1396 2345 testatur
1408 2285 1499 2363 8,19,
1513 2286 1546 2346 et
1558 2280 1671 2346 Matth.

341 2394 443 2471 2233
458 2387 564 2453 dictio
578 2387 721 2476 proprio
741 2407 841 2451 sensu
858 2385 997 2452 retineri
1017 2386 1135 2467 debet;
1152 2385 1243 2452 idem
1259 2387 1347 2453 valet
1361 2386 1403 2453 de
1419 2393 1496 2453 Luc.
1522 2392 1622 2467 10,12
1642 2392 1675 2452 et

345 2501 457 2577 1'1,31.

388 2604 532 2689 Vespera
545 2601 659 2688 itaque
670 2598 762 2665 illius
772 2599 841 2666 diei
852 2598 1032 2666 dicitlesus
1044 2599 1220 2688 discipulis
1237 2625 1243 2666 :
1261 2607 1470 2666 transeamus
1481 2613 1618 2681 contro,
1636 2596 1677 2672 εἰς

342 2706 378 2768 τὸ
397 2708 488 2794 πέραν
508 2708 718 2772 traiiciamus
741 2706 775 2771 in
801 2706 998 2772 ulteriorem
1022 2706 1149 2794 ripam,
1173 2709 1207 2772 in
1228 2708 1307 2773 litus
1327 2707 1489 2774 orientale
1507 2707 1617 2789 lacus,
1638 2708 1674 2772 in

343 2819 521 2893 Peraeam
535 2837 567 2878 v.
588 2818 630 2878 36
641 2825 674 2877 et
688 2811 895 2878 dimittentes
912 2811 1064 2890 turbam,
1079 2814 1311 2902 relinquentes
1322 2812 1486 2902 populum
1505 2812 1622 2899 (Mutat.
1645 2819 1678 2878 et
1754 2837 1762 2849 ‚

344 2920 509 3010 plerique)
529 2931 708 2984 osszontmt
720 2941 798 2985 eum
812 2919 860 2984 itu
876 2933 914 2983 ut
928 2932 1000 2984 erut
1014 2919 1050 2984 in
1064 2919 1147 2985 novi
1160 2922 1183 2988 i.
1200 2943 1229 2987 e.
1246 2920 1327 2987 iussi
1345 2921 1562 2987 transfretare
1579 2920 1676 2987 Chri-

344 3032 432 3091 stum
450 3028 485 3090 in
504 3025 610 3090 altum
635 3045 729 3090 mare
752 3031 944 3103 assumunt,
969 3026 1017 3090 uti
1039 3033 1113 3091 erat
1134 3028 1255 3093 sedens
1270 3028 1305 3092 in
1326 3026 1422 3108 navi3
1440 3048 1507 3115 qua
1527 3026 1676 3093 dictione

343 3140 539 3222 promptam
551 3153 590 3196 ac
603 3131 748 3197 celerem
760 3132 1008 3196 exsecutionem
1021 3131 1268 3220 discipulorum
1280 3133 1452 3218 significat
1466 3132 1678 3219 evangelista

346 3238 451 3327 (lans.
472 3237 637 3322 Sclronz);
659 3235 750 3325 quod
766 3236 825 3301 alii
843 3235 1013 3324 explicant
1032 3260 1039 3303 :
1063 3237 1135 3303 sinc
1154 3239 1221 3304 ullo
1239 3237 1282 3304 ad
1302 3239 1366 3303 iter
1383 3246 1549 3327 apparatu
1566 3239 1678 3327 (Wei-

344 3345 445 3424 ster‘n,
469 3344 714 3422 Roscnmttller·,
738 3344 866 3430 Meyer,
896 3341 1063 3422 Vollmer,
1089 3345 1214 3411 Eiould
1234 3344 1312 3430 etc.)
1334 3352 1499 3433 quatenus
1521 3350 1679 3435 prompta

347 3452 513 3540 protectio
533 3451 749 3539 exprimitur,
772 3471 871 3514 sensu
892 3470 959 3515 non
977 3449 1123 3516 multum
1144 3450 1267 3517 dillert.
1292 3456 1410 3518 Censet
1431 3459 1545 3518 autem
1568 3452 1675 3519 Mald.

346 3557 534 3644 significari
556 3578 624 3622 non
648 3556 749 3621 luisse
775 3556 1019 3638 necessarium,
1045 3565 1082 3622 ut
1107 3557 1205 3623 illum
1234 3564 1356 3625 nautae
1379 3559 1433 3623 vel
1459 3558 1618 3649 discipuli
1643 3561 1679 3625 in

346 3667 461 3732 navim
483 3663 686 3730 inducerent
705 3661 748 3728 ad
766 3662 1022 3741 traiiciendum‚
1045 3664 1126 3753 quia
1148 3665 1217 3730 iam
1237 3666 1272 3730 in
1292 3666 1369 3731 navi
1391 3670 1487 3731 esset.
1503 3666 1616 3732 Modus
1630 3667 1681 3732 lo·

348 3770 475 3861 quendi
496 3768 540 3834 ad
557 3773 693 3835 Petrum
714 3769 786 3833 eius
801 3769 851 3834 rei
867 3774 984 3834 testem
1001 3769 1121 3835 referri
1138 3769 1287 3849 videtur3
1305 3792 1384 3836 nam
1406 3772 1433 3836 si
1450 3773 1525 3860 quis
1544 3774 1680 3861 prolec-

350 3879 477 3944 tioncm
499 3877 570 3941 sine
587 3876 657 3941 ulla
674 3897 768 3940 mora
788 3875 912 3940 laetam
930 3874 1121 3941 describere
1138 3877 1226 3956 vult,
1248 3877 1332 3944 solet
1350 3877 1482 3945 dicere:
1501 3900 1578 3944 eum
1594 3880 1681 3945 sicut

349 3991 422 4051 erat
437 3981 659 4059 abduximus;
675 3994 707 4046 et
722 3982 812 4047 oliuo
825 4002 927 4047 netues
941 3993 1039 4047 erunt
1059 4004 1136 4047 cum
1161 3984 1238 4064 illo,
1258 3975 1327 4070 μετ’
1349 3984 1457 4061 αὐτοῦ,
1477 3991 1530 4046 τοῦ
1549 3980 1676 4063 πλοίου,

349 4081 509 4166 δηλονότι,
526 4091 574 4155 ait
590 4091 619 4153 Ε
623 4086 691 4152 utlt.
697 4108 711 4169 ‚·
725 4087 882 4176 plerique
897 4092 1009 4153 tamon
1025 4110 1126 4155 naves
1146 4091 1285 4157 comites
1302 4096 1372 4157 lesu
1386 4092 1594 4179 intelligunt.
1610 4096 1680 4159 Non

349 4204 457 4289 potest
469 4197 538 4262 dici
554 4195 770 4261 voluerintne
787 4195 883 4259 multi
898 4216 937 4259 ex
951 4195 1050 4283 plebe
1067 4199 1175 4262 lesum
1189 4199 1360 4277 comitari,
1383 4205 1420 4264 ut
1434 4221 1512 4265 eum
1534 4201 1681 4266 bonora-

351 4311 427 4370 rent
437 4311 471 4369 et
486 4324 586 4368 suum
598 4307 804 4367 testarentur
819 4300 993 4380 allectum,
1010 4325 1052 4368 an
1070 4303 1225 4369 homines
1240 4326 1278 4369 ex
1294 4306 1433 4391 regione
1444 4305 1605 4374 ulteriore
1623 4308 1681 4396 qui

352 4411 521 4476 Christum
535 4409 712 4474 docentem
724 4406 1007 4473 audierintsimul
1022 4431 1099 4475 cum
1114 4410 1187 4498 ipso
1197 4410 1356 4478 redierint
1368 4413 1403 4478 in
1413 4435 1509 4480 suam
1521 4416 1679 4503 patriam.

353 4521 478 4582 llorum
495 4516 659 4580 comitum
675 4515 766 4580 solus
782 4518 909 4579 llarcus
932 4517 1139 4582 mentionem
1162 4517 1243 4583 lacit
1261 4519 1471 4608 explicitam3
1490 4543 1547 4586 eos
1567 4528 1682 4587 tamen

355 4625 496 4688 innuere
513 4643 650 4709 quoque
672 4620 807 4686 videtur
822 4622 935 4687 Matth.
958 4626 1049 4704 827.

401 4734 487 4794 lesus
505 4734 620 4793 autem
636 4749 712 4793 eam
728 4728 962 4793 traiectionem
981 4729 1141 4818 imperat,
1164 4738 1200 4796 ut
1215 4754 1255 4797 ea
1269 4734 1445 4800 occasione
1462 4734 1562 4801 fidem
1580 4736 1682 4802 disci-

356 4835 516 4926 pulorum
528 4833 719 4899 exstimulet
730 4842 763 4899 et
776 4836 907 4921 regioni
920 4858 1057 4924 quoque
1069 4834 1326 4927 decapolitanae
1336 4863 1423 4930 quae
1434 4862 1595 4928 magnam
1606 4865 1684 4932 par-

355 4951 422 5009 tem
443 4964 462 5007 a
480 4939 665 5027 gentilibus
684 4941 901 5009 incolebatur
920 4965 1016 5009 suam
1036 4943 1155 5010 offerat
1169 4947 1327 5031 gratiam.
1347 4948 1502 5015 Probatio
1520 4956 1633 5016 autem
1652 4958 1684 5016 et
