3960 5654
320 493 361 555 82
849 506 945 559 ,nanc
967 492 997 561 Ξ,
1022 490 1120 552 teau.

319 626 369 693 rei
384 647 466 693 cura
480 622 639 689 movisset
652 621 781 690 hancei
797 623 1029 713 quaestionem
1045 624 1266 695 intulerint».
1282 630 1357 695 Pari
1374 624 1474 694 modo
1489 623 1648 712 explanat

322 731 469 822 Theoptr.
489 725 707 818 προσέρχονταί
725 753 823 812 τινες,
845 736 878 798 et
895 731 1098 797 recentiores
1112 756 1248 826 quoque
1268 740 1420 802 statuunt
1436 725 1488 793 ast
1505 725 1648 816 ἔρχονται

319 852 353 906 et
371 836 514 904 ueniunt
541 834 585 901 ab
611 837 892 905 antecedentibus
916 857 986 902 esse
1009 841 1238 925 separandum
1264 847 1298 905 et
1319 836 1557 930 explicandum
1581 837 1647 902 im-

318 941 554 1035 personaliter,
584 942 632 1010 uti
658 945 874 1031 grammatici
902 942 1088 1031 loquuntur
1107 948 1163 1036 (ou
1189 947 1297 1024 vient,
1324 969 1403 1013 man
1429 947 1577 1023 kommt3
1602 943 1645 1007 ct.

318 1050 470 1129 Schunz,
496 1049 600 1117 Weiss
616 1051 705 1140 etc).
718 1051 951 1118 Narrationem
967 1071 1045 1116 cum
1063 1074 1103 1118 ea
1117 1053 1208 1143 apud
1220 1052 1423 1119 hetthaeum
1436 1055 1483 1119 ita
1490 1049 1648 1117 conciliat

317 1158 355 1224 S.
377 1157 466 1245 Auq.
489 1156 630 1225 utdicat
647 1157 738 1247 ipsos
753 1178 890 1246 quoque
910 1157 1057 1224 adfuisse
1074 1157 1260 1250 discipulos
1279 1179 1463 1246 omnesque
1492 1157 1646 1224 certatim

317 1261 539 1351 quaesivisse,
565 1293 580 1326 a
602 1283 748 1353 quorum
764 1265 931 1331 sententia
946 1263 1077 1329 diverso
1092 1264 1256 1355 loquendi
1278 1264 1397 1343 modo,
1419 1264 1478 1329 sed
1499 1272 1647 1329 tamena

316 1369 458 1436 veritate
473 1392 542 1437 non
562 1369 692 1450 alieno,
714 1391 735 1435 a
755 1369 863 1436 tribus
888 1371 1103 1456 evangelistis
1130 1373 1302 1439 insinuata
1327 1377 1376 1436 est
1399 1398 1415 1429 »
1441 1378 1475 1434 et
1493 1371 1648 1435 similiter

316 1475 933 1571 Bedaapluribushancquaestionem
945 1478 1084 1543 Domino
1098 1500 1166 1546 csse
1180 1478 1386 1569 propositam
1398 1475 1541 1561 colligit.
1556 1479 1647 1541 Cete-

316 1583 1648 1675 rumnotaaS.ltatthaeoproptert,ldeamdisceptationemalioquoquatem-

314 1712 397 1779 pore
418 1690 531 1757 locum
546 1687 706 1755 habuisse
720 1686 866 1755 indicari
886 1689 978 1779 quod
999 1713 1019 1757 a
1036 1697 1188 1779 tempore
1216 1692 1309 1782 apud
1328 1697 1449 1757 Lucam
1475 1690 1646 1775 assignato

315 1795 489 1863 diversum
503 1799 568 1878 est;
587 1793 664 1860 vide
678 1816 768 1883 quae
786 1794 830 1860 ad
845 1797 959 1863 llatth.
977 1796 1135 1864 adnotavi
1154 1800 1358 1886 (Comment.
1379 1801 1401 1860 l.
1416 1819 1448 1884 p.
1472 1795 1644 1881 355356).

359 1902 509 1968 Christus
527 1901 576 1967 ita
594 1899 776 1990 respondet
794 1908 833 1967 ut
852 1903 1044 1970 testimonio
1070 1905 1203 1970 loannis
1218 1904 1260 1970 de
1277 1926 1312 1969 se
1327 1901 1418 1969 edito
1436 1908 1533 1967 utens
1551 1923 1647 1968 suam

314 2029 370 2077 eos
388 2009 527 2074 edoceat
545 2005 588 2095 (si
606 2028 728 2096 capere
744 2007 862 2096 velint)
879 2008 1081 2095 dignitatem
1100 2016 1132 2076 et
1147 2010 1302 2076 adhibita
1320 2007 1542 2075 similitudine
1559 2007 1650 2074 dicat

313 2105 353 2181 in'
365 2113 431 2181 hoc
449 2112 543 2203 quod
569 2134 639 2180 una
658 2135 736 2180 cum
755 2114 829 2203 ipso
846 2114 913 2180 sint
927 2137 1064 2182 causam
1082 2115 1197 2183 adesse
1218 2118 1376 2182 eximiam
1397 2138 1456 2181 cur
1475 2114 1648 2201 gaudeant

314 2225 348 2289 et
366 2221 552 2322 laetantum
586 2224 740 2311 tempore
761 2227 876 2287 autem
901 2223 1050 2290 laetitiae
1078 2246 1147 2290 non
1173 2246 1267 2314 posse
1294 2245 1363 2289 esse
1393 2223 1508 2289 ieiunii
1535 2223 1647 2288 locum

313 2326 441 2418 quippe
456 2325 549 2417 quod
561 2325 606 2394 ad
618 2327 751 2395 luctum
769 2329 990 2418 suscipiatur;
1011 2354 1042 2398 v.
1069 2337 1108 2397 19
1132 2343 1165 2397 et
1181 2331 1230 2396 uit
1250 2331 1319 2396 illis
1334 2333 1424 2396 lesus
1444 2352 1455 2394 .·
1480 2326 1651 2417 reumquid

311 2444 455 2526 possunt
475 2433 547 2523 filii
564 2435 771 2526 nuptiarum
800 2441 954 2523 νυμφῶνος
984 2436 1044 2502 tilii
1064 2438 1223 2520 thalami,
1247 2437 1494 2527 paranymphi,
1518 2435 1648 2502 sodales

272 2588 280 2594 -
313 2541 428 2631 sponsi
450 2541 509 2630 qui
533 2542 565 2608 ei
582 2541 727 2608 aderant
744 2542 925 2633 ipsumque
940 2544 1112 2632 stipabant
1129 2566 1204 2610 cum
1227 2545 1365 2632 nuptiae
1386 2543 1647 2630 fiebanttl'utr.)

314 2673 395 2727 ,amn
418 2670 602 2725 meorum
626 2648 833 2717 hilaritatem
861 2654 1013 2741 tempore
1040 2650 1236 2741 nuptiarum
1264 2673 1333 2717 non
1354 2674 1437 2740 opus
1456 2658 1506 2717 est
1522 2650 1647 2716 reterre

314 2757 502 2847 (Liqhtsoot
525 2755 570 2823 ad
592 2757 708 2823 llatth.
729 2764 826 2840 9,15;
853 2756 1019 2825 thnsche
1039 2781 1072 2847 p.
1098 2760 1191 2845 lit),
1220 2757 1385 2847 quamdiu
1408 2780 1548 2847 sponsus
1570 2778 1646 2823 cram

312 2862 383 2931 illis
405 2876 455 2931 est
480 2862 657 2930 ieiunare?
679 2866 760 2930 Erat
783 2868 871 2930 lesus
896 2863 1092 2951 designatus
1112 2873 1289 2955 tamquam
1313 2887 1455 2954 sponsus
1481 2887 1501 2930 a
1526 2869 1648 2930 loanne

314 2970 419 3060 (loan.
436 2969 529 3058 339)
548 2989 557 3037 :
574 2971 635 3059 qui
650 2969 756 3037 habet
774 2992 935 3061 sponsam
949 2994 1088 3060 sponsus
1106 2978 1171 3054 est;
1188 2974 1316 3039 amicus
1331 2979 1444 3038 autem
1460 2972 1573 3059 sponsi
1589 2972 1647 3059 qui

313 3082 379 3145 stet
395 3082 428 3144 et
447 3076 545 3144 audit
557 3098 637 3144 eum
655 3075 783 3163 gaudio
795 3077 924 3164 gaudet
942 3085 1082 3168 propter
1101 3101 1217 3146 vocem
1232 3081 1361 3168 spousi;
1381 3079 1446 3143 hoc
1465 3100 1547 3164 ergo
1562 3100 1648 3164 gau-

314 3184 410 3251 dium
431 3205 545 3251 meum
566 3184 746 3273 impletum
769 3190 831 3250 est.
853 3184 981 3251 Foedus
1000 3186 1056 3251 bei
1074 3207 1150 3252 eum
1172 3186 1301 3276 populo
1320 3193 1495 3274 tamquam
1515 3205 1647 3251 sacrum

315 3290 527 3360 connubium
539 3289 792 3372 consideratum
809 3291 1010 3357 instauratio
1026 3293 1190 3384 messiane
1206 3295 1280 3382 pari
1298 3293 1399 3357 modo
1418 3292 1621 3358 describitur
1639 3313 1646 3357 :

314 3397 484 3490 sponsabo
502 3403 534 3463 te
552 3397 639 3464 mihi
657 3397 693 3462 in
709 3398 954 3486 sempiternum
970 3398 1036 3485 (Os.
1055 3399 1165 3485 als),
1189 3399 1336 3488 populus
1359 3401 1544 3464 messianus
1564 3398 1648 3464 dioi-

314 3511 372 3573 tur
394 3525 518 3594 sponsa
537 3504 670 3571 Domini
686 3505 737 3593 (ls.
760 3510 797 3570 61
808 3504 894 3591 ,10),
911 3504 983 3594 ipse
1001 3506 1130 3572 Messias
1142 3514 1315 3594 tamquam
1332 3528 1471 3594 sponsus
1486 3506 1649 3593 proponi-

315 3617 372 3679 tur
390 3617 441 3678 Ps.
468 3617 522 3678 tata.
547 3614 678 3689 Quanto
703 3609 872 3677 desiderio
897 3619 930 3677 et
952 3619 1035 3701 quot
1060 3613 1211 3702 suspiriis
1227 3613 1412 3701 prophetae
1430 3612 1502 3678 dies
1516 3612 1649 3678 Messias

316 3717 579 3808 exspectabant?
599 3717 772 3784 Abraham
790 3718 969 3784 exsultavit
991 3726 1029 3785 ut
1046 3718 1175 3786 videret
1194 3721 1285 3785 hunc
1305 3719 1396 3784 diem
1416 3722 1520 3802 (toan.
1538 3716 1647 3805 8,5(t).

316 3824 403 3903 Quid
418 3845 500 3911 ergo
517 3822 628 3911 magis
647 3845 796 3914 aequum
812 3847 883 3891 esse
899 3830 1020 3914 potest,
1037 3847 1139 3914 quam
1156 3831 1191 3892 ut
1207 3825 1364 3915 discipuli
1384 3828 1520 3891 invento
1536 3826 1647 3891 llessia

315 3931 441 3999 ineius
463 3931 664 3998 suavissimo
692 3932 897 3998 commercio
922 3932 1072 3998 viventes
1094 3932 1263 3998 laetentur
1283 3941 1316 3998 et
1343 3933 1529 3999 exsultent?
1544 3954 1650 4020 quare

317 4061 394 4106 cnm
418 4038 573 4128 emphasi
588 4038 753 4128 repetitur
772 4061 779 4103 :
797 4051 927 4127 quanto
946 4051 1093 4128 tempore
1112 4039 1235 4106 habent
1252 4062 1365 4116 seston
1386 4061 1566 4128 sponsum,
1583 4061 1651 4104 nou

315 4162 456 4235 possunt
470 4144 640 4225 ieiunare,
657 4145 810 4212 ieiunare
825 4146 954 4235 quippe
968 4145 1005 4211 in
1016 4153 1127 4214 vetere
1137 4153 1338 4214 testamento
1354 4146 1480 4212 dicitur
1493 4146 1650 4235 asstiqere

317 4251 922 4341 animamtbev.16‚31;23,27.32.
951 4257 1048 4319 Num.
1077 4255 1183 4341 aas).
1212 4259 1327 4319 Nonne
1350 4253 1523 4341 discipulis
1547 4275 1650 4341 quam

318 4359 464 4426 maxime
480 4358 703 4445 gaudendum
727 4364 777 4425 est
800 4358 894 4446 quod
917 4358 1057 4426 tandem
1077 4360 1133 4425 ille
1157 4382 1316 4449 praesens
1340 4367 1389 4425 est
1413 4367 1543 4424 etcum
1572 4361 1652 4447 ipsis

317 4464 535 4533 familiariter
551 4472 769 4534 conversatur
786 4487 888 4553 quem
906 4466 1006 4532 multi
1030 4467 1216 4557 prophetae
1243 4473 1276 4533 et
1300 4467 1378 4532 iusti
1403 4468 1584 4554 cupierunt
1600 4468 1649 4531 vi—

319 4570 399 4638 dere
419 4573 544 4658 (Matth.
567 4573 700 4662 13‚17)t

364 4682 409 4745 Ne
433 4679 542 4765 igitur
563 4679 749 4747 adversarii
770 4680 810 4746 iis
834 4679 1040 4769 exprobrent
1063 4681 1154 4770 quod
1184 4704 1276 4747 nuuc
1306 4705 1365 4771 per
1393 4681 1492 4746 breve
1520 4689 1651 4770 tempus

319 4785 512 4875 praesentia
530 4787 646 4875 sponsi
664 4809 742 4854 cum
761 4787 891 4853 laetitia
911 4787 1086 4854 fruuntur!
1109 4792 1189 4855 Nam
1217 4810 1293 4854 mox
1322 4790 1361 4853 iis
1387 4810 1521 4878 quoque
1548 4788 1650 4853 advo·

320 4893 416 4960 nient
434 4891 506 4959 dies
520 4894 630 4960 luctus
644 4898 678 4961 et
690 4894 885 4962 afflictionis
906 4901 939 4960 et
958 4896 1075 4962 ieiunii
1098 4919 1128 4962 v.
1150 4903 1191 4962 20
1212 4897 1344 4963 uenient
1358 4908 1471 4961 uectem
1489 4894 1558 4962 dies
1573 4917 1648 4961 cam
