<?xml version="1.0" encoding="UTF-8"?>
<!DOCTYPE html PUBLIC "-//W3C//DTD XHTML 1.0 Transitional//EN"
    "http://www.w3.org/TR/xhtml1/DTD/xhtml1-transitional.dtd">
<html xmlns="http://www.w3.org/1999/xhtml" xml:lang="en" lang="en">
 <head>
  <title>
</title>
<meta http-equiv="Content-Type" content="text/html;charset=utf-8" />
  <meta name='ocr-system' content='tesseract 3.04.00' />
  <meta name='ocr-capabilities' content='ocr_page ocr_carea ocr_par ocr_line ocrx_word'/>
</head>
<body>
  <div class='ocr_page' id='page_1' title='image "./commentariusinq01knabgoog_0436.png"; bbox 0 0 3960 5654; ppageno 0'>
   <div class='ocr_carea' id='block_1_1' title="bbox 889 360 1702 429">
    <p class='ocr_par' dir='ltr' id='par_1_1' title="bbox 889 360 1702 429">
     <span class='ocr_line' id='line_1_1' title="bbox 889 360 1702 429; baseline 0.001 -9"><span class='ocrx_word' id='word_1_1' title='bbox 889 376 983 422; x_wconf 74' lang='lat' dir='ltr'>nanc.</span> <span class='ocrx_word' id='word_1_2' title='bbox 1008 363 1057 429; x_wconf 83' lang='lat'>15,</span> <span class='ocrx_word' id='word_1_3' title='bbox 1080 360 1184 418; x_wconf 83' lang='grc'><strong>33-31.</strong></span> <span class='ocrx_word' id='word_1_4' title='bbox 1647 362 1702 421; x_wconf 60' lang='lat' dir='ltr'>itt</span> 
     </span>
    </p>
   </div>
   <div class='ocr_carea' id='block_1_2' title="bbox 371 509 1707 1019">
    <p class='ocr_par' dir='ltr' id='par_1_2' title="bbox 371 509 1707 1019">
     <span class='ocr_line' id='line_1_2' title="bbox 373 509 1706 596; baseline 0 -20"><span class='ocrx_word' id='word_1_5' title='bbox 373 511 432 577; x_wconf 92' lang='lat' dir='ltr'>ubi</span> <span class='ocrx_word' id='word_1_6' title='bbox 447 509 664 596; x_wconf 89' lang='lat' dir='ltr'>evangelium</span> <span class='ocrx_word' id='word_1_7' title='bbox 688 513 775 576; x_wconf 90' lang='lat' dir='ltr'>lesus</span> <span class='ocrx_word' id='word_1_8' title='bbox 795 512 1069 596; x_wconf 81' lang='lat' dir='ltr'>praedicaverat,</span> <span class='ocrx_word' id='word_1_9' title='bbox 1089 516 1125 576; x_wconf 95' lang='lat' dir='ltr'>ut</span> <span class='ocrx_word' id='word_1_10' title='bbox 1139 511 1212 575; x_wconf 89' lang='lat' dir='ltr'>eius</span> <span class='ocrx_word' id='word_1_11' title='bbox 1231 510 1392 576; x_wconf 90' lang='lat' dir='ltr'>divinitas</span> <span class='ocrx_word' id='word_1_12' title='bbox 1407 517 1440 576; x_wconf 91' lang='lat' dir='ltr'>et</span> <span class='ocrx_word' id='word_1_13' title='bbox 1453 512 1611 578; x_wconf 89' lang='lat' dir='ltr'>doctrina</span> <span class='ocrx_word' id='word_1_14' title='bbox 1624 533 1706 578; x_wconf 90' lang='lat' dir='ltr'>con-</span> 
     </span>
     <span class='ocr_line' id='line_1_3' title="bbox 373 616 1707 703; baseline 0 -20"><span class='ocrx_word' id='word_1_15' title='bbox 373 617 584 694; x_wconf 48' lang='lat' dir='ltr'>firmaretur:</span> <span class='ocrx_word' id='word_1_16' title='bbox 598 638 698 703; x_wconf 92' lang='lat' dir='ltr'>porro</span> <span class='ocrx_word' id='word_1_17' title='bbox 714 623 830 681; x_wconf 90' lang='lat' dir='ltr'>monet</span> <span class='ocrx_word' id='word_1_18' title='bbox 844 619 1061 683; x_wconf 80' lang='lat' dir='ltr'>rrranilestum</span> <span class='ocrx_word' id='word_1_19' title='bbox 1074 639 1145 682; x_wconf 91' lang='lat' dir='ltr'>esse</span> <span class='ocrx_word' id='word_1_20' title='bbox 1160 616 1388 702; x_wconf 77' lang='lat' dir='ltr'>evangelistas</span> <span class='ocrx_word' id='word_1_21' title='bbox 1401 637 1468 680; x_wconf 91' lang='lat' dir='ltr'>non</span> <span class='ocrx_word' id='word_1_22' title='bbox 1484 619 1590 683; x_wconf 91' lang='lat' dir='ltr'>solum</span> <span class='ocrx_word' id='word_1_23' title='bbox 1605 619 1707 683; x_wconf 89' lang='lat' dir='ltr'>mira-</span> 
     </span>
     <span class='ocr_line' id='line_1_4' title="bbox 372 721 1706 812; baseline -0.001 -21"><span class='ocrx_word' id='word_1_24' title='bbox 372 725 487 791; x_wconf 86' lang='lat' dir='ltr'>culum</span> <span class='ocrx_word' id='word_1_25' title='bbox 504 744 644 788; x_wconf 84' lang='lat' dir='ltr'>narrare</span> <span class='ocrx_word' id='word_1_26' title='bbox 664 722 807 789; x_wconf 91' lang='lat' dir='ltr'>voluisse</span> <span class='ocrx_word' id='word_1_27' title='bbox 832 723 923 812; x_wconf 92' lang='lat' dir='ltr'>quod</span> <span class='ocrx_word' id='word_1_28' title='bbox 947 723 1053 788; x_wconf 86' lang='lat' dir='ltr'>laetae</span> <span class='ocrx_word' id='word_1_29' title='bbox 1081 723 1210 788; x_wconf 87' lang='lat' dir='ltr'>fuerint</span> <span class='ocrx_word' id='word_1_30' title='bbox 1226 722 1406 800; x_wconf 75' lang='lat' dir='ltr'>tenebrae,</span> <span class='ocrx_word' id='word_1_31' title='bbox 1430 721 1550 787; x_wconf 89' lang='lat' dir='ltr'>sedita</span> <span class='ocrx_word' id='word_1_32' title='bbox 1567 744 1706 790; x_wconf 89' lang='lat' dir='ltr'>narrare</span> 
     </span>
     <span class='ocr_line' id='line_1_5' title="bbox 372 828 1707 917; baseline 0.001 -24"><span class='ocrx_word' id='word_1_33' title='bbox 372 831 516 895; x_wconf 89' lang='lat' dir='ltr'>voluisse</span> <span class='ocrx_word' id='word_1_34' title='bbox 537 830 627 917; x_wconf 89' lang='lat' dir='ltr'>quod</span> <span class='ocrx_word' id='word_1_35' title='bbox 645 831 728 895; x_wconf 88' lang='lat' dir='ltr'>hora</span> <span class='ocrx_word' id='word_1_36' title='bbox 746 835 839 894; x_wconf 79' lang='lat' dir='ltr'>sexta</span> <span class='ocrx_word' id='word_1_37' title='bbox 860 832 883 895; x_wconf 87' lang='lat' dir='ltr'>i.</span> <span class='ocrx_word' id='word_1_38' title='bbox 902 851 931 894; x_wconf 89' lang='lat' dir='ltr'>e.</span> <span class='ocrx_word' id='word_1_39' title='bbox 957 829 1148 895; x_wconf 90' lang='lat' dir='ltr'>meridiana</span> <span class='ocrx_word' id='word_1_40' title='bbox 1163 828 1290 893; x_wconf 86' lang='lat' dir='ltr'>lactum</span> <span class='ocrx_word' id='word_1_41' title='bbox 1313 828 1415 893; x_wconf 83' lang='lat' dir='ltr'>luisse</span> <span class='ocrx_word' id='word_1_42' title='bbox 1432 828 1635 894; x_wconf 87' lang='lat' dir='ltr'>miraculum</span> <span class='ocrx_word' id='word_1_43' title='bbox 1651 830 1707 895; x_wconf 90' lang='lat' dir='ltr'>de·</span> 
     </span>
     <span class='ocr_line' id='line_1_6' title="bbox 371 935 1706 1019; baseline -0.001 -18"><span class='ocrx_word' id='word_1_44' title='bbox 371 937 559 1014; x_wconf 84' lang='lat' dir='ltr'>clara1·ent;</span> <span class='ocrx_word' id='word_1_45' title='bbox 580 937 615 1001; x_wconf 90' lang='lat' dir='ltr'>in</span> <span class='ocrx_word' id='word_1_46' title='bbox 636 937 687 1000; x_wconf 87' lang='lat' dir='ltr'>his</span> <span class='ocrx_word' id='word_1_47' title='bbox 702 955 785 1019; x_wconf 86' lang='lat' dir='ltr'>ergo</span> <span class='ocrx_word' id='word_1_48' title='bbox 810 935 907 1005; x_wconf 84' lang='lat' dir='ltr'>locis.</span> <span class='ocrx_word' id='word_1_49' title='bbox 930 935 989 999; x_wconf 90' lang='lat' dir='ltr'>uhi</span> <span class='ocrx_word' id='word_1_50' title='bbox 1011 935 1169 1001; x_wconf 91' lang='lat' dir='ltr'>meridies</span> <span class='ocrx_word' id='word_1_51' title='bbox 1186 956 1253 1000; x_wconf 92' lang='lat' dir='ltr'>non</span> <span class='ocrx_word' id='word_1_52' title='bbox 1279 941 1368 1014; x_wconf 86' lang='lat' dir='ltr'>erat,</span> <span class='ocrx_word' id='word_1_53' title='bbox 1391 957 1461 999; x_wconf 96' lang='lat' dir='ltr'>non</span> <span class='ocrx_word' id='word_1_54' title='bbox 1486 935 1613 1000; x_wconf 88' lang='lat' dir='ltr'>lactum</span> <span class='ocrx_word' id='word_1_55' title='bbox 1637 956 1706 1000; x_wconf 91' lang='lat' dir='ltr'>esse</span> 
     </span>
    </p>
   </div>
   <div class='ocr_carea' id='block_1_3' title="bbox 369 1028 1706 1351">
    <p class='ocr_par' dir='ltr' id='par_1_3' title="bbox 369 1028 1706 1351">
     <span class='ocr_line' id='line_1_7' title="bbox 372 1028 1706 1139; baseline -0.001 -23"><span class='ocrx_word' id='word_1_56' title='bbox 372 1051 587 1116; x_wconf 86' lang='lat' dir='ltr'>miraculum.</span> <span class='ocrx_word' id='word_1_57' title='bbox 603 1056 729 1139; x_wconf 83' lang='lat' dir='ltr'>Neque,</span> <span class='ocrx_word' id='word_1_58' title='bbox 746 1051 794 1115; x_wconf 92' lang='lat' dir='ltr'>uti</span> <span class='ocrx_word' id='word_1_59' title='bbox 805 1058 909 1139; x_wconf 86' lang='lat' dir='ltr'>patet,</span> <span class='ocrx_word' id='word_1_60' title='bbox 927 1028 974 1135; x_wconf 74' lang='grc' dir='ltr'>ἐφ’</span> <span class='ocrx_word' id='word_1_61' title='bbox 987 1049 1061 1118; x_wconf 57' lang='lat' dir='ltr'>aava</span> <span class='ocrx_word' id='word_1_62' title='bbox 1075 1054 1129 1119; x_wconf 68' lang='lat' dir='ltr'>riv</span> <span class='ocrx_word' id='word_1_63' title='bbox 1143 1056 1201 1136; x_wconf 64' lang='grc' dir='ltr'>γῆν</span> <span class='ocrx_word' id='word_1_64' title='bbox 1218 1049 1408 1115; x_wconf 87' lang='lat' dir='ltr'>necessario</span> <span class='ocrx_word' id='word_1_65' title='bbox 1418 1049 1575 1135; x_wconf 89' lang='lat' dir='ltr'>designat</span> <span class='ocrx_word' id='word_1_66' title='bbox 1587 1049 1706 1116; x_wconf 91' lang='lat' dir='ltr'>orbem</span> 
     </span>
     <span class='ocr_line' id='line_1_8' title="bbox 371 1157 1705 1246; baseline -0.001 -24"><span class='ocrx_word' id='word_1_67' title='bbox 371 1157 565 1223; x_wconf 90' lang='lat' dir='ltr'>universum</span> <span class='ocrx_word' id='word_1_68' title='bbox 577 1181 584 1238; x_wconf 88' lang='lat'><em>;</em></span> <span class='ocrx_word' id='word_1_69' title='bbox 598 1179 678 1223; x_wconf 86' lang='lat' dir='ltr'>nam</span> <span class='ocrx_word' id='word_1_70' title='bbox 695 1161 735 1242; x_wconf 74' lang='grc' dir='ltr'>γὴ</span> <span class='ocrx_word' id='word_1_71' title='bbox 751 1159 945 1246; x_wconf 88' lang='lat' dir='ltr'>saepissime</span> <span class='ocrx_word' id='word_1_72' title='bbox 964 1179 1071 1223; x_wconf 91' lang='lat' dir='ltr'>unum</span> <span class='ocrx_word' id='word_1_73' title='bbox 1087 1162 1198 1222; x_wconf 86' lang='lat' dir='ltr'>terrae</span> <span class='ocrx_word' id='word_1_74' title='bbox 1217 1161 1381 1237; x_wconf 87' lang='lat' dir='ltr'>tractum,</span> <span class='ocrx_word' id='word_1_75' title='bbox 1404 1176 1509 1222; x_wconf 91' lang='lat' dir='ltr'>unam</span> <span class='ocrx_word' id='word_1_76' title='bbox 1529 1157 1705 1241; x_wconf 82' lang='lat' dir='ltr'>regionem</span> 
     </span>
     <span class='ocr_line' id='line_1_9' title="bbox 369 1261 1706 1351; baseline 0 -24"><span class='ocrx_word' id='word_1_77' title='bbox 369 1261 469 1343; x_wconf 90' lang='lat' dir='ltr'>dicit,</span> <span class='ocrx_word' id='word_1_78' title='bbox 487 1265 574 1329; x_wconf 92' lang='lat' dir='ltr'>sicut</span> <span class='ocrx_word' id='word_1_79' title='bbox 587 1277 675 1330; x_wconf 76' lang='lat' dir='ltr'>terra</span> <span class='ocrx_word' id='word_1_80' title='bbox 691 1263 791 1349; x_wconf 84' lang='lat' dir='ltr'>(verti</span> <span class='ocrx_word' id='word_1_81' title='bbox 808 1264 922 1351; x_wconf 89' lang='lat' dir='ltr'>itaque</span> <span class='ocrx_word' id='word_1_82' title='bbox 937 1265 1076 1328; x_wconf 93' lang='lat' dir='ltr'>omnino</span> <span class='ocrx_word' id='word_1_83' title='bbox 1091 1269 1202 1350; x_wconf 91' lang='lat' dir='ltr'>potest</span> <span class='ocrx_word' id='word_1_84' title='bbox 1211 1261 1411 1346; x_wconf 82' lang='lat' dir='ltr'>germanice</span> <span class='ocrx_word' id='word_1_85' title='bbox 1426 1262 1512 1327; x_wconf 81' lang='lat' dir='ltr'>uber</span> <span class='ocrx_word' id='word_1_86' title='bbox 1526 1262 1587 1328; x_wconf 89' lang='lat' dir='ltr'>das</span> <span class='ocrx_word' id='word_1_87' title='bbox 1599 1283 1706 1348; x_wconf 88' lang='lat' dir='ltr'>ganze</span> 
     </span>
    </p>
   </div>
   <div class='ocr_carea' id='block_1_4' title="bbox 368 1364 1706 1556">
    <p class='ocr_par' dir='ltr' id='par_1_4' title="bbox 368 1364 1706 1556">
     <span class='ocr_line' id='line_1_10' title="bbox 370 1364 1703 1456; baseline 0 -22"><span class='ocrx_word' id='word_1_88' title='bbox 370 1369 493 1456; x_wconf 85' lang='lat' dir='ltr'>band);</span> <span class='ocrx_word' id='word_1_89' title='bbox 520 1371 622 1436; x_wconf 92' lang='lat' dir='ltr'>simili</span> <span class='ocrx_word' id='word_1_90' title='bbox 648 1368 751 1434; x_wconf 92' lang='lat' dir='ltr'>modo</span> <span class='ocrx_word' id='word_1_91' title='bbox 770 1374 848 1435; x_wconf 87' lang='lat' dir='ltr'>Luc.</span> <span class='ocrx_word' id='word_1_92' title='bbox 868 1376 946 1448; x_wconf 72' lang='lat' dir='ltr'>t,25</span> <span class='ocrx_word' id='word_1_93' title='bbox 963 1364 1012 1429; x_wconf 85' lang='grc' dir='ltr'>ἐπὶ</span> <span class='ocrx_word' id='word_1_94' title='bbox 1026 1376 1127 1430; x_wconf 63' lang='grc' dir='ltr'>πᾶσαν</span> <span class='ocrx_word' id='word_1_95' title='bbox 1141 1369 1197 1438; x_wconf 79' lang='grc' dir='ltr'>τὴν</span> <span class='ocrx_word' id='word_1_96' title='bbox 1211 1373 1268 1455; x_wconf 70' lang='grc' dir='ltr'>γῆν</span> <span class='ocrx_word' id='word_1_97' title='bbox 1283 1374 1317 1452; x_wconf 88' lang='lat' dir='ltr'>et</span> <span class='ocrx_word' id='word_1_98' title='bbox 1333 1369 1376 1433; x_wconf 88' lang='lat' dir='ltr'>cl.</span> <span class='ocrx_word' id='word_1_99' title='bbox 1398 1369 1513 1435; x_wconf 85' lang='lat' dir='ltr'>llatth.</span> <span class='ocrx_word' id='word_1_100' title='bbox 1535 1375 1626 1448; x_wconf 79' lang='grc'><strong>9,·26.</strong></span> <span class='ocrx_word' id='word_1_101' title='bbox 1649 1375 1703 1434; x_wconf 86' lang='grc'>31.</span> 
     </span>
     <span class='ocr_line' id='line_1_11' title="bbox 368 1465 1706 1556; baseline -0.001 -24"><span class='ocrx_word' id='word_1_102' title='bbox 368 1469 435 1532; x_wconf 86' lang='lat' dir='ltr'>Cur</span> <span class='ocrx_word' id='word_1_103' title='bbox 458 1490 537 1533; x_wconf 90' lang='lat' dir='ltr'>vero</span> <span class='ocrx_word' id='word_1_104' title='bbox 557 1465 718 1532; x_wconf 86' lang='lat' dir='ltr'>tenebrae</span> <span class='ocrx_word' id='word_1_105' title='bbox 738 1473 833 1533; x_wconf 88' lang='lat' dir='ltr'>ortae</span> <span class='ocrx_word' id='word_1_106' title='bbox 857 1468 940 1545; x_wconf 86' lang='lat' dir='ltr'>sint,</span> <span class='ocrx_word' id='word_1_107' title='bbox 962 1469 1077 1533; x_wconf 88' lang='lat' dir='ltr'>variae</span> <span class='ocrx_word' id='word_1_108' title='bbox 1098 1466 1291 1532; x_wconf 82' lang='lat' dir='ltr'>afferuntur</span> <span class='ocrx_word' id='word_1_109' title='bbox 1315 1467 1479 1547; x_wconf 89' lang='lat' dir='ltr'>rationes;</span> <span class='ocrx_word' id='word_1_110' title='bbox 1501 1467 1548 1531; x_wconf 92' lang='lat' dir='ltr'>uti</span> <span class='ocrx_word' id='word_1_111' title='bbox 1567 1466 1706 1556; x_wconf 90' lang='lat' dir='ltr'>reliquis</span> 
     </span>
    </p>
   </div>
   <div class='ocr_carea' id='block_1_5' title="bbox 364 1571 1706 4638">
    <p class='ocr_par' dir='ltr' id='par_1_5' title="bbox 364 1571 1706 4105">
     <span class='ocr_line' id='line_1_12' title="bbox 368 1571 1705 1652; baseline 0 -14"><span class='ocrx_word' id='word_1_112' title='bbox 368 1573 543 1639; x_wconf 87' lang='lat' dir='ltr'>miraculis</span> <span class='ocrx_word' id='word_1_113' title='bbox 564 1574 599 1637; x_wconf 91' lang='lat' dir='ltr'>in</span> <span class='ocrx_word' id='word_1_114' title='bbox 620 1578 728 1638; x_wconf 90' lang='lat' dir='ltr'>morte</span> <span class='ocrx_word' id='word_1_115' title='bbox 743 1572 868 1638; x_wconf 88' lang='lat' dir='ltr'>Christi</span> <span class='ocrx_word' id='word_1_116' title='bbox 886 1572 1117 1638; x_wconf 90' lang='lat' dir='ltr'>testimonium</span> <span class='ocrx_word' id='word_1_117' title='bbox 1138 1571 1349 1637; x_wconf 89' lang='lat' dir='ltr'>reddebatur</span> <span class='ocrx_word' id='word_1_118' title='bbox 1364 1571 1535 1637; x_wconf 91' lang='lat' dir='ltr'>divinitati</span> <span class='ocrx_word' id='word_1_119' title='bbox 1553 1573 1640 1652; x_wconf 89' lang='lat' dir='ltr'>eius,</span> <span class='ocrx_word' id='word_1_120' title='bbox 1658 1574 1705 1638; x_wconf 90' lang='lat' dir='ltr'>ita</span> 
     </span>
     <span class='ocr_line' id='line_1_13' title="bbox 368 1676 1705 1767; baseline -0.001 -23"><span class='ocrx_word' id='word_1_121' title='bbox 368 1678 433 1744; x_wconf 93' lang='lat' dir='ltr'>hoc</span> <span class='ocrx_word' id='word_1_122' title='bbox 457 1700 593 1767; x_wconf 92' lang='lat' dir='ltr'>quoque</span> <span class='ocrx_word' id='word_1_123' title='bbox 621 1679 788 1744; x_wconf 90' lang='lat' dir='ltr'>miraculo</span> <span class='ocrx_word' id='word_1_124' title='bbox 813 1679 1033 1744; x_wconf 88' lang='lat' dir='ltr'>tenebrarum</span> <span class='ocrx_word' id='word_1_125' title='bbox 1056 1678 1114 1766; x_wconf 87' lang='lat' dir='ltr'>(cl.</span> <span class='ocrx_word' id='word_1_126' title='bbox 1137 1677 1276 1761; x_wconf 70' lang='lat' dir='ltr'>nield),</span> <span class='ocrx_word' id='word_1_127' title='bbox 1304 1677 1359 1743; x_wconf 90' lang='lat' dir='ltr'>vel</span> <span class='ocrx_word' id='word_1_128' title='bbox 1378 1676 1422 1743; x_wconf 91' lang='lat' dir='ltr'>ad</span> <span class='ocrx_word' id='word_1_129' title='bbox 1447 1679 1533 1744; x_wconf 89' lang='lat' dir='ltr'>iram</span> <span class='ocrx_word' id='word_1_130' title='bbox 1553 1678 1705 1744; x_wconf 89' lang='lat' dir='ltr'>divinam</span> 
     </span>
     <span class='ocr_line' id='line_1_14' title="bbox 368 1783 1705 1872; baseline 0.001 -23"><span class='ocrx_word' id='word_1_131' title='bbox 368 1783 624 1866; x_wconf 87' lang='lat' dir='ltr'>declarandam,</span> <span class='ocrx_word' id='word_1_132' title='bbox 646 1791 749 1872; x_wconf 90' lang='lat' dir='ltr'>prout</span> <span class='ocrx_word' id='word_1_133' title='bbox 767 1786 801 1850; x_wconf 92' lang='lat' dir='ltr'>in</span> <span class='ocrx_word' id='word_1_134' title='bbox 814 1807 840 1850; x_wconf 89' lang='lat' dir='ltr'>s.</span> <span class='ocrx_word' id='word_1_135' title='bbox 859 1784 981 1850; x_wconf 88' lang='lat' dir='ltr'>litteris</span> <span class='ocrx_word' id='word_1_136' title='bbox 996 1786 1047 1850; x_wconf 94' lang='lat' dir='ltr'>ira</span> <span class='ocrx_word' id='word_1_137' title='bbox 1064 1784 1182 1850; x_wconf 88' lang='lat' dir='ltr'>divina</span> <span class='ocrx_word' id='word_1_138' title='bbox 1199 1785 1234 1849; x_wconf 94' lang='lat' dir='ltr'>in</span> <span class='ocrx_word' id='word_1_139' title='bbox 1253 1785 1407 1850; x_wconf 92' lang='lat' dir='ltr'>homines</span> <span class='ocrx_word' id='word_1_140' title='bbox 1426 1790 1459 1849; x_wconf 93' lang='lat' dir='ltr'>et</span> <span class='ocrx_word' id='word_1_141' title='bbox 1475 1806 1529 1850; x_wconf 90' lang='lat' dir='ltr'>res</span> <span class='ocrx_word' id='word_1_142' title='bbox 1543 1784 1705 1850; x_wconf 85' lang='lat' dir='ltr'>adversae</span> 
     </span>
     <span class='ocr_line' id='line_1_15' title="bbox 369 1889 1705 1978; baseline 0.001 -23"><span class='ocrx_word' id='word_1_143' title='bbox 369 1890 692 1957; x_wconf 89' lang='lat' dir='ltr'>tenebrisdeclarari</span> <span class='ocrx_word' id='word_1_144' title='bbox 708 1891 834 1969; x_wconf 90' lang='lat' dir='ltr'>solent,</span> <span class='ocrx_word' id='word_1_145' title='bbox 853 1891 906 1956; x_wconf 94' lang='lat' dir='ltr'>vel</span> <span class='ocrx_word' id='word_1_146' title='bbox 922 1890 965 1956; x_wconf 89' lang='lat' dir='ltr'>ad</span> <span class='ocrx_word' id='word_1_147' title='bbox 981 1890 1244 1976; x_wconf 87' lang='lat' dir='ltr'>significandam</span> <span class='ocrx_word' id='word_1_148' title='bbox 1260 1889 1518 1956; x_wconf 89' lang='lat' dir='ltr'>detestationem</span> <span class='ocrx_word' id='word_1_149' title='bbox 1534 1893 1618 1978; x_wconf 87' lang='lat' dir='ltr'>tanti</span> <span class='ocrx_word' id='word_1_150' title='bbox 1632 1913 1705 1957; x_wconf 90' lang='lat' dir='ltr'>sce-</span> 
     </span>
     <span class='ocr_line' id='line_1_16' title="bbox 368 1996 1706 2076; baseline 0.001 -14"><span class='ocrx_word' id='word_1_151' title='bbox 368 1997 446 2062; x_wconf 91' lang='lat' dir='ltr'>leris</span> <span class='ocrx_word' id='word_1_152' title='bbox 461 2019 481 2061; x_wconf 87' lang='lat' dir='ltr'>a</span> <span class='ocrx_word' id='word_1_153' title='bbox 498 1997 791 2076; x_wconf 87' lang='lat' dir='ltr'>ludaeisadmissi;</span> <span class='ocrx_word' id='word_1_154' title='bbox 811 2025 826 2056; x_wconf 79' lang='lat' dir='ltr'>a</span> <span class='ocrx_word' id='word_1_155' title='bbox 849 1996 985 2063; x_wconf 89' lang='lat' dir='ltr'>videtur</span> <span class='ocrx_word' id='word_1_156' title='bbox 1000 1998 1085 2064; x_wconf 91' lang='lat' dir='ltr'>mihi</span> <span class='ocrx_word' id='word_1_157' title='bbox 1102 1997 1331 2063; x_wconf 90' lang='lat' dir='ltr'>clarissimum</span> <span class='ocrx_word' id='word_1_158' title='bbox 1351 1998 1468 2063; x_wconf 92' lang='lat' dir='ltr'>lumen</span> <span class='ocrx_word' id='word_1_159' title='bbox 1488 1998 1625 2076; x_wconf 91' lang='lat' dir='ltr'>mundi,</span> <span class='ocrx_word' id='word_1_160' title='bbox 1643 1999 1706 2064; x_wconf 95' lang='lat' dir='ltr'>hoc</span> 
     </span>
     <span class='ocr_line' id='line_1_17' title="bbox 367 2103 1706 2192; baseline 0.001 -23"><span class='ocrx_word' id='word_1_161' title='bbox 367 2111 416 2169; x_wconf 89' lang='lat' dir='ltr'>cst</span> <span class='ocrx_word' id='word_1_162' title='bbox 438 2104 606 2169; x_wconf 91' lang='lat' dir='ltr'>luminare</span> <span class='ocrx_word' id='word_1_163' title='bbox 633 2105 742 2170; x_wconf 91' lang='lat' dir='ltr'>maius</span> <span class='ocrx_word' id='word_1_164' title='bbox 767 2105 942 2173; x_wconf 82' lang='lat' dir='ltr'>retraxisse</span> <span class='ocrx_word' id='word_1_165' title='bbox 963 2104 1076 2170; x_wconf 90' lang='lat' dir='ltr'>radios</span> <span class='ocrx_word' id='word_1_166' title='bbox 1103 2126 1181 2169; x_wconf 92' lang='lat' dir='ltr'>suos</span> <span class='ocrx_word' id='word_1_167' title='bbox 1202 2126 1244 2169; x_wconf 90' lang='lat' dir='ltr'>ne</span> <span class='ocrx_word' id='word_1_168' title='bbox 1264 2111 1324 2169; x_wconf 92' lang='lat' dir='ltr'>aut</span> <span class='ocrx_word' id='word_1_169' title='bbox 1347 2103 1554 2192; x_wconf 85' lang='lat' dir='ltr'>pendentem</span> <span class='ocrx_word' id='word_1_170' title='bbox 1576 2103 1706 2171; x_wconf 90' lang='lat' dir='ltr'>videret</span> 
     </span>
     <span class='ocr_line' id='line_1_18' title="bbox 368 2209 1703 2298; baseline 0.001 -23"><span class='ocrx_word' id='word_1_171' title='bbox 368 2210 546 2275; x_wconf 82' lang='lat' dir='ltr'>Dominum</span> <span class='ocrx_word' id='word_1_172' title='bbox 568 2216 629 2275; x_wconf 85' lang='lat' dir='ltr'>aut</span> <span class='ocrx_word' id='word_1_173' title='bbox 646 2210 751 2298; x_wconf 81' lang='lat' dir='ltr'>impie</span> <span class='ocrx_word' id='word_1_174' title='bbox 768 2210 1047 2298; x_wconf 87' lang='lat' dir='ltr'>blasphemantes</span> <span class='ocrx_word' id='word_1_175' title='bbox 1061 2233 1122 2277; x_wconf 91' lang='lat' dir='ltr'>sua</span> <span class='ocrx_word' id='word_1_176' title='bbox 1138 2209 1215 2276; x_wconf 93' lang='lat' dir='ltr'>luce</span> <span class='ocrx_word' id='word_1_177' title='bbox 1231 2210 1428 2276; x_wconf 80' lang='lat' dir='ltr'>fruerentur</span> <span class='ocrx_word' id='word_1_178' title='bbox 1446 2237 1461 2269; x_wconf 78' lang='lat' dir='ltr'>n</span> <span class='ocrx_word' id='word_1_179' title='bbox 1479 2211 1528 2296; x_wconf 89' lang='lat' dir='ltr'>(S.</span> <span class='ocrx_word' id='word_1_180' title='bbox 1549 2210 1642 2275; x_wconf 82' lang='lat' dir='ltr'>Hier.</span> <span class='ocrx_word' id='word_1_181' title='bbox 1659 2209 1703 2276; x_wconf 91' lang='lat' dir='ltr'>ad</span> 
     </span>
     <span class='ocr_line' id='line_1_19' title="bbox 366 2315 1702 2402; baseline -0.001 -20"><span class='ocrx_word' id='word_1_182' title='bbox 366 2316 480 2383; x_wconf 89' lang='lat' dir='ltr'>llatth.</span> <span class='ocrx_word' id='word_1_183' title='bbox 502 2320 618 2402; x_wconf 64' lang='lat' dir='ltr'>anta)</span> <span class='ocrx_word' id='word_1_184' title='bbox 639 2317 692 2382; x_wconf 93' lang='lat' dir='ltr'>vel</span> <span class='ocrx_word' id='word_1_185' title='bbox 713 2316 900 2402; x_wconf 83' lang='lat' dir='ltr'>significari</span> <span class='ocrx_word' id='word_1_186' title='bbox 923 2316 1121 2383; x_wconf 86' lang='lat' dir='ltr'>caecitatem</span> <span class='ocrx_word' id='word_1_187' title='bbox 1146 2317 1369 2397; x_wconf 90' lang='lat' dir='ltr'>ludaeorum,</span> <span class='ocrx_word' id='word_1_188' title='bbox 1391 2317 1547 2396; x_wconf 87' lang='lat' dir='ltr'>«iuves,</span> <span class='ocrx_word' id='word_1_189' title='bbox 1570 2315 1702 2398; x_wconf 88' lang='lat' dir='ltr'>ludaei,</span> 
     </span>
     <span class='ocr_line' id='line_1_20' title="bbox 366 2422 1704 2511; baseline 0 -23"><span class='ocrx_word' id='word_1_190' title='bbox 366 2424 500 2489; x_wconf 92' lang='lat' dir='ltr'>coelum</span> <span class='ocrx_word' id='word_1_191' title='bbox 520 2431 553 2489; x_wconf 93' lang='lat' dir='ltr'>et</span> <span class='ocrx_word' id='word_1_192' title='bbox 569 2431 658 2489; x_wconf 89' lang='lat' dir='ltr'>terra</span> <span class='ocrx_word' id='word_1_193' title='bbox 683 2425 884 2490; x_wconf 88' lang='lat' dir='ltr'>sententiam</span> <span class='ocrx_word' id='word_1_194' title='bbox 905 2424 998 2504; x_wconf 91' lang='lat' dir='ltr'>tulit,</span> <span class='ocrx_word' id='word_1_195' title='bbox 1018 2423 1116 2489; x_wconf 92' lang='lat' dir='ltr'>vobis</span> <span class='ocrx_word' id='word_1_196' title='bbox 1133 2423 1184 2489; x_wconf 93' lang='lat' dir='ltr'>sol</span> <span class='ocrx_word' id='word_1_197' title='bbox 1207 2423 1407 2489; x_wconf 88' lang='lat' dir='ltr'>servitutem</span> <span class='ocrx_word' id='word_1_198' title='bbox 1427 2444 1523 2489; x_wconf 85' lang='lat' dir='ltr'>suam</span> <span class='ocrx_word' id='word_1_199' title='bbox 1544 2422 1704 2511; x_wconf 90' lang='lat' dir='ltr'>diemque</span> 
     </span>
     <span class='ocr_line' id='line_1_21' title="bbox 366 2527 1705 2615; baseline -0.001 -19"><span class='ocrx_word' id='word_1_200' title='bbox 366 2529 547 2610; x_wconf 82' lang='lat' dir='ltr'>subtraxit,</span> <span class='ocrx_word' id='word_1_201' title='bbox 571 2529 667 2595; x_wconf 91' lang='lat' dir='ltr'>vobis</span> <span class='ocrx_word' id='word_1_202' title='bbox 683 2530 887 2596; x_wconf 89' lang='lat' dir='ltr'>famulatum</span> <span class='ocrx_word' id='word_1_203' title='bbox 907 2551 1007 2595; x_wconf 89' lang='lat' dir='ltr'>suum</span> <span class='ocrx_word' id='word_1_204' title='bbox 1026 2530 1273 2595; x_wconf 87' lang='lat' dir='ltr'>elementorum</span> <span class='ocrx_word' id='word_1_205' title='bbox 1291 2529 1429 2595; x_wconf 88' lang='lat' dir='ltr'>ordines</span> <span class='ocrx_word' id='word_1_206' title='bbox 1443 2527 1659 2615; x_wconf 89' lang='lat' dir='ltr'>denegarunt</span> <span class='ocrx_word' id='word_1_207' title='bbox 1673 2537 1705 2595; x_wconf 92' lang='lat' dir='ltr'>et</span> 
     </span>
     <span class='ocr_line' id='line_1_22' title="bbox 366 2635 1704 2721; baseline 0 -20"><span class='ocrx_word' id='word_1_208' title='bbox 366 2635 546 2701; x_wconf 91' lang='lat' dir='ltr'>recedente</span> <span class='ocrx_word' id='word_1_209' title='bbox 558 2657 578 2701; x_wconf 91' lang='lat' dir='ltr'>a</span> <span class='ocrx_word' id='word_1_210' title='bbox 592 2636 726 2721; x_wconf 90' lang='lat' dir='ltr'>legibus</span> <span class='ocrx_word' id='word_1_211' title='bbox 746 2636 814 2701; x_wconf 92' lang='lat' dir='ltr'>suis</span> <span class='ocrx_word' id='word_1_212' title='bbox 833 2635 1021 2701; x_wconf 88' lang='lat' dir='ltr'>ministerio</span> <span class='ocrx_word' id='word_1_213' title='bbox 1036 2642 1214 2702; x_wconf 90' lang='lat' dir='ltr'>creaturae</span> <span class='ocrx_word' id='word_1_214' title='bbox 1232 2642 1342 2702; x_wconf 84' lang='lat' dir='ltr'>vestra</span> <span class='ocrx_word' id='word_1_215' title='bbox 1360 2635 1575 2715; x_wconf 85' lang='lat' dir='ltr'>obcaecatio,</span> <span class='ocrx_word' id='word_1_216' title='bbox 1594 2642 1704 2702; x_wconf 87' lang='lat' dir='ltr'>vestra</span> 
     </span>
     <span class='ocr_line' id='line_1_23' title="bbox 366 2741 1701 2831; baseline -0.001 -23"><span class='ocrx_word' id='word_1_217' title='bbox 366 2750 419 2808; x_wconf 93' lang='lat' dir='ltr'>est</span> <span class='ocrx_word' id='word_1_218' title='bbox 435 2742 624 2828; x_wconf 84' lang='lat' dir='ltr'>significata</span> <span class='ocrx_word' id='word_1_219' title='bbox 634 2743 785 2808; x_wconf 89' lang='lat' dir='ltr'>conlusio</span> <span class='ocrx_word' id='word_1_220' title='bbox 802 2770 817 2802; x_wconf 87' lang='lat'>»</span> <span class='ocrx_word' id='word_1_221' title='bbox 834 2743 884 2830; x_wconf 88' lang='lat' dir='ltr'>(S.</span> <span class='ocrx_word' id='word_1_222' title='bbox 903 2745 981 2823; x_wconf 83' lang='lat' dir='ltr'>Leo,</span> <span class='ocrx_word' id='word_1_223' title='bbox 997 2764 1098 2808; x_wconf 92' lang='lat' dir='ltr'>serm.</span> <span class='ocrx_word' id='word_1_224' title='bbox 1115 2743 1159 2808; x_wconf 91' lang='lat' dir='ltr'>de</span> <span class='ocrx_word' id='word_1_225' title='bbox 1173 2764 1261 2831; x_wconf 88' lang='lat' dir='ltr'>pass.</span> <span class='ocrx_word' id='word_1_226' title='bbox 1275 2749 1350 2820; x_wconf 76' lang='lat' dir='ltr'>2‚a;</span> <span class='ocrx_word' id='word_1_227' title='bbox 1365 2741 1409 2807; x_wconf 86' lang='lat' dir='ltr'>cf.</span> <span class='ocrx_word' id='word_1_228' title='bbox 1427 2749 1636 2820; x_wconf 81' lang='lat' dir='ltr'>serm.10,5;</span> <span class='ocrx_word' id='word_1_229' title='bbox 1654 2744 1701 2807; x_wconf 91' lang='lat' dir='ltr'>M.</span> 
     </span>
     <span class='ocr_line' id='line_1_24' title="bbox 365 2847 1703 2933; baseline -0.002 -18"><span class='ocrx_word' id='word_1_230' title='bbox 365 2854 502 2929; x_wconf 73' lang='grc'><strong>51,318.</strong></span> <span class='ocrx_word' id='word_1_231' title='bbox 520 2854 594 2933; x_wconf 78' lang='lat' dir='ltr'>ata)</span> <span class='ocrx_word' id='word_1_232' title='bbox 615 2848 667 2913; x_wconf 91' lang='lat' dir='ltr'>vel</span> <span class='ocrx_word' id='word_1_233' title='bbox 683 2849 835 2914; x_wconf 91' lang='lat' dir='ltr'>decuisse</span> <span class='ocrx_word' id='word_1_234' title='bbox 851 2857 887 2914; x_wconf 90' lang='lat' dir='ltr'>ut</span> <span class='ocrx_word' id='word_1_235' title='bbox 904 2848 961 2913; x_wconf 90' lang='lat' dir='ltr'>ubi</span> <span class='ocrx_word' id='word_1_236' title='bbox 978 2850 1130 2914; x_wconf 88' lang='lat' dir='ltr'>Christus</span> <span class='ocrx_word' id='word_1_237' title='bbox 1142 2851 1191 2914; x_wconf 94' lang='lat' dir='ltr'>sol</span> <span class='ocrx_word' id='word_1_238' title='bbox 1205 2848 1351 2914; x_wconf 91' lang='lat' dir='ltr'>iustitiae</span> <span class='ocrx_word' id='word_1_239' title='bbox 1363 2848 1524 2913; x_wconf 91' lang='lat' dir='ltr'>occubuit</span> <span class='ocrx_word' id='word_1_240' title='bbox 1538 2848 1640 2913; x_wconf 89' lang='lat' dir='ltr'>etiam</span> <span class='ocrx_word' id='word_1_241' title='bbox 1655 2847 1703 2913; x_wconf 94' lang='lat' dir='ltr'>sol</span> 
     </span>
     <span class='ocr_line' id='line_1_25' title="bbox 365 2953 1704 3042; baseline -0.001 -21"><span class='ocrx_word' id='word_1_242' title='bbox 365 2956 608 3021; x_wconf 84' lang='lat' dir='ltr'>obscuraretur</span> <span class='ocrx_word' id='word_1_243' title='bbox 619 2955 669 3042; x_wconf 83' lang='lat' dir='ltr'>(S.</span> <span class='ocrx_word' id='word_1_244' title='bbox 692 2953 844 3042; x_wconf 77' lang='lat' dir='ltr'>Cyrillus</span> <span class='ocrx_word' id='word_1_245' title='bbox 859 2955 945 3021; x_wconf 87' lang='lat' dir='ltr'>hier.</span> <span class='ocrx_word' id='word_1_246' title='bbox 964 2962 1029 3020; x_wconf 89' lang='lat' dir='ltr'>cat.</span> <span class='ocrx_word' id='word_1_247' title='bbox 1054 2962 1171 3036; x_wconf 82' lang='lat' dir='ltr'>13,3t;</span> <span class='ocrx_word' id='word_1_248' title='bbox 1189 2957 1237 3020; x_wconf 91' lang='lat' dir='ltr'>M.</span> <span class='ocrx_word' id='word_1_249' title='bbox 1256 2954 1395 3040; x_wconf 72' lang='lat' dir='ltr'>3:3‚813t</span> <span class='ocrx_word' id='word_1_250' title='bbox 1415 2953 1469 3018; x_wconf 92' lang='lat' dir='ltr'>vel</span> <span class='ocrx_word' id='word_1_251' title='bbox 1484 2954 1616 3020; x_wconf 93' lang='lat' dir='ltr'>coelum</span> <span class='ocrx_word' id='word_1_252' title='bbox 1633 2953 1704 3019; x_wconf 90' lang='lat' dir='ltr'>edi·</span> 
     </span>
     <span class='ocr_line' id='line_1_26' title="bbox 366 3060 1703 3150; baseline 0 -23"><span class='ocrx_word' id='word_1_253' title='bbox 366 3061 453 3128; x_wconf 93' lang='lat' dir='ltr'>disse</span> <span class='ocrx_word' id='word_1_254' title='bbox 473 3062 619 3142; x_wconf 89' lang='lat' dir='ltr'>luctum,</span> <span class='ocrx_word' id='word_1_255' title='bbox 647 3090 662 3120; x_wconf 92' lang='lat'>«</span> <span class='ocrx_word' id='word_1_256' title='bbox 686 3069 814 3127; x_wconf 91' lang='lat' dir='ltr'>moesta</span> <span class='ocrx_word' id='word_1_257' title='bbox 835 3060 1038 3126; x_wconf 89' lang='lat' dir='ltr'>nebularum</span> <span class='ocrx_word' id='word_1_258' title='bbox 1060 3062 1149 3127; x_wconf 90' lang='lat' dir='ltr'>mole</span> <span class='ocrx_word' id='word_1_259' title='bbox 1172 3060 1329 3150; x_wconf 88' lang='lat' dir='ltr'>perlusus</span> <span class='ocrx_word' id='word_1_260' title='bbox 1352 3061 1510 3126; x_wconf 91' lang='lat' dir='ltr'>lunereas</span> <span class='ocrx_word' id='word_1_261' title='bbox 1527 3060 1599 3126; x_wconf 91' lang='lat' dir='ltr'>dies</span> <span class='ocrx_word' id='word_1_262' title='bbox 1616 3061 1703 3127; x_wconf 91' lang='lat' dir='ltr'>cele-</span> 
     </span>
     <span class='ocr_line' id='line_1_27' title="bbox 366 3166 1703 3255; baseline -0.001 -22"><span class='ocrx_word' id='word_1_263' title='bbox 366 3169 478 3234; x_wconf 85' lang='lat' dir='ltr'>bravit</span> <span class='ocrx_word' id='word_1_264' title='bbox 493 3167 682 3255; x_wconf 77' lang='lat' dir='ltr'>exsequias3</span> <span class='ocrx_word' id='word_1_265' title='bbox 695 3167 746 3231; x_wconf 90' lang='lat' dir='ltr'>sol</span> <span class='ocrx_word' id='word_1_266' title='bbox 758 3167 864 3232; x_wconf 88' lang='lat' dir='ltr'>radiis</span> <span class='ocrx_word' id='word_1_267' title='bbox 879 3175 1029 3233; x_wconf 90' lang='lat' dir='ltr'>remotus</span> <span class='ocrx_word' id='word_1_268' title='bbox 1042 3167 1252 3234; x_wconf 90' lang='lat' dir='ltr'>absconditis</span> <span class='ocrx_word' id='word_1_269' title='bbox 1270 3173 1355 3232; x_wconf 87' lang='lat' dir='ltr'>tetra</span> <span class='ocrx_word' id='word_1_270' title='bbox 1369 3166 1500 3232; x_wconf 86' lang='lat' dir='ltr'>velatus</span> <span class='ocrx_word' id='word_1_271' title='bbox 1512 3167 1602 3254; x_wconf 89' lang='lat' dir='ltr'>palla</span> <span class='ocrx_word' id='word_1_272' title='bbox 1617 3166 1703 3232; x_wconf 89' lang='lat' dir='ltr'>deli-</span> 
     </span>
     <span class='ocr_line' id='line_1_28' title="bbox 367 3272 1703 3361; baseline -0.001 -21"><span class='ocrx_word' id='word_1_273' title='bbox 367 3276 429 3340; x_wconf 91' lang='lat' dir='ltr'>tuit</span> <span class='ocrx_word' id='word_1_274' title='bbox 442 3273 630 3361; x_wconf 88' lang='lat' dir='ltr'>orbemque</span> <span class='ocrx_word' id='word_1_275' title='bbox 651 3273 800 3339; x_wconf 90' lang='lat' dir='ltr'>luctibus</span> <span class='ocrx_word' id='word_1_276' title='bbox 820 3273 952 3339; x_wconf 89' lang='lat' dir='ltr'>alienae</span> <span class='ocrx_word' id='word_1_277' title='bbox 972 3275 1077 3340; x_wconf 91' lang='lat' dir='ltr'>noctis</span> <span class='ocrx_word' id='word_1_278' title='bbox 1098 3273 1233 3354; x_wconf 87' lang='lat' dir='ltr'>inlecit;</span> <span class='ocrx_word' id='word_1_279' title='bbox 1257 3273 1361 3339; x_wconf 91' lang='lat' dir='ltr'>talem</span> <span class='ocrx_word' id='word_1_280' title='bbox 1379 3272 1549 3360; x_wconf 92' lang='lat' dir='ltr'>siquidem</span> <span class='ocrx_word' id='word_1_281' title='bbox 1571 3273 1703 3338; x_wconf 89' lang='lat' dir='ltr'>vultum</span> 
     </span>
     <span class='ocr_line' id='line_1_29' title="bbox 365 3379 1704 3467; baseline 0.001 -22"><span class='ocrx_word' id='word_1_282' title='bbox 365 3380 471 3467; x_wconf 90' lang='lat' dir='ltr'>patris</span> <span class='ocrx_word' id='word_1_283' title='bbox 486 3379 605 3445; x_wconf 90' lang='lat' dir='ltr'>orbata</span> <span class='ocrx_word' id='word_1_284' title='bbox 617 3380 745 3445; x_wconf 90' lang='lat' dir='ltr'>solatiis</span> <span class='ocrx_word' id='word_1_285' title='bbox 761 3386 960 3445; x_wconf 90' lang='lat' dir='ltr'>meruerunt</span> <span class='ocrx_word' id='word_1_286' title='bbox 977 3379 1144 3446; x_wconf 89' lang='lat' dir='ltr'>elementa</span> <span class='ocrx_word' id='word_1_287' title='bbox 1167 3380 1299 3460; x_wconf 91' lang='lat' dir='ltr'>sortiri,</span> <span class='ocrx_word' id='word_1_288' title='bbox 1317 3386 1354 3445; x_wconf 93' lang='lat' dir='ltr'>ut</span> <span class='ocrx_word' id='word_1_289' title='bbox 1373 3381 1468 3445; x_wconf 91' lang='lat' dir='ltr'>cuius</span> <span class='ocrx_word' id='word_1_290' title='bbox 1489 3385 1564 3444; x_wconf 91' lang='lat' dir='ltr'>ortu</span> <span class='ocrx_word' id='word_1_291' title='bbox 1580 3381 1704 3446; x_wconf 88' lang='lat' dir='ltr'>laetata</span> 
     </span>
     <span class='ocr_line' id='line_1_30' title="bbox 364 3485 1704 3566; baseline 0 -15"><span class='ocrx_word' id='word_1_292' title='bbox 364 3494 443 3551; x_wconf 89' lang='lat' dir='ltr'>sunt</span> <span class='ocrx_word' id='word_1_293' title='bbox 457 3487 674 3551; x_wconf 87' lang='lat' dir='ltr'>tristarentur</span> <span class='ocrx_word' id='word_1_294' title='bbox 691 3506 827 3563; x_wconf 89' lang='lat' dir='ltr'>occasu;</span> <span class='ocrx_word' id='word_1_295' title='bbox 846 3487 933 3552; x_wconf 91' lang='lat' dir='ltr'>siout</span> <span class='ocrx_word' id='word_1_296' title='bbox 952 3488 1044 3552; x_wconf 93' lang='lat' dir='ltr'>enim</span> <span class='ocrx_word' id='word_1_297' title='bbox 1069 3486 1213 3552; x_wconf 85' lang='lat' dir='ltr'>Domino</span> <span class='ocrx_word' id='word_1_298' title='bbox 1238 3493 1399 3552; x_wconf 86' lang='lat' dir='ltr'>nascente</span> <span class='ocrx_word' id='word_1_299' title='bbox 1419 3486 1477 3551; x_wconf 82' lang='lat' dir='ltr'>lux</span> <span class='ocrx_word' id='word_1_300' title='bbox 1499 3485 1638 3566; x_wconf 85' lang='lat' dir='ltr'>claruit,</span> <span class='ocrx_word' id='word_1_301' title='bbox 1656 3487 1704 3551; x_wconf 90' lang='lat' dir='ltr'>ita</span> 
     </span>
     <span class='ocr_line' id='line_1_31' title="bbox 366 3591 1701 3681; baseline 0 -24"><span class='ocrx_word' id='word_1_302' title='bbox 366 3593 528 3658; x_wconf 89' lang='lat' dir='ltr'>moriente</span> <span class='ocrx_word' id='word_1_303' title='bbox 537 3593 689 3658; x_wconf 91' lang='lat' dir='ltr'>discessit</span> <span class='ocrx_word' id='word_1_304' title='bbox 704 3621 718 3649; x_wconf 87' lang='lat'>»</span> <span class='ocrx_word' id='word_1_305' title='bbox 732 3591 917 3679; x_wconf 82' lang='lat' dir='ltr'>(Sedulius,</span> <span class='ocrx_word' id='word_1_306' title='bbox 931 3593 1142 3681; x_wconf 87' lang='lat' dir='ltr'>opuspasch.</span> <span class='ocrx_word' id='word_1_307' title='bbox 1158 3592 1220 3658; x_wconf 89' lang='lat' dir='ltr'>lib.</span> <span class='ocrx_word' id='word_1_308' title='bbox 1234 3600 1253 3659; x_wconf 84' lang='lat'>5</span> <span class='ocrx_word' id='word_1_309' title='bbox 1265 3615 1273 3672; x_wconf 90' lang='lat'>;</span> <span class='ocrx_word' id='word_1_310' title='bbox 1287 3596 1334 3658; x_wconf 90' lang='lat' dir='ltr'>M.</span> <span class='ocrx_word' id='word_1_311' title='bbox 1352 3598 1493 3673; x_wconf 79' lang='lat'>19,730;</span> <span class='ocrx_word' id='word_1_312' title='bbox 1506 3593 1548 3658; x_wconf 90' lang='lat' dir='ltr'>cf.</span> <span class='ocrx_word' id='word_1_313' title='bbox 1566 3615 1701 3658; x_wconf 89' lang='lat' dir='ltr'>carmen</span> 
     </span>
     <span class='ocr_line' id='line_1_32' title="bbox 364 3697 1701 3787; baseline -0.001 -22"><span class='ocrx_word' id='word_1_314' title='bbox 364 3699 481 3787; x_wconf 91' lang='lat' dir='ltr'>pasch.</span> <span class='ocrx_word' id='word_1_315' title='bbox 503 3706 603 3778; x_wconf 56' lang='lat' dir='ltr'>aaut</span> <span class='ocrx_word' id='word_1_316' title='bbox 625 3699 723 3786; x_wconf 88' lang='lat' dir='ltr'>seq.).</span> <span class='ocrx_word' id='word_1_317' title='bbox 738 3699 840 3764; x_wconf 85' lang='lat' dir='ltr'>Plura</span> <span class='ocrx_word' id='word_1_318' title='bbox 860 3697 936 3764; x_wconf 91' lang='lat' dir='ltr'>vide</span> <span class='ocrx_word' id='word_1_319' title='bbox 954 3700 1047 3787; x_wconf 85' lang='lat' dir='ltr'>apud</span> <span class='ocrx_word' id='word_1_320' title='bbox 1066 3697 1249 3766; x_wconf 85' lang='lat' dir='ltr'>Solmcron</span> <span class='ocrx_word' id='word_1_321' title='bbox 1265 3707 1289 3763; x_wconf 90' lang='lat' dir='ltr'>t.</span> <span class='ocrx_word' id='word_1_322' title='bbox 1313 3705 1352 3764; x_wconf 91' lang='grc'>10</span> <span class='ocrx_word' id='word_1_323' title='bbox 1373 3706 1417 3764; x_wconf 82' lang='grc'>11.</span> <span class='ocrx_word' id='word_1_324' title='bbox 1435 3706 1478 3765; x_wconf 60' lang='lat' dir='ltr'>tt</span> <span class='ocrx_word' id='word_1_325' title='bbox 1494 3721 1610 3765; x_wconf 89' lang='lat' dir='ltr'>versus</span> <span class='ocrx_word' id='word_1_326' title='bbox 1625 3700 1701 3775; x_wconf 89' lang='lat' dir='ltr'>lin.‚</span> 
     </span>
     <span class='ocr_line' id='line_1_33' title="bbox 364 3803 1702 3894; baseline -0.001 -23"><span class='ocrx_word' id='word_1_327' title='bbox 364 3803 459 3892; x_wconf 77' lang='lat' dir='ltr'>Siste.</span> <span class='ocrx_word' id='word_1_328' title='bbox 481 3807 540 3870; x_wconf 95' lang='lat' dir='ltr'>lib.</span> <span class='ocrx_word' id='word_1_329' title='bbox 560 3813 669 3894; x_wconf 76' lang='lat' dir='ltr'>Scap.</span> <span class='ocrx_word' id='word_1_330' title='bbox 690 3812 728 3871; x_wconf 89' lang='grc'>19</span> <span class='ocrx_word' id='word_1_331' title='bbox 745 3828 804 3893; x_wconf 93' lang='lat' dir='ltr'>qu.</span> <span class='ocrx_word' id='word_1_332' title='bbox 823 3811 854 3869; x_wconf 71' lang='lat'>⁴2.</span> <span class='ocrx_word' id='word_1_333' title='bbox 875 3810 1028 3882; x_wconf 78' lang='lat' dir='ltr'>hemum,</span> <span class='ocrx_word' id='word_1_334' title='bbox 1047 3812 1083 3870; x_wconf 93' lang='lat' dir='ltr'>ut</span> <span class='ocrx_word' id='word_1_335' title='bbox 1103 3804 1185 3871; x_wconf 93' lang='lat' dir='ltr'>olim</span> <span class='ocrx_word' id='word_1_336' title='bbox 1202 3807 1237 3869; x_wconf 94' lang='lat' dir='ltr'>in</span> <span class='ocrx_word' id='word_1_337' title='bbox 1256 3810 1411 3892; x_wconf 76' lang='lat' dir='ltr'>Aegypto</span> <span class='ocrx_word' id='word_1_338' title='bbox 1429 3811 1507 3870; x_wconf 94' lang='lat' dir='ltr'>ante</span> <span class='ocrx_word' id='word_1_339' title='bbox 1531 3807 1702 3872; x_wconf 89' lang='lat' dir='ltr'>mactatio-</span> 
     </span>
     <span class='ocr_line' id='line_1_34' title="bbox 364 3911 1702 4001; baseline -0.001 -23"><span class='ocrx_word' id='word_1_340' title='bbox 364 3934 442 3978; x_wconf 88' lang='lat' dir='ltr'>nem</span> <span class='ocrx_word' id='word_1_341' title='bbox 459 3912 541 3997; x_wconf 86' lang='lat' dir='ltr'>agni</span> <span class='ocrx_word' id='word_1_342' title='bbox 557 3911 727 3998; x_wconf 86' lang='lat' dir='ltr'>paschalis</span> <span class='ocrx_word' id='word_1_343' title='bbox 749 3911 908 3976; x_wconf 87' lang='lat' dir='ltr'>tenebrae</span> <span class='ocrx_word' id='word_1_344' title='bbox 928 3912 1106 4001; x_wconf 78' lang='lat' dir='ltr'>Aegyptiis</span> <span class='ocrx_word' id='word_1_345' title='bbox 1121 3911 1368 3993; x_wconf 89' lang='lat' dir='ltr'>incubuerunt,</span> <span class='ocrx_word' id='word_1_346' title='bbox 1395 3913 1442 3976; x_wconf 87' lang='lat' dir='ltr'>ita</span> <span class='ocrx_word' id='word_1_347' title='bbox 1466 3921 1543 3978; x_wconf 91' lang='lat' dir='ltr'>ante</span> <span class='ocrx_word' id='word_1_348' title='bbox 1558 3919 1702 3978; x_wconf 90' lang='lat' dir='ltr'>mortem</span> 
     </span>
     <span class='ocr_line' id='line_1_35' title="bbox 365 4017 1699 4105; baseline -0.001 -21"><span class='ocrx_word' id='word_1_349' title='bbox 365 4025 398 4084; x_wconf 91' lang='lat' dir='ltr'>et</span> <span class='ocrx_word' id='word_1_350' title='bbox 413 4017 681 4083; x_wconf 91' lang='lat' dir='ltr'>immolationem</span> <span class='ocrx_word' id='word_1_351' title='bbox 695 4020 766 4083; x_wconf 79' lang='lat' dir='ltr'>veri</span> <span class='ocrx_word' id='word_1_352' title='bbox 786 4018 875 4103; x_wconf 78' lang='lat' dir='ltr'>agni</span> <span class='ocrx_word' id='word_1_353' title='bbox 896 4019 952 4082; x_wconf 83' lang='lat' dir='ltr'>llci</span> <span class='ocrx_word' id='word_1_354' title='bbox 973 4019 1095 4083; x_wconf 90' lang='lat' dir='ltr'>merito</span> <span class='ocrx_word' id='word_1_355' title='bbox 1114 4026 1209 4083; x_wconf 92' lang='lat' dir='ltr'>ortae</span> <span class='ocrx_word' id='word_1_356' title='bbox 1230 4025 1309 4084; x_wconf 94' lang='lat' dir='ltr'>sunt</span> <span class='ocrx_word' id='word_1_357' title='bbox 1328 4018 1490 4084; x_wconf 90' lang='lat' dir='ltr'>tenebrae</span> <span class='ocrx_word' id='word_1_358' title='bbox 1511 4018 1568 4105; x_wconf 90' lang='lat' dir='ltr'>(cf.</span> <span class='ocrx_word' id='word_1_359' title='bbox 1591 4019 1699 4099; x_wconf 64' lang='lat' dir='ltr'>Vrec).</span> 
     </span>
    </p>

    <p class='ocr_par' dir='ltr' id='par_1_6' title="bbox 365 4123 1703 4638">
     <span class='ocr_line' id='line_1_36' title="bbox 410 4123 1699 4211; baseline 0 -23"><span class='ocrx_word' id='word_1_360' title='bbox 410 4129 548 4211; x_wconf 84' lang='lat' dir='ltr'>insuper</span> <span class='ocrx_word' id='word_1_361' title='bbox 565 4123 634 4188; x_wconf 92' lang='lat' dir='ltr'>istis</span> <span class='ocrx_word' id='word_1_362' title='bbox 653 4124 802 4189; x_wconf 89' lang='lat' dir='ltr'>tenebris</span> <span class='ocrx_word' id='word_1_363' title='bbox 821 4124 922 4190; x_wconf 90' lang='lat' dir='ltr'>etiam</span> <span class='ocrx_word' id='word_1_364' title='bbox 940 4123 1130 4208; x_wconf 84' lang='lat' dir='ltr'>significari</span> <span class='ocrx_word' id='word_1_365' title='bbox 1149 4124 1285 4190; x_wconf 85' lang='lat' dir='ltr'>videtur</span> <span class='ocrx_word' id='word_1_366' title='bbox 1302 4124 1364 4190; x_wconf 88' lang='lat' dir='ltr'>illa</span> <span class='ocrx_word' id='word_1_367' title='bbox 1382 4124 1556 4190; x_wconf 88' lang='lat' dir='ltr'>derelictio</span> <span class='ocrx_word' id='word_1_368' title='bbox 1575 4123 1616 4188; x_wconf 89' lang='lat' dir='ltr'>de</span> <span class='ocrx_word' id='word_1_369' title='bbox 1635 4147 1699 4211; x_wconf 88' lang='lat' dir='ltr'>qua</span> 
     </span>
     <span class='ocr_line' id='line_1_37' title="bbox 367 4229 1703 4296; baseline -0.001 0"><span class='ocrx_word' id='word_1_370' title='bbox 367 4235 454 4296; x_wconf 89' lang='lat' dir='ltr'>lesus</span> <span class='ocrx_word' id='word_1_371' title='bbox 479 4231 515 4295; x_wconf 93' lang='lat' dir='ltr'>in</span> <span class='ocrx_word' id='word_1_372' title='bbox 536 4230 639 4295; x_wconf 89' lang='lat' dir='ltr'>tantis</span> <span class='ocrx_word' id='word_1_373' title='bbox 660 4229 868 4295; x_wconf 90' lang='lat' dir='ltr'>cruciatibus</span> <span class='ocrx_word' id='word_1_374' title='bbox 888 4230 1001 4296; x_wconf 88' lang='lat' dir='ltr'>verbis</span> <span class='ocrx_word' id='word_1_375' title='bbox 1022 4235 1071 4295; x_wconf 82' lang='lat' dir='ltr'>Ps.</span> <span class='ocrx_word' id='word_1_376' title='bbox 1097 4237 1137 4295; x_wconf 74' lang='lat'>21</span> <span class='ocrx_word' id='word_1_377' title='bbox 1161 4232 1397 4296; x_wconf 91' lang='lat' dir='ltr'>testimonium</span> <span class='ocrx_word' id='word_1_378' title='bbox 1420 4229 1534 4296; x_wconf 91' lang='lat' dir='ltr'>reddit</span> <span class='ocrx_word' id='word_1_379' title='bbox 1553 4253 1583 4295; x_wconf 95' lang='lat' dir='ltr'>v.</span> <span class='ocrx_word' id='word_1_380' title='bbox 1607 4235 1649 4295; x_wconf 79' lang='lat' dir='ltr'>at</span> <span class='ocrx_word' id='word_1_381' title='bbox 1670 4244 1703 4295; x_wconf 83' lang='lat' dir='ltr'>et</span> 
     </span>
     <span class='ocr_line' id='line_1_38' title="bbox 365 4335 1702 4424; baseline 0 -22"><span class='ocrx_word' id='word_1_382' title='bbox 365 4337 448 4402; x_wconf 79' lang='lat' dir='ltr'>bore</span> <span class='ocrx_word' id='word_1_383' title='bbox 471 4359 560 4402; x_wconf 81' lang='lat' dir='ltr'>nono</span> <span class='ocrx_word' id='word_1_384' title='bbox 578 4337 785 4402; x_wconf 71' lang='lat' dir='ltr'>acclamarit</span> <span class='ocrx_word' id='word_1_385' title='bbox 800 4338 890 4402; x_wconf 80' lang='lat' dir='ltr'>lesus</span> <span class='ocrx_word' id='word_1_386' title='bbox 907 4359 984 4401; x_wconf 82' lang='lat' dir='ltr'>cece</span> <span class='ocrx_word' id='word_1_387' title='bbox 1000 4359 1127 4424; x_wconf 77' lang='lat' dir='ltr'>maqna</span> <span class='ocrx_word' id='word_1_388' title='bbox 1141 4336 1258 4402; x_wconf 82' lang='lat' dir='ltr'>dicens</span> <span class='ocrx_word' id='word_1_389' title='bbox 1274 4359 1285 4402; x_wconf 89' lang='lat'><em>:</em></span> <span class='ocrx_word' id='word_1_390' title='bbox 1304 4335 1394 4416; x_wconf 85' lang='lat' dir='ltr'>Elei,</span> <span class='ocrx_word' id='word_1_391' title='bbox 1411 4337 1491 4402; x_wconf 86' lang='lat' dir='ltr'>Elei</span> <span class='ocrx_word' id='word_1_392' title='bbox 1503 4335 1633 4402; x_wconf 73' lang='lat' dir='ltr'>laricino</span> <span class='ocrx_word' id='word_1_393' title='bbox 1648 4360 1702 4402; x_wconf 79' lang='lat' dir='ltr'>sa-</span> 
     </span>
     <span class='ocr_line' id='line_1_39' title="bbox 367 4442 1701 4532; baseline 0 -24"><span class='ocrx_word' id='word_1_394' title='bbox 367 4442 536 4521; x_wconf 62' lang='lat' dir='ltr'>becelmus,</span> <span class='ocrx_word' id='word_1_395' title='bbox 551 4442 701 4530; x_wconf 71' lang='lat' dir='ltr'>praedest</span> <span class='ocrx_word' id='word_1_396' title='bbox 716 4443 977 4530; x_wconf 78' lang='lat' dir='ltr'>interpretatum</span> <span class='ocrx_word' id='word_1_397' title='bbox 991 4465 1002 4508; x_wconf 90' lang='grc'>.·</span> <span class='ocrx_word' id='word_1_398' title='bbox 1019 4447 1108 4508; x_wconf 81' lang='lat' dir='ltr'>Deus</span> <span class='ocrx_word' id='word_1_399' title='bbox 1123 4465 1230 4522; x_wconf 85' lang='lat' dir='ltr'>meus,</span> <span class='ocrx_word' id='word_1_400' title='bbox 1249 4447 1336 4508; x_wconf 81' lang='lat' dir='ltr'>Deus</span> <span class='ocrx_word' id='word_1_401' title='bbox 1351 4465 1445 4508; x_wconf 85' lang='lat' dir='ltr'>meus</span> <span class='ocrx_word' id='word_1_402' title='bbox 1461 4456 1498 4508; x_wconf 80' lang='lat' dir='ltr'>ut</span> <span class='ocrx_word' id='word_1_403' title='bbox 1512 4443 1598 4532; x_wconf 79' lang='lat' dir='ltr'>quid</span> <span class='ocrx_word' id='word_1_404' title='bbox 1608 4443 1701 4509; x_wconf 86' lang='lat' dir='ltr'>derc-</span> 
     </span>
     <span class='ocr_line' id='line_1_40' title="bbox 367 4547 1701 4638; baseline 0.001 -26"><span class='ocrx_word' id='word_1_405' title='bbox 367 4547 497 4637; x_wconf 79' lang='lat' dir='ltr'>liquisti</span> <span class='ocrx_word' id='word_1_406' title='bbox 510 4553 580 4613; x_wconf 73' lang='lat' dir='ltr'>iric!</span> <span class='ocrx_word' id='word_1_407' title='bbox 596 4548 738 4638; x_wconf 88' lang='lat' dir='ltr'>proinde</span> <span class='ocrx_word' id='word_1_408' title='bbox 757 4557 898 4614; x_wconf 88' lang='lat' dir='ltr'>testatur</span> <span class='ocrx_word' id='word_1_409' title='bbox 910 4552 1087 4615; x_wconf 81' lang='lat' dir='ltr'>accessisse</span> <span class='ocrx_word' id='word_1_410' title='bbox 1102 4548 1147 4614; x_wconf 91' lang='lat' dir='ltr'>ad</span> <span class='ocrx_word' id='word_1_411' title='bbox 1163 4550 1334 4616; x_wconf 87' lang='lat' dir='ltr'>horrenda</span> <span class='ocrx_word' id='word_1_412' title='bbox 1350 4550 1408 4616; x_wconf 94' lang='lat' dir='ltr'>illa</span> <span class='ocrx_word' id='word_1_413' title='bbox 1424 4550 1578 4615; x_wconf 90' lang='lat' dir='ltr'>omnium</span> <span class='ocrx_word' id='word_1_414' title='bbox 1599 4572 1701 4616; x_wconf 92' lang='lat' dir='ltr'>mem·</span> 
     </span>
    </p>
   </div>
   <div class='ocr_carea' id='block_1_6' title="bbox 368 4715 1703 4863">
    <p class='ocr_par' dir='ltr' id='par_1_7' title="bbox 368 4715 1703 4863">
     <span class='ocr_line' id='line_1_41' title="bbox 368 4715 1703 4782; baseline -0.001 -17"><span class='ocrx_word' id='word_1_415' title='bbox 368 4717 406 4767; x_wconf 83' lang='lat' dir='ltr'>nis</span> <span class='ocrx_word' id='word_1_416' title='bbox 420 4717 529 4765; x_wconf 81' lang='lat' dir='ltr'>chronic.</span> <span class='ocrx_word' id='word_1_417' title='bbox 546 4716 645 4765; x_wconf 83' lang='lat' dir='ltr'>Euscbii</span> <span class='ocrx_word' id='word_1_418' title='bbox 662 4722 696 4768; x_wconf 84' lang='grc' dir='ltr'>Μ.</span> <span class='ocrx_word' id='word_1_419' title='bbox 714 4721 815 4775; x_wconf 62' lang='lat' dir='ltr'>Mil:</span> <span class='ocrx_word' id='word_1_420' title='bbox 838 4715 890 4780; x_wconf 83' lang='lat' dir='ltr'>ipse</span> <span class='ocrx_word' id='word_1_421' title='bbox 905 4717 1003 4767; x_wconf 81' lang='lat' dir='ltr'>accedit</span> <span class='ocrx_word' id='word_1_422' title='bbox 1020 4717 1097 4767; x_wconf 86' lang='lat' dir='ltr'>etiam</span> <span class='ocrx_word' id='word_1_423' title='bbox 1114 4718 1255 4766; x_wconf 85' lang='lat' dir='ltr'>sententiar.</span> <span class='ocrx_word' id='word_1_424' title='bbox 1276 4717 1407 4780; x_wconf 80' lang='lat' dir='ltr'>origenis,</span> <span class='ocrx_word' id='word_1_425' title='bbox 1427 4731 1493 4781; x_wconf 89' lang='lat' dir='ltr'>quae</span> <span class='ocrx_word' id='word_1_426' title='bbox 1515 4718 1540 4766; x_wconf 92' lang='lat' dir='ltr'>in</span> <span class='ocrx_word' id='word_1_427' title='bbox 1559 4717 1703 4782; x_wconf 56' lang='lat' dir='ltr'>apocrypho</span> 
     </span>
     <span class='ocr_line' id='line_1_42' title="bbox 368 4798 868 4863; baseline -0.002 -17"><span class='ocrx_word' id='word_1_428' title='bbox 368 4800 434 4846; x_wconf 75' lang='lat' dir='ltr'>retu</span> <span class='ocrx_word' id='word_1_429' title='bbox 447 4798 578 4854; x_wconf 69' lang='lat' dir='ltr'>evaugelio</span> <span class='ocrx_word' id='word_1_430' title='bbox 591 4812 693 4861; x_wconf 87' lang='lat' dir='ltr'>quoque</span> <span class='ocrx_word' id='word_1_431' title='bbox 707 4798 868 4863; x_wconf 80' lang='lat' dir='ltr'>exprimitur.</span> 
     </span>
    </p>
   </div>
   <div class='ocr_carea' id='block_1_7' title="bbox 0 0 1984 5654">
    <p class='ocr_par' dir='ltr' id='par_1_8' title="bbox 0 0 1984 5654">
     <span class='ocr_line' id='line_1_43' title="bbox 0 0 1984 5654; baseline 0 1"><span class='ocrx_word' id='word_1_432' title='bbox 0 0 1984 5654; x_wconf 95' lang='lat' dir='ltr'> </span> 
     </span>
    </p>
   </div>
  </div>
 </body>
</html>
