<?xml version="1.0" encoding="UTF-8"?>
<!DOCTYPE html PUBLIC "-//W3C//DTD XHTML 1.0 Transitional//EN"
    "http://www.w3.org/TR/xhtml1/DTD/xhtml1-transitional.dtd">
<html xmlns="http://www.w3.org/1999/xhtml" xml:lang="en" lang="en">
 <head>
  <title>
</title>
<meta http-equiv="Content-Type" content="text/html;charset=utf-8" />
  <meta name='ocr-system' content='tesseract 3.04.00' />
  <meta name='ocr-capabilities' content='ocr_page ocr_carea ocr_par ocr_line ocrx_word'/>
</head>
<body>
  <div class='ocr_page' id='page_1' title='image "./commentariusinq01knabgoog_0065.png"; bbox 0 0 3960 5654; ppageno 0'>
   <div class='ocr_carea' id='block_1_1' title="bbox 171 106 1834 243">
    <p class='ocr_par' dir='ltr' id='par_1_1' title="bbox 171 106 1834 243">
     <span class='ocr_line' id='line_1_1' title="bbox 802 106 1823 131; baseline 0 -4"><span class='ocrx_word' id='word_1_1' title='bbox 802 123 804 127; x_wconf 75' lang='grc'>,</span> <span class='ocrx_word' id='word_1_2' title='bbox 846 115 850 120; x_wconf 67' lang='lat'><strong>¹</strong></span> <span class='ocrx_word' id='word_1_3' title='bbox 1011 118 1016 127; x_wconf 81' lang='grc' dir='ltr'>ι</span> <span class='ocrx_word' id='word_1_4' title='bbox 1129 114 1167 130; x_wconf 76' lang='grc'><strong>,.’</strong></span> <span class='ocrx_word' id='word_1_5' title='bbox 1215 120 1219 131; x_wconf 45' lang='grc' dir='ltr'><strong>,ι</strong></span> <span class='ocrx_word' id='word_1_6' title='bbox 1260 114 1302 131; x_wconf 76' lang='grc'><strong>·,</strong></span> <span class='ocrx_word' id='word_1_7' title='bbox 1346 109 1415 125; x_wconf 54' lang='lat' dir='ltr'><strong>-“¹u</strong></span> <span class='ocrx_word' id='word_1_8' title='bbox 1448 108 1503 130; x_wconf 68' lang='lat'><strong>]·›.</strong></span> <span class='ocrx_word' id='word_1_9' title='bbox 1649 123 1650 127; x_wconf 67' lang='grc'>,</span> <span class='ocrx_word' id='word_1_10' title='bbox 1750 106 1755 113; x_wconf 80' lang='lat'>⁸</span> <span class='ocrx_word' id='word_1_11' title='bbox 1802 110 1823 131; x_wconf 74' lang='lat'><strong>‚¹</strong></span> 
     </span>
     <span class='ocr_line' id='line_1_2' title="bbox 171 117 1834 209; baseline 0.001 -35"><span class='ocrx_word' id='word_1_12' title='bbox 171 138 175 145; x_wconf 93' lang='lat'><em>·</em></span> <span class='ocrx_word' id='word_1_13' title='bbox 215 154 219 166; x_wconf 84' lang='lat'><strong>·</strong></span> <span class='ocrx_word' id='word_1_14' title='bbox 309 174 313 181; x_wconf 75' lang='grc'><em>,</em></span> <span class='ocrx_word' id='word_1_15' title='bbox 370 144 379 174; x_wconf 90' lang='grc'><strong>·.</strong></span> <span class='ocrx_word' id='word_1_16' title='bbox 565 153 575 172; x_wconf 46' lang='lat' dir='ltr'><strong>a</strong></span> <span class='ocrx_word' id='word_1_17' title='bbox 596 155 599 163; x_wconf 87' lang='lat'>-</span> <span class='ocrx_word' id='word_1_18' title='bbox 691 161 694 164; x_wconf 61' lang='grc'><strong>»</strong></span> <span class='ocrx_word' id='word_1_19' title='bbox 722 135 745 156; x_wconf 78' lang='grc'><strong>-’</strong></span> <span class='ocrx_word' id='word_1_20' title='bbox 785 125 892 161; x_wconf 79' lang='lat'><strong>⁴</strong></span> <span class='ocrx_word' id='word_1_21' title='bbox 976 125 1188 195; x_wconf 27' lang='lat' dir='ltr'><strong>1-2,‡=‚=;a·⁴.·..eig;p÷-r</strong></span> <span class='ocrx_word' id='word_1_22' title='bbox 1200 117 1366 209; x_wconf 46' lang='lat' dir='ltr'><strong>&amp;effregit-itr-</strong></span> <span class='ocrx_word' id='word_1_23' title='bbox 1378 120 1456 181; x_wconf 53' lang='lat' dir='ltr'><strong>,.·⁴1j.·,:.5&#39;·.1</strong></span> <span class='ocrx_word' id='word_1_24' title='bbox 1479 131 1494 141; x_wconf 86' lang='grc'><strong>’“</strong></span> <span class='ocrx_word' id='word_1_25' title='bbox 1530 128 1582 169; x_wconf 62' lang='lat'><strong>··⁸.:.-.</strong></span> <span class='ocrx_word' id='word_1_26' title='bbox 1632 146 1648 170; x_wconf 69' lang='lat' dir='ltr'><em>a</em></span> <span class='ocrx_word' id='word_1_27' title='bbox 1693 146 1701 180; x_wconf 58' lang='grc' dir='ltr'><em>γ</em></span> <span class='ocrx_word' id='word_1_28' title='bbox 1810 134 1834 193; x_wconf 42' lang='lat'><strong>¹1.</strong></span> 
     </span>
     <span class='ocr_line' id='line_1_3' title="bbox 213 170 1833 243; baseline 0.002 -32"><span class='ocrx_word' id='word_1_29' title='bbox 213 176 229 239; x_wconf 48' lang='lat' dir='ltr'><strong>t!</strong></span> <span class='ocrx_word' id='word_1_30' title='bbox 410 176 413 189; x_wconf 57' lang='grc' dir='ltr'>Ι</span> <span class='ocrx_word' id='word_1_31' title='bbox 458 195 465 211; x_wconf 77' lang='grc' dir='ltr'>ι</span> <span class='ocrx_word' id='word_1_32' title='bbox 497 200 501 209; x_wconf 82' lang='grc' dir='ltr'>ι</span> <span class='ocrx_word' id='word_1_33' title='bbox 618 180 648 217; x_wconf 54' lang='grc' dir='ltr'><strong>,Γ</strong></span> <span class='ocrx_word' id='word_1_34' title='bbox 742 203 747 237; x_wconf 79' lang='grc' dir='ltr'><strong>Ιι</strong></span> <span class='ocrx_word' id='word_1_35' title='bbox 773 179 826 230; x_wconf 34' lang='lat'><strong>&#39;2¹⁵3</strong></span> <span class='ocrx_word' id='word_1_36' title='bbox 845 190 862 219; x_wconf 79' lang='lat'><strong>,&#39;.</strong></span> <span class='ocrx_word' id='word_1_37' title='bbox 891 191 895 197; x_wconf 96' lang='grc'><em>“</em></span> <span class='ocrx_word' id='word_1_38' title='bbox 939 170 1371 243; x_wconf 36' lang='grc' dir='ltr'><strong>ἴ,&gt;ἷῖ.ΐι;)ιξ1“’ν(ι’ΐ,ξ·ἷνι’)ῥῖ,““.;·,“Ι,)“.ἶ’,“ξ</strong></span> <span class='ocrx_word' id='word_1_39' title='bbox 1389 178 1489 235; x_wconf 41' lang='lat' dir='ltr'><strong>=¹.&#39;&#39;,¹&lt;,·.‚&#39;.&#39;ra¹</strong></span> <span class='ocrx_word' id='word_1_40' title='bbox 1503 210 1508 219; x_wconf 76' lang='grc'>,</span> <span class='ocrx_word' id='word_1_41' title='bbox 1524 179 1628 227; x_wconf 46' lang='grc' dir='ltr'><strong>μὴ’·’ῧμῖ</strong></span> <span class='ocrx_word' id='word_1_42' title='bbox 1658 185 1670 195; x_wconf 57' lang='lat'><strong>⁷⁴</strong></span> <span class='ocrx_word' id='word_1_43' title='bbox 1696 199 1706 214; x_wconf 71' lang='grc'><strong>’.</strong></span> <span class='ocrx_word' id='word_1_44' title='bbox 1757 185 1767 205; x_wconf 35' lang='lat'><strong>¹*</strong></span> <span class='ocrx_word' id='word_1_45' title='bbox 1783 180 1833 235; x_wconf 39' lang='lat'><strong>&#39;¹⁵:¹⁴3</strong></span> 
     </span>
    </p>
   </div>
   <div class='ocr_carea' id='block_1_2' title="bbox 374 538 1147 622">
    <p class='ocr_par' dir='ltr' id='par_1_2' title="bbox 374 538 1147 622">
     <span class='ocr_line' id='line_1_4' title="bbox 374 538 1147 622; baseline -0.003 -9"><span class='ocrx_word' id='word_1_46' title='bbox 374 538 414 613; x_wconf 74' lang='grc'><strong>50</strong></span> <span class='ocrx_word' id='word_1_47' title='bbox 929 569 1020 615; x_wconf 73' lang='lat' dir='ltr'><strong>nanc.</strong></span> <span class='ocrx_word' id='word_1_48' title='bbox 1045 554 1073 622; x_wconf 86' lang='lat' dir='ltr'><strong>l,</strong></span> <span class='ocrx_word' id='word_1_49' title='bbox 1097 553 1147 612; x_wconf 72' lang='grc'><strong>24.</strong></span> 
     </span>
    </p>
   </div>
   <div class='ocr_carea' id='block_1_3' title="bbox 312 697 1703 5090">
    <p class='ocr_par' dir='ltr' id='par_1_3' title="bbox 312 697 1703 2931">
     <span class='ocr_line' id='line_1_5' title="bbox 414 697 1688 782; baseline -0.002 -15"><span class='ocrx_word' id='word_1_50' title='bbox 414 705 495 767; x_wconf 86' lang='lat' dir='ltr'><strong>Sunt</strong></span> <span class='ocrx_word' id='word_1_51' title='bbox 509 705 565 782; x_wconf 92' lang='lat' dir='ltr'><strong>qui</strong></span> <span class='ocrx_word' id='word_1_52' title='bbox 584 704 644 760; x_wconf 76' lang='lat' dir='ltr'><strong>scio</strong></span> <span class='ocrx_word' id='word_1_53' title='bbox 667 702 825 780; x_wconf 83' lang='lat' dir='ltr'>explicent</span> <span class='ocrx_word' id='word_1_54' title='bbox 843 723 907 767; x_wconf 94' lang='lat' dir='ltr'><strong>non</strong></span> <span class='ocrx_word' id='word_1_55' title='bbox 923 706 962 765; x_wconf 93' lang='lat' dir='ltr'><strong>de</strong></span> <span class='ocrx_word' id='word_1_56' title='bbox 982 719 1055 762; x_wconf 87' lang='lat' dir='ltr'><strong>vora</strong></span> <span class='ocrx_word' id='word_1_57' title='bbox 1070 704 1101 762; x_wconf 91' lang='lat' dir='ltr'><strong>et</strong></span> <span class='ocrx_word' id='word_1_58' title='bbox 1121 710 1205 765; x_wconf 89' lang='lat' dir='ltr'><strong>certa</strong></span> <span class='ocrx_word' id='word_1_59' title='bbox 1220 703 1367 776; x_wconf 90' lang='lat' dir='ltr'><strong>scientia,</strong></span> <span class='ocrx_word' id='word_1_60' title='bbox 1382 697 1438 765; x_wconf 90' lang='lat' dir='ltr'><strong>sed</strong></span> <span class='ocrx_word' id='word_1_61' title='bbox 1453 702 1493 764; x_wconf 93' lang='lat' dir='ltr'><strong>de</strong></span> <span class='ocrx_word' id='word_1_62' title='bbox 1505 703 1612 780; x_wconf 93' lang='lat' dir='ltr'><strong>aliqua</strong></span> <span class='ocrx_word' id='word_1_63' title='bbox 1627 722 1688 765; x_wconf 95' lang='lat' dir='ltr'><strong>con</strong></span> 
     </span>
     <span class='ocr_line' id='line_1_6' title="bbox 373 799 1703 883; baseline -0.002 -22"><span class='ocrx_word' id='word_1_64' title='bbox 373 802 493 864; x_wconf 81' lang='lat' dir='ltr'><strong>iectura</strong></span> <span class='ocrx_word' id='word_1_65' title='bbox 517 799 566 859; x_wconf 87' lang='lat' dir='ltr'><strong>vel</strong></span> <span class='ocrx_word' id='word_1_66' title='bbox 586 799 778 877; x_wconf 78' lang='lat' dir='ltr'><strong>Suspicione.</strong></span> <span class='ocrx_word' id='word_1_67' title='bbox 800 805 846 863; x_wconf 83' lang='lat' dir='ltr'><strong>lta</strong></span> <span class='ocrx_word' id='word_1_68' title='bbox 868 804 929 862; x_wconf 80' lang='lat' dir='ltr'><strong>iam</strong></span> <span class='ocrx_word' id='word_1_69' title='bbox 958 801 1029 860; x_wconf 73' lang='lat' dir='ltr'><strong>Vict.</strong></span> <span class='ocrx_word' id='word_1_70' title='bbox 1055 802 1221 879; x_wconf 72' lang='grc' dir='ltr'>στοχάζομαι</span> <span class='ocrx_word' id='word_1_71' title='bbox 1239 805 1286 859; x_wconf 82' lang='grc' dir='ltr'><strong>σοῦ</strong></span> <span class='ocrx_word' id='word_1_72' title='bbox 1304 801 1352 871; x_wconf 78' lang='grc' dir='ltr'><strong>τὴν</strong></span> <span class='ocrx_word' id='word_1_73' title='bbox 1372 799 1534 883; x_wconf 69' lang='lat' dir='ltr'><strong>stupetactus,</strong></span> <span class='ocrx_word' id='word_1_74' title='bbox 1563 802 1703 860; x_wconf 75' lang='grc' dir='ltr'><strong>ὑποπτεύω</strong></span> 
     </span>
     <span class='ocr_line' id='line_1_7' title="bbox 370 895 1700 978; baseline 0.002 -22"><span class='ocrx_word' id='word_1_75' title='bbox 370 899 418 970; x_wconf 74' lang='grc' dir='ltr'><strong>τὴν</strong></span> <span class='ocrx_word' id='word_1_76' title='bbox 433 897 533 976; x_wconf 67' lang='grc' dir='ltr'>ἄφιξιν,</span> <span class='ocrx_word' id='word_1_77' title='bbox 548 895 682 959; x_wconf 89' lang='lat' dir='ltr'><strong>coniicio</strong></span> <span class='ocrx_word' id='word_1_78' title='bbox 698 902 785 960; x_wconf 94' lang='lat' dir='ltr'><strong>tuam</strong></span> <span class='ocrx_word' id='word_1_79' title='bbox 801 900 1030 978; x_wconf 82' lang='lat' dir='ltr'><strong>praesentiam,</strong></span> <span class='ocrx_word' id='word_1_80' title='bbox 1046 900 1191 978; x_wconf 91' lang='lat' dir='ltr'><strong>suspicor</strong></span> <span class='ocrx_word' id='word_1_81' title='bbox 1202 905 1294 960; x_wconf 90' lang='lat' dir='ltr'><strong>tuum</strong></span> <span class='ocrx_word' id='word_1_82' title='bbox 1309 899 1485 962; x_wconf 87' lang='lat' dir='ltr'><strong>adventum</strong></span> <span class='ocrx_word' id='word_1_83' title='bbox 1500 899 1700 976; x_wconf 91' lang='lat' dir='ltr'><strong>nequeenim</strong></span> 
     </span>
     <span class='ocr_line' id='line_1_8' title="bbox 370 995 1700 1075; baseline -0.002 -17"><span class='ocrx_word' id='word_1_84' title='bbox 370 1004 488 1059; x_wconf 89' lang='lat' dir='ltr'><strong>certam</strong></span> <span class='ocrx_word' id='word_1_85' title='bbox 504 998 537 1052; x_wconf 91' lang='lat' dir='ltr'><strong>et</strong></span> <span class='ocrx_word' id='word_1_86' title='bbox 552 995 678 1057; x_wconf 81' lang='lat' dir='ltr'><strong>sirmam</strong></span> <span class='ocrx_word' id='word_1_87' title='bbox 696 997 810 1057; x_wconf 84' lang='lat' dir='ltr'>habuit</span> <span class='ocrx_word' id='word_1_88' title='bbox 824 996 1040 1073; x_wconf 82' lang='lat' dir='ltr'><strong>cognitionem</strong></span> <span class='ocrx_word' id='word_1_89' title='bbox 1057 997 1127 1058; x_wconf 92' lang='lat' dir='ltr'><strong>eius</strong></span> <span class='ocrx_word' id='word_1_90' title='bbox 1139 995 1337 1075; x_wconf 90' lang='lat' dir='ltr'><strong>praesentiae</strong></span> <span class='ocrx_word' id='word_1_91' title='bbox 1353 1002 1386 1056; x_wconf 92' lang='lat' dir='ltr'><strong>et</strong></span> <span class='ocrx_word' id='word_1_92' title='bbox 1399 999 1426 1057; x_wconf 93' lang='lat' dir='ltr'><strong>si</strong></span> <span class='ocrx_word' id='word_1_93' title='bbox 1441 998 1501 1060; x_wconf 92' lang='lat' dir='ltr'><strong>hoc</strong></span> <span class='ocrx_word' id='word_1_94' title='bbox 1515 995 1596 1058; x_wconf 91' lang='lat' dir='ltr'><strong>scire</strong></span> <span class='ocrx_word' id='word_1_95' title='bbox 1611 995 1700 1056; x_wconf 87' lang='lat' dir='ltr'><strong>vide-</strong></span> 
     </span>
     <span class='ocr_line' id='line_1_9' title="bbox 369 1092 1702 1171; baseline -0.002 -17"><span class='ocrx_word' id='word_1_96' title='bbox 369 1101 429 1165; x_wconf 87' lang='lat' dir='ltr'><strong>tur,</strong></span> <span class='ocrx_word' id='word_1_97' title='bbox 447 1108 519 1151; x_wconf 93' lang='lat' dir='ltr'><strong>cum</strong></span> <span class='ocrx_word' id='word_1_98' title='bbox 535 1092 737 1155; x_wconf 86' lang='lat' dir='ltr'><strong>simulatione</strong></span> <span class='ocrx_word' id='word_1_99' title='bbox 755 1110 921 1153; x_wconf 87' lang='lat' dir='ltr'><strong>sermones</strong></span> <span class='ocrx_word' id='word_1_100' title='bbox 939 1093 1069 1171; x_wconf 78' lang='lat' dir='ltr'><strong>profert.</strong></span> <span class='ocrx_word' id='word_1_101' title='bbox 1087 1097 1127 1156; x_wconf 86' lang='lat' dir='ltr'><strong>Et</strong></span> <span class='ocrx_word' id='word_1_102' title='bbox 1140 1097 1209 1156; x_wconf 79' lang='lat' dir='ltr'><strong>Ate.</strong></span> <span class='ocrx_word' id='word_1_103' title='bbox 1229 1095 1478 1170; x_wconf 87' lang='lat' dir='ltr'><strong>interpretatur:</strong></span> <span class='ocrx_word' id='word_1_104' title='bbox 1495 1095 1702 1157; x_wconf 86' lang='lat' dir='ltr'><strong>vehementer</strong></span> 
     </span>
     <span class='ocr_line' id='line_1_10' title="bbox 367 1189 1698 1271; baseline 0.001 -23"><span class='ocrx_word' id='word_1_105' title='bbox 367 1193 459 1268; x_wconf 89' lang='lat' dir='ltr'><strong>puto,</strong></span> <span class='ocrx_word' id='word_1_106' title='bbox 479 1194 510 1249; x_wconf 91' lang='lat' dir='ltr'><strong>et</strong></span> <span class='ocrx_word' id='word_1_107' title='bbox 528 1189 618 1251; x_wconf 82' lang='lat' dir='ltr'><strong>Dion.</strong></span> <span class='ocrx_word' id='word_1_108' title='bbox 639 1193 811 1252; x_wconf 90' lang='lat' dir='ltr'><strong>daemones</strong></span> <span class='ocrx_word' id='word_1_109' title='bbox 833 1190 893 1250; x_wconf 91' lang='lat' dir='ltr'><strong>hoc</strong></span> <span class='ocrx_word' id='word_1_110' title='bbox 911 1208 976 1252; x_wconf 93' lang='lat' dir='ltr'><strong>non</strong></span> <span class='ocrx_word' id='word_1_111' title='bbox 996 1193 1126 1253; x_wconf 87' lang='lat' dir='ltr'><strong>scivisse</strong></span> <span class='ocrx_word' id='word_1_112' title='bbox 1148 1190 1340 1271; x_wconf 85' lang='lat' dir='ltr'><strong>certitudine</strong></span> <span class='ocrx_word' id='word_1_113' title='bbox 1360 1190 1505 1252; x_wconf 81' lang='lat' dir='ltr'><strong>absoluta</strong></span> <span class='ocrx_word' id='word_1_114' title='bbox 1527 1200 1559 1254; x_wconf 91' lang='lat' dir='ltr'><strong>et</strong></span> <span class='ocrx_word' id='word_1_115' title='bbox 1576 1190 1698 1264; x_wconf 83' lang='lat' dir='ltr'><strong>stabili;</strong></span> 
     </span>
     <span class='ocr_line' id='line_1_11' title="bbox 366 1287 1698 1370; baseline 0.002 -24"><span class='ocrx_word' id='word_1_116' title='bbox 366 1288 509 1366; x_wconf 90' lang='lat' dir='ltr'><strong>potuisse</strong></span> <span class='ocrx_word' id='word_1_117' title='bbox 522 1289 652 1368; x_wconf 92' lang='lat' dir='ltr'><strong>quidem</strong></span> <span class='ocrx_word' id='word_1_118' title='bbox 669 1287 701 1348; x_wconf 91' lang='lat' dir='ltr'><strong>id</strong></span> <span class='ocrx_word' id='word_1_119' title='bbox 721 1287 802 1347; x_wconf 92' lang='lat' dir='ltr'><strong>scire</strong></span> <span class='ocrx_word' id='word_1_120' title='bbox 822 1292 926 1360; x_wconf 89' lang='lat' dir='ltr'><strong>certo,</strong></span> <span class='ocrx_word' id='word_1_121' title='bbox 941 1289 1002 1350; x_wconf 91' lang='lat' dir='ltr'><strong>nisi</strong></span> <span class='ocrx_word' id='word_1_122' title='bbox 1017 1290 1125 1349; x_wconf 90' lang='lat' dir='ltr'><strong>divina</strong></span> <span class='ocrx_word' id='word_1_123' title='bbox 1140 1287 1375 1367; x_wconf 89' lang='lat' dir='ltr'><strong>dispensatione</strong></span> <span class='ocrx_word' id='word_1_124' title='bbox 1389 1287 1525 1349; x_wconf 84' lang='lat' dir='ltr'><strong>tuissent</strong></span> <span class='ocrx_word' id='word_1_125' title='bbox 1539 1289 1698 1370; x_wconf 81' lang='lat' dir='ltr'><strong>impediti,</strong></span> 
     </span>
     <span class='ocr_line' id='line_1_12' title="bbox 366 1384 1699 1464; baseline 0.003 -20"><span class='ocrx_word' id='word_1_126' title='bbox 366 1390 398 1444; x_wconf 93' lang='lat' dir='ltr'><strong>et</strong></span> <span class='ocrx_word' id='word_1_127' title='bbox 411 1385 495 1447; x_wconf 83' lang='lat' dir='ltr'><strong>lans.</strong></span> <span class='ocrx_word' id='word_1_128' title='bbox 515 1406 581 1447; x_wconf 91' lang='lat' dir='ltr'><strong>non</strong></span> <span class='ocrx_word' id='word_1_129' title='bbox 596 1403 666 1447; x_wconf 92' lang='lat' dir='ltr'><strong>esse</strong></span> <span class='ocrx_word' id='word_1_130' title='bbox 687 1385 866 1463; x_wconf 88' lang='lat' dir='ltr'><strong>putandum</strong></span> <span class='ocrx_word' id='word_1_131' title='bbox 886 1387 1057 1448; x_wconf 90' lang='lat' dir='ltr'><strong>daemones</strong></span> <span class='ocrx_word' id='word_1_132' title='bbox 1076 1385 1207 1446; x_wconf 85' lang='lat' dir='ltr'><strong>scivisse</strong></span> <span class='ocrx_word' id='word_1_133' title='bbox 1222 1385 1306 1464; x_wconf 94' lang='lat' dir='ltr'><strong>quod</strong></span> <span class='ocrx_word' id='word_1_134' title='bbox 1322 1405 1354 1448; x_wconf 93' lang='lat' dir='ltr'><strong>se</strong></span> <span class='ocrx_word' id='word_1_135' title='bbox 1373 1386 1454 1447; x_wconf 90' lang='lat' dir='ltr'><strong>scire</strong></span> <span class='ocrx_word' id='word_1_136' title='bbox 1469 1384 1627 1461; x_wconf 81' lang='lat' dir='ltr'><strong>dicerent,</strong></span> <span class='ocrx_word' id='word_1_137' title='bbox 1643 1387 1699 1448; x_wconf 90' lang='lat' dir='ltr'><strong>sed</strong></span> 
     </span>
     <span class='ocr_line' id='line_1_13' title="bbox 364 1481 1697 1562; baseline 0.001 -20"><span class='ocrx_word' id='word_1_138' title='bbox 364 1500 419 1544; x_wconf 92' lang='lat' dir='ltr'><strong>eos</strong></span> <span class='ocrx_word' id='word_1_139' title='bbox 432 1484 622 1547; x_wconf 89' lang='lat' dir='ltr'><strong>coniecturis</strong></span> <span class='ocrx_word' id='word_1_140' title='bbox 634 1481 826 1562; x_wconf 91' lang='lat' dir='ltr'><strong>quibusdam</strong></span> <span class='ocrx_word' id='word_1_141' title='bbox 840 1502 909 1546; x_wconf 92' lang='lat' dir='ltr'><strong>esse</strong></span> <span class='ocrx_word' id='word_1_142' title='bbox 926 1484 1103 1562; x_wconf 91' lang='lat' dir='ltr'><strong>suspicatos</strong></span> <span class='ocrx_word' id='word_1_143' title='bbox 1117 1488 1194 1544; x_wconf 89' lang='lat' dir='ltr'><strong>etse</strong></span> <span class='ocrx_word' id='word_1_144' title='bbox 1210 1483 1289 1545; x_wconf 90' lang='lat' dir='ltr'><strong>scire</strong></span> <span class='ocrx_word' id='word_1_145' title='bbox 1304 1483 1502 1545; x_wconf 89' lang='lat' dir='ltr'><strong>mendaciter</strong></span> <span class='ocrx_word' id='word_1_146' title='bbox 1515 1484 1697 1546; x_wconf 86' lang='lat' dir='ltr'><strong>asseruisse.</strong></span> 
     </span>
     <span class='ocr_line' id='line_1_14' title="bbox 312 1567 1699 1661; baseline 0 -19"><span class='ocrx_word' id='word_1_147' title='bbox 312 1653 316 1661; x_wconf 37' lang='grc'><strong>,</strong></span> <span class='ocrx_word' id='word_1_148' title='bbox 363 1581 464 1652; x_wconf 85' lang='lat' dir='ltr'><strong>Quare</strong></span> <span class='ocrx_word' id='word_1_149' title='bbox 483 1581 595 1644; x_wconf 86' lang='lat' dir='ltr'><strong>incidit</strong></span> <span class='ocrx_word' id='word_1_150' title='bbox 611 1581 758 1642; x_wconf 90' lang='lat' dir='ltr'><strong>hocloco</strong></span> <span class='ocrx_word' id='word_1_151' title='bbox 777 1581 937 1658; x_wconf 88' lang='lat' dir='ltr'><strong>quaestio,</strong></span> <span class='ocrx_word' id='word_1_152' title='bbox 957 1586 1064 1643; x_wconf 91' lang='lat' dir='ltr'><strong>utrum</strong></span> <span class='ocrx_word' id='word_1_153' title='bbox 1079 1567 1325 1660; x_wconf 60' lang='lat' dir='ltr'><strong>daemones&#39;per</strong></span> <span class='ocrx_word' id='word_1_154' title='bbox 1339 1581 1436 1642; x_wconf 84' lang='lat' dir='ltr'><strong>vitam</strong></span> <span class='ocrx_word' id='word_1_155' title='bbox 1451 1581 1521 1644; x_wconf 89' lang='lat' dir='ltr'><strong>lesu</strong></span> <span class='ocrx_word' id='word_1_156' title='bbox 1537 1580 1699 1661; x_wconf 88' lang='lat' dir='ltr'><strong>publicam</strong></span> 
     </span>
     <span class='ocr_line' id='line_1_15' title="bbox 363 1678 1699 1759; baseline 0.001 -21"><span class='ocrx_word' id='word_1_157' title='bbox 363 1680 514 1741; x_wconf 84' lang='lat' dir='ltr'><strong>sciverint</strong></span> <span class='ocrx_word' id='word_1_158' title='bbox 529 1681 633 1741; x_wconf 89' lang='lat' dir='ltr'><strong>lesum</strong></span> <span class='ocrx_word' id='word_1_159' title='bbox 649 1695 719 1739; x_wconf 86' lang='lat' dir='ltr'><strong>esse</strong></span> <span class='ocrx_word' id='word_1_160' title='bbox 737 1679 883 1740; x_wconf 85' lang='lat' dir='ltr'><strong>Messiam</strong></span> <span class='ocrx_word' id='word_1_161' title='bbox 899 1683 931 1739; x_wconf 92' lang='lat' dir='ltr'><strong>et</strong></span> <span class='ocrx_word' id='word_1_162' title='bbox 950 1678 1065 1740; x_wconf 74' lang='lat' dir='ltr'><strong>Filium</strong></span> <span class='ocrx_word' id='word_1_163' title='bbox 1085 1679 1142 1740; x_wconf 89' lang='lat' dir='ltr'><strong>Dei</strong></span> <span class='ocrx_word' id='word_1_164' title='bbox 1159 1696 1269 1740; x_wconf 89' lang='lat' dir='ltr'><strong>necne.</strong></span> <span class='ocrx_word' id='word_1_165' title='bbox 1285 1681 1404 1741; x_wconf 67' lang='lat' dir='ltr'><strong>‘Auctor</strong></span> <span class='ocrx_word' id='word_1_166' title='bbox 1423 1680 1646 1759; x_wconf 84' lang='lat' dir='ltr'><strong>quaestionum</strong></span> <span class='ocrx_word' id='word_1_167' title='bbox 1661 1697 1699 1741; x_wconf 86' lang='lat' dir='ltr'><strong>ex</strong></span> 
     </span>
     <span class='ocr_line' id='line_1_16' title="bbox 361 1775 1698 1856; baseline 0.001 -20"><span class='ocrx_word' id='word_1_168' title='bbox 361 1795 444 1839; x_wconf 87' lang='lat' dir='ltr'><strong>novo</strong></span> <span class='ocrx_word' id='word_1_169' title='bbox 461 1780 651 1838; x_wconf 84' lang='lat' dir='ltr'><strong>testamento</strong></span> <span class='ocrx_word' id='word_1_170' title='bbox 667 1775 724 1854; x_wconf 94' lang='lat' dir='ltr'><strong>qui</strong></span> <span class='ocrx_word' id='word_1_171' title='bbox 748 1775 826 1835; x_wconf 92' lang='lat' dir='ltr'><strong>olim</strong></span> <span class='ocrx_word' id='word_1_172' title='bbox 842 1777 874 1838; x_wconf 86' lang='lat' dir='ltr'><strong>S.</strong></span> <span class='ocrx_word' id='word_1_173' title='bbox 894 1777 1089 1855; x_wconf 79' lang='lat' dir='ltr'><strong>Augustinus</strong></span> <span class='ocrx_word' id='word_1_174' title='bbox 1108 1777 1278 1856; x_wconf 90' lang='lat' dir='ltr'><strong>putabatur</strong></span> <span class='ocrx_word' id='word_1_175' title='bbox 1293 1782 1401 1838; x_wconf 89' lang='lat' dir='ltr'><strong>censet</strong></span> <span class='ocrx_word' id='word_1_176' title='bbox 1421 1778 1552 1838; x_wconf 84' lang='lat' dir='ltr'><strong>scivisse</strong></span> <span class='ocrx_word' id='word_1_177' title='bbox 1569 1778 1698 1855; x_wconf 90' lang='lat' dir='ltr'><strong>quidem</strong></span> 
     </span>
     <span class='ocr_line' id='line_1_17' title="bbox 361 1867 1698 1954; baseline 0 -19"><span class='ocrx_word' id='word_1_178' title='bbox 361 1875 465 1936; x_wconf 92' lang='lat' dir='ltr'><strong>lesum</strong></span> <span class='ocrx_word' id='word_1_179' title='bbox 485 1892 555 1934; x_wconf 93' lang='lat' dir='ltr'><strong>esse</strong></span> <span class='ocrx_word' id='word_1_180' title='bbox 570 1892 645 1935; x_wconf 91' lang='lat' dir='ltr'><strong>eum</strong></span> <span class='ocrx_word' id='word_1_181' title='bbox 660 1873 714 1952; x_wconf 91' lang='lat' dir='ltr'><strong>qui</strong></span> <span class='ocrx_word' id='word_1_182' title='bbox 731 1873 763 1933; x_wconf 88' lang='lat' dir='ltr'><strong>in</strong></span> <span class='ocrx_word' id='word_1_183' title='bbox 780 1873 848 1952; x_wconf 90' lang='lat' dir='ltr'><strong>lege</strong></span> <span class='ocrx_word' id='word_1_184' title='bbox 866 1874 977 1936; x_wconf 83' lang='lat' dir='ltr'><strong>suisset</strong></span> <span class='ocrx_word' id='word_1_185' title='bbox 994 1871 1189 1953; x_wconf 87' lang='lat' dir='ltr'><strong>promissus,</strong></span> <span class='ocrx_word' id='word_1_186' title='bbox 1206 1875 1367 1954; x_wconf 80' lang='lat' dir='ltr'><strong>ignorasse</strong></span> <span class='ocrx_word' id='word_1_187' title='bbox 1388 1879 1495 1936; x_wconf 89' lang='lat' dir='ltr'><strong>tamen</strong></span> <span class='ocrx_word' id='word_1_188' title='bbox 1508 1867 1698 1953; x_wconf 84' lang='lat' dir='ltr'><strong>mysterium</strong></span> 
     </span>
     <span class='ocr_line' id='line_1_18' title="bbox 361 1971 1699 2051; baseline 0.001 -20"><span class='ocrx_word' id='word_1_189' title='bbox 361 1972 540 2033; x_wconf 86' lang='lat' dir='ltr'><strong>divinitatis</strong></span> <span class='ocrx_word' id='word_1_190' title='bbox 559 1973 631 2033; x_wconf 90' lang='lat' dir='ltr'><strong>eius</strong></span> <span class='ocrx_word' id='word_1_191' title='bbox 647 1971 713 2051; x_wconf 83' lang='lat' dir='ltr'><strong>(qu.</strong></span> <span class='ocrx_word' id='word_1_192' title='bbox 729 1973 784 2045; x_wconf 87' lang='grc'><strong>66;</strong></span> <span class='ocrx_word' id='word_1_193' title='bbox 798 1973 840 2031; x_wconf 84' lang='grc' dir='ltr'><strong>Μ.</strong></span> <span class='ocrx_word' id='word_1_194' title='bbox 856 1971 1014 2045; x_wconf 54' lang='lat' dir='ltr'><strong>aegaei).</strong></span> <span class='ocrx_word' id='word_1_195' title='bbox 1028 1972 1059 2034; x_wconf 89' lang='lat' dir='ltr'><strong>S.</strong></span> <span class='ocrx_word' id='word_1_196' title='bbox 1074 1972 1212 2033; x_wconf 82' lang='lat' dir='ltr'><strong>Thomas</strong></span> <span class='ocrx_word' id='word_1_197' title='bbox 1224 1973 1243 2033; x_wconf 83' lang='lat'><strong>3</strong></span> <span class='ocrx_word' id='word_1_198' title='bbox 1255 1991 1286 2051; x_wconf 94' lang='lat' dir='ltr'><strong>p.</strong></span> <span class='ocrx_word' id='word_1_199' title='bbox 1304 1990 1358 2050; x_wconf 92' lang='lat' dir='ltr'><strong>qu.</strong></span> <span class='ocrx_word' id='word_1_200' title='bbox 1371 1975 1410 2034; x_wconf 79' lang='lat'><strong>29</strong></span> <span class='ocrx_word' id='word_1_201' title='bbox 1427 1978 1487 2033; x_wconf 90' lang='lat' dir='ltr'><strong>art.</strong></span> <span class='ocrx_word' id='word_1_202' title='bbox 1503 1977 1520 2034; x_wconf 83' lang='lat' dir='ltr'><strong>l</strong></span> <span class='ocrx_word' id='word_1_203' title='bbox 1536 1972 1576 2034; x_wconf 92' lang='lat' dir='ltr'><strong>ad</strong></span> <span class='ocrx_word' id='word_1_204' title='bbox 1587 1975 1609 2033; x_wconf 74' lang='grc'><strong>3,</strong></span> <span class='ocrx_word' id='word_1_205' title='bbox 1622 1973 1699 2034; x_wconf 91' lang='lat' dir='ltr'><strong>dicit</strong></span> 
     </span>
     <span class='ocr_line' id='line_1_19' title="bbox 361 2069 1698 2149; baseline 0.002 -21"><span class='ocrx_word' id='word_1_206' title='bbox 361 2069 526 2130; x_wconf 88' lang='lat' dir='ltr'><strong>diabolum</strong></span> <span class='ocrx_word' id='word_1_207' title='bbox 555 2069 735 2146; x_wconf 88' lang='lat' dir='ltr'><strong>aliqualiter</strong></span> <span class='ocrx_word' id='word_1_208' title='bbox 758 2070 947 2148; x_wconf 89' lang='lat' dir='ltr'><strong>cognovisse</strong></span> <span class='ocrx_word' id='word_1_209' title='bbox 970 2071 1078 2130; x_wconf 91' lang='lat' dir='ltr'><strong>lesum</strong></span> <span class='ocrx_word' id='word_1_210' title='bbox 1101 2087 1171 2131; x_wconf 92' lang='lat' dir='ltr'><strong>esse</strong></span> <span class='ocrx_word' id='word_1_211' title='bbox 1192 2070 1309 2130; x_wconf 80' lang='lat' dir='ltr'><strong>Filium</strong></span> <span class='ocrx_word' id='word_1_212' title='bbox 1330 2070 1388 2131; x_wconf 86' lang='lat' dir='ltr'><strong>Dei</strong></span> <span class='ocrx_word' id='word_1_213' title='bbox 1407 2087 1446 2131; x_wconf 91' lang='lat' dir='ltr'><strong>eo</strong></span> <span class='ocrx_word' id='word_1_214' title='bbox 1470 2076 1613 2149; x_wconf 88' lang='lat' dir='ltr'><strong>tempore</strong></span> <span class='ocrx_word' id='word_1_215' title='bbox 1634 2087 1698 2149; x_wconf 93' lang='lat' dir='ltr'><strong>quo</strong></span> 
     </span>
     <span class='ocr_line' id='line_1_20' title="bbox 359 2167 1698 2246; baseline 0 -18"><span class='ocrx_word' id='word_1_216' title='bbox 359 2167 507 2229; x_wconf 92' lang='lat' dir='ltr'><strong>Christus</strong></span> <span class='ocrx_word' id='word_1_217' title='bbox 527 2183 618 2231; x_wconf 88' lang='lat' dir='ltr'><strong>suam</strong></span> <span class='ocrx_word' id='word_1_218' title='bbox 642 2167 793 2228; x_wconf 87' lang='lat' dir='ltr'><strong>virtutem</strong></span> <span class='ocrx_word' id='word_1_219' title='bbox 813 2172 924 2227; x_wconf 92' lang='lat' dir='ltr'><strong>contra</strong></span> <span class='ocrx_word' id='word_1_220' title='bbox 943 2167 1104 2229; x_wconf 90' lang='lat' dir='ltr'><strong>diabolum</strong></span> <span class='ocrx_word' id='word_1_221' title='bbox 1123 2169 1317 2239; x_wconf 88' lang='lat' dir='ltr'><strong>ostenderet,</strong></span> <span class='ocrx_word' id='word_1_222' title='bbox 1334 2173 1365 2229; x_wconf 89' lang='lat' dir='ltr'><strong>et</strong></span> <span class='ocrx_word' id='word_1_223' title='bbox 1384 2186 1440 2246; x_wconf 92' lang='lat' dir='ltr'><strong>qu.</strong></span> <span class='ocrx_word' id='word_1_224' title='bbox 1458 2172 1498 2229; x_wconf 74' lang='lat' dir='ltr'><strong>lt</strong></span> <span class='ocrx_word' id='word_1_225' title='bbox 1518 2172 1577 2229; x_wconf 86' lang='lat' dir='ltr'><strong>art.</strong></span> <span class='ocrx_word' id='word_1_226' title='bbox 1594 2171 1609 2229; x_wconf 88' lang='lat'><strong>1</strong></span> <span class='ocrx_word' id='word_1_227' title='bbox 1625 2167 1698 2229; x_wconf 78' lang='lat' dir='ltr'><strong>ad2</strong></span> 
     </span>
     <span class='ocr_line' id='line_1_21' title="bbox 358 2264 1697 2345; baseline 0.001 -21"><span class='ocrx_word' id='word_1_228' title='bbox 358 2265 405 2325; x_wconf 91' lang='lat' dir='ltr'><strong>ait</strong></span> <span class='ocrx_word' id='word_1_229' title='bbox 425 2265 596 2325; x_wconf 91' lang='lat' dir='ltr'><strong>daemones</strong></span> <span class='ocrx_word' id='word_1_230' title='bbox 620 2264 696 2324; x_wconf 87' lang='lat' dir='ltr'><strong>visis</strong></span> <span class='ocrx_word' id='word_1_231' title='bbox 722 2264 886 2324; x_wconf 91' lang='lat' dir='ltr'><strong>miraculis</strong></span> <span class='ocrx_word' id='word_1_232' title='bbox 911 2283 947 2325; x_wconf 85' lang='lat' dir='ltr'><strong>ex</strong></span> <span class='ocrx_word' id='word_1_233' title='bbox 969 2264 1107 2343; x_wconf 91' lang='lat' dir='ltr'><strong>quadam</strong></span> <span class='ocrx_word' id='word_1_234' title='bbox 1130 2266 1345 2345; x_wconf 89' lang='lat' dir='ltr'><strong>suspicatione</strong></span> <span class='ocrx_word' id='word_1_235' title='bbox 1367 2265 1603 2327; x_wconf 92' lang='lat' dir='ltr'><strong>coniecturasse</strong></span> <span class='ocrx_word' id='word_1_236' title='bbox 1623 2283 1697 2326; x_wconf 88' lang='lat' dir='ltr'><strong>eum</strong></span> 
     </span>
     <span class='ocr_line' id='line_1_22' title="bbox 358 2361 1698 2442; baseline 0 -20"><span class='ocrx_word' id='word_1_237' title='bbox 358 2380 428 2441; x_wconf 90' lang='lat' dir='ltr'><strong>esse</strong></span> <span class='ocrx_word' id='word_1_238' title='bbox 444 2362 560 2423; x_wconf 80' lang='lat' dir='ltr'><strong>Filium</strong></span> <span class='ocrx_word' id='word_1_239' title='bbox 574 2361 648 2435; x_wconf 86' lang='lat' dir='ltr'><strong>Dei;</strong></span> <span class='ocrx_word' id='word_1_240' title='bbox 665 2361 733 2439; x_wconf 94' lang='lat' dir='ltr'><strong>pari</strong></span> <span class='ocrx_word' id='word_1_241' title='bbox 749 2362 872 2422; x_wconf 93' lang='lat' dir='ltr'><strong>ratione</strong></span> <span class='ocrx_word' id='word_1_242' title='bbox 885 2362 911 2422; x_wconf 90' lang='lat' dir='ltr'><strong>si</strong></span> <span class='ocrx_word' id='word_1_243' title='bbox 925 2379 999 2423; x_wconf 91' lang='lat' dir='ltr'><strong>eum</strong></span> <span class='ocrx_word' id='word_1_244' title='bbox 1012 2363 1240 2424; x_wconf 84' lang='lat' dir='ltr'><strong>confiterentur</strong></span> <span class='ocrx_word' id='word_1_245' title='bbox 1255 2381 1324 2424; x_wconf 89' lang='lat' dir='ltr'><strong>esse</strong></span> <span class='ocrx_word' id='word_1_246' title='bbox 1335 2363 1454 2425; x_wconf 86' lang='lat' dir='ltr'><strong>Filium</strong></span> <span class='ocrx_word' id='word_1_247' title='bbox 1467 2363 1535 2438; x_wconf 88' lang='lat' dir='ltr'><strong>Dei,</strong></span> <span class='ocrx_word' id='word_1_248' title='bbox 1551 2363 1582 2424; x_wconf 94' lang='lat' dir='ltr'><strong>id</strong></span> <span class='ocrx_word' id='word_1_249' title='bbox 1599 2363 1698 2442; x_wconf 88' lang='lat' dir='ltr'><strong>magis</strong></span> 
     </span>
     <span class='ocr_line' id='line_1_23' title="bbox 357 2459 1698 2539; baseline 0 -19"><span class='ocrx_word' id='word_1_250' title='bbox 357 2460 454 2521; x_wconf 82' lang='lat' dir='ltr'><strong>fuisse</strong></span> <span class='ocrx_word' id='word_1_251' title='bbox 475 2478 510 2521; x_wconf 81' lang='lat' dir='ltr'><strong>ex</strong></span> <span class='ocrx_word' id='word_1_252' title='bbox 534 2459 673 2539; x_wconf 88' lang='lat' dir='ltr'><strong>quadam</strong></span> <span class='ocrx_word' id='word_1_253' title='bbox 694 2460 876 2538; x_wconf 88' lang='lat' dir='ltr'><strong>suspicione</strong></span> <span class='ocrx_word' id='word_1_254' title='bbox 902 2478 995 2538; x_wconf 91' lang='lat' dir='ltr'><strong>quam</strong></span> <span class='ocrx_word' id='word_1_255' title='bbox 1020 2477 1058 2521; x_wconf 81' lang='lat' dir='ltr'><strong>ex</strong></span> <span class='ocrx_word' id='word_1_256' title='bbox 1080 2461 1283 2535; x_wconf 89' lang='lat' dir='ltr'><strong>certitudine,</strong></span> <span class='ocrx_word' id='word_1_257' title='bbox 1305 2466 1337 2522; x_wconf 91' lang='lat' dir='ltr'><strong>et</strong></span> <span class='ocrx_word' id='word_1_258' title='bbox 1356 2479 1409 2539; x_wconf 91' lang='lat' dir='ltr'><strong>qu.</strong></span> <span class='ocrx_word' id='word_1_259' title='bbox 1431 2464 1469 2521; x_wconf 78' lang='lat' dir='ltr'><strong>tr</strong></span> <span class='ocrx_word' id='word_1_260' title='bbox 1488 2464 1546 2522; x_wconf 94' lang='lat' dir='ltr'><strong>art.</strong></span> <span class='ocrx_word' id='word_1_261' title='bbox 1566 2463 1585 2521; x_wconf 85' lang='lat'>5</span> <span class='ocrx_word' id='word_1_262' title='bbox 1604 2460 1698 2522; x_wconf 88' lang='lat' dir='ltr'><strong>docet</strong></span> 
     </span>
     <span class='ocr_line' id='line_1_24' title="bbox 357 2557 1697 2638; baseline -0.001 -18"><span class='ocrx_word' id='word_1_263' title='bbox 357 2559 533 2621; x_wconf 90' lang='lat' dir='ltr'><strong>daemones</strong></span> <span class='ocrx_word' id='word_1_264' title='bbox 554 2557 742 2636; x_wconf 84' lang='lat' dir='ltr'><strong>cognovisse</strong></span> <span class='ocrx_word' id='word_1_265' title='bbox 765 2575 839 2618; x_wconf 91' lang='lat' dir='ltr'><strong>eum</strong></span> <span class='ocrx_word' id='word_1_266' title='bbox 858 2575 928 2618; x_wconf 91' lang='lat' dir='ltr'><strong>esse</strong></span> <span class='ocrx_word' id='word_1_267' title='bbox 950 2558 1111 2619; x_wconf 90' lang='lat' dir='ltr'><strong>Christum</strong></span> <span class='ocrx_word' id='word_1_268' title='bbox 1132 2558 1167 2618; x_wconf 93' lang='lat' dir='ltr'><strong>in</strong></span> <span class='ocrx_word' id='word_1_269' title='bbox 1186 2559 1255 2637; x_wconf 93' lang='lat' dir='ltr'><strong>lege</strong></span> <span class='ocrx_word' id='word_1_270' title='bbox 1275 2559 1486 2637; x_wconf 89' lang='lat' dir='ltr'><strong>promissum,</strong></span> <span class='ocrx_word' id='word_1_271' title='bbox 1505 2559 1697 2638; x_wconf 87' lang='lat' dir='ltr'><strong>mysterium</strong></span> 
     </span>
     <span class='ocr_line' id='line_1_25' title="bbox 356 2655 1698 2735; baseline -0.001 -18"><span class='ocrx_word' id='word_1_272' title='bbox 356 2655 537 2717; x_wconf 87' lang='lat' dir='ltr'><strong>divinitatis</strong></span> <span class='ocrx_word' id='word_1_273' title='bbox 552 2658 661 2716; x_wconf 90' lang='lat' dir='ltr'><strong>autem</strong></span> <span class='ocrx_word' id='word_1_274' title='bbox 677 2656 859 2735; x_wconf 91' lang='lat' dir='ltr'><strong>ignorasse;</strong></span> <span class='ocrx_word' id='word_1_275' title='bbox 876 2673 933 2734; x_wconf 94' lang='lat' dir='ltr'><strong>pro</strong></span> <span class='ocrx_word' id='word_1_276' title='bbox 954 2673 1015 2733; x_wconf 89' lang='lat' dir='ltr'><strong>qua</strong></span> <span class='ocrx_word' id='word_1_277' title='bbox 1035 2656 1180 2717; x_wconf 89' lang='lat' dir='ltr'><strong>doctrina</strong></span> <span class='ocrx_word' id='word_1_278' title='bbox 1201 2675 1226 2716; x_wconf 93' lang='lat' dir='ltr'><strong>s.</strong></span> <span class='ocrx_word' id='word_1_279' title='bbox 1244 2656 1357 2718; x_wconf 89' lang='lat' dir='ltr'><strong>doctor</strong></span> <span class='ocrx_word' id='word_1_280' title='bbox 1375 2661 1526 2735; x_wconf 84' lang='lat' dir='ltr'><strong>provocat</strong></span> <span class='ocrx_word' id='word_1_281' title='bbox 1542 2657 1625 2717; x_wconf 90' lang='lat' dir='ltr'><strong>inter</strong></span> <span class='ocrx_word' id='word_1_282' title='bbox 1637 2655 1698 2716; x_wconf 91' lang='lat' dir='ltr'><strong>alia</strong></span> 
     </span>
     <span class='ocr_line' id='line_1_26' title="bbox 356 2753 1696 2831; baseline -0.001 -17"><span class='ocrx_word' id='word_1_283' title='bbox 356 2753 396 2815; x_wconf 92' lang='lat' dir='ltr'><strong>ad</strong></span> <span class='ocrx_word' id='word_1_284' title='bbox 419 2757 582 2815; x_wconf 90' lang='lat' dir='ltr'><strong>auctorem</strong></span> <span class='ocrx_word' id='word_1_285' title='bbox 607 2754 833 2831; x_wconf 88' lang='lat' dir='ltr'><strong>quaestionum</strong></span> <span class='ocrx_word' id='word_1_286' title='bbox 858 2758 919 2814; x_wconf 85' lang='lat' dir='ltr'><strong>vet.</strong></span> <span class='ocrx_word' id='word_1_287' title='bbox 945 2760 976 2815; x_wconf 90' lang='lat' dir='ltr'><strong>et</strong></span> <span class='ocrx_word' id='word_1_288' title='bbox 997 2755 1071 2814; x_wconf 87' lang='lat' dir='ltr'><strong>novi</strong></span> <span class='ocrx_word' id='word_1_289' title='bbox 1094 2757 1180 2824; x_wconf 75' lang='lat' dir='ltr'><strong>test,</strong></span> <span class='ocrx_word' id='word_1_290' title='bbox 1203 2758 1234 2813; x_wconf 89' lang='lat' dir='ltr'><strong>et</strong></span> <span class='ocrx_word' id='word_1_291' title='bbox 1258 2755 1290 2813; x_wconf 97' lang='lat' dir='ltr'><strong>in</strong></span> <span class='ocrx_word' id='word_1_292' title='bbox 1311 2759 1371 2815; x_wconf 93' lang='lat' dir='ltr'><strong>cat.</strong></span> <span class='ocrx_word' id='word_1_293' title='bbox 1392 2771 1468 2815; x_wconf 57' lang='lat' dir='ltr'><strong>aur,</strong></span> <span class='ocrx_word' id='word_1_294' title='bbox 1484 2754 1543 2813; x_wconf 92' lang='lat' dir='ltr'><strong>sub</strong></span> <span class='ocrx_word' id='word_1_295' title='bbox 1565 2753 1696 2814; x_wconf 89' lang='lat' dir='ltr'><strong>nomine</strong></span> 
     </span>
     <span class='ocr_line' id='line_1_27' title="bbox 359 2851 1457 2931; baseline -0.001 -19"><span class='ocrx_word' id='word_1_296' title='bbox 359 2851 580 2930; x_wconf 83' lang='lat' dir='ltr'><strong>Chrysostomi</strong></span> <span class='ocrx_word' id='word_1_297' title='bbox 594 2852 686 2912; x_wconf 82' lang='lat' dir='ltr'><strong>allert</strong></span> <span class='ocrx_word' id='word_1_298' title='bbox 700 2869 782 2930; x_wconf 90' lang='lat' dir='ltr'><strong>quae</strong></span> <span class='ocrx_word' id='word_1_299' title='bbox 799 2852 882 2930; x_wconf 93' lang='lat' dir='ltr'><strong>apud</strong></span> <span class='ocrx_word' id='word_1_300' title='bbox 897 2852 977 2912; x_wconf 91' lang='lat' dir='ltr'><strong>Vict.</strong></span> <span class='ocrx_word' id='word_1_301' title='bbox 994 2857 1060 2911; x_wconf 93' lang='lat' dir='ltr'><strong>ant.</strong></span> <span class='ocrx_word' id='word_1_302' title='bbox 1076 2851 1124 2929; x_wconf 86' lang='lat' dir='ltr'><strong>(in</strong></span> <span class='ocrx_word' id='word_1_303' title='bbox 1138 2856 1200 2912; x_wconf 90' lang='lat' dir='ltr'><strong>cat.</strong></span> <span class='ocrx_word' id='word_1_304' title='bbox 1217 2851 1281 2931; x_wconf 89' lang='lat' dir='ltr'><strong>Cr.)</strong></span> <span class='ocrx_word' id='word_1_305' title='bbox 1297 2852 1457 2929; x_wconf 86' lang='lat' dir='ltr'><strong>leguntur.</strong></span> 
     </span>
    </p>

    <p class='ocr_par' dir='ltr' id='par_1_4' title="bbox 355 2947 1697 5090">
     <span class='ocr_line' id='line_1_28' title="bbox 400 2947 1695 3029; baseline 0 -20"><span class='ocrx_word' id='word_1_306' title='bbox 400 2949 446 3009; x_wconf 76' lang='lat' dir='ltr'><strong>hd</strong></span> <span class='ocrx_word' id='word_1_307' title='bbox 460 2948 542 3009; x_wconf 88' lang='lat' dir='ltr'><strong>hanc</strong></span> <span class='ocrx_word' id='word_1_308' title='bbox 559 2950 747 3009; x_wconf 86' lang='lat' dir='ltr'><strong>sententiam</strong></span> <span class='ocrx_word' id='word_1_309' title='bbox 769 2949 921 3010; x_wconf 90' lang='lat' dir='ltr'><strong>tuendam</strong></span> <span class='ocrx_word' id='word_1_310' title='bbox 935 2949 1123 3027; x_wconf 89' lang='lat' dir='ltr'><strong>plerumque</strong></span> <span class='ocrx_word' id='word_1_311' title='bbox 1143 2954 1317 3029; x_wconf 88' lang='lat' dir='ltr'><strong>provocant</strong></span> <span class='ocrx_word' id='word_1_312' title='bbox 1330 2949 1369 3010; x_wconf 91' lang='lat' dir='ltr'><strong>ad</strong></span> <span class='ocrx_word' id='word_1_313' title='bbox 1385 2951 1401 3009; x_wconf 86' lang='lat' dir='ltr'><strong>l</strong></span> <span class='ocrx_word' id='word_1_314' title='bbox 1417 2947 1487 3010; x_wconf 80' lang='lat' dir='ltr'><strong>Gor&#39;.</strong></span> <span class='ocrx_word' id='word_1_315' title='bbox 1503 2950 1555 3022; x_wconf 80' lang='lat'><strong>2,8</strong></span> <span class='ocrx_word' id='word_1_316' title='bbox 1568 2949 1595 3009; x_wconf 95' lang='lat' dir='ltr'><strong>si</strong></span> <span class='ocrx_word' id='word_1_317' title='bbox 1609 2949 1695 3010; x_wconf 89' lang='lat' dir='ltr'><strong>enim</strong></span> 
     </span>
     <span class='ocr_line' id='line_1_29' title="bbox 355 3045 1695 3126; baseline -0.001 -18"><span class='ocrx_word' id='word_1_318' title='bbox 355 3046 583 3125; x_wconf 79' lang='lat' dir='ltr'><strong>cognovissent</strong></span> <span class='ocrx_word' id='word_1_319' title='bbox 598 3045 772 3126; x_wconf 89' lang='lat' dir='ltr'><strong>(principes</strong></span> <span class='ocrx_word' id='word_1_320' title='bbox 794 3046 890 3108; x_wconf 92' lang='lat' dir='ltr'><strong>huius</strong></span> <span class='ocrx_word' id='word_1_321' title='bbox 911 3047 1058 3122; x_wconf 84' lang='lat' dir='ltr'><strong>saeculi),</strong></span> <span class='ocrx_word' id='word_1_322' title='bbox 1078 3064 1245 3124; x_wconf 89' lang='lat' dir='ltr'><strong>nunqnam</strong></span> <span class='ocrx_word' id='word_1_323' title='bbox 1264 3047 1435 3108; x_wconf 88' lang='lat' dir='ltr'><strong>Dominum</strong></span> <span class='ocrx_word' id='word_1_324' title='bbox 1453 3047 1572 3126; x_wconf 89' lang='lat' dir='ltr'><strong>gloriae</strong></span> <span class='ocrx_word' id='word_1_325' title='bbox 1592 3047 1695 3109; x_wconf 90' lang='lat' dir='ltr'><strong>cruci-</strong></span> 
     </span>
     <span class='ocr_line' id='line_1_30' title="bbox 356 3144 1696 3223; baseline 0.001 -18"><span class='ocrx_word' id='word_1_326' title='bbox 356 3147 514 3206; x_wconf 81' lang='lat' dir='ltr'><strong>fixissent.</strong></span> <span class='ocrx_word' id='word_1_327' title='bbox 543 3145 664 3205; x_wconf 87' lang='lat' dir='ltr'><strong>Verum</strong></span> <span class='ocrx_word' id='word_1_328' title='bbox 689 3161 728 3203; x_wconf 93' lang='lat' dir='ltr'><strong>ea</strong></span> <span class='ocrx_word' id='word_1_329' title='bbox 752 3145 786 3203; x_wconf 94' lang='lat' dir='ltr'><strong>in</strong></span> <span class='ocrx_word' id='word_1_330' title='bbox 808 3161 842 3204; x_wconf 90' lang='lat' dir='ltr'><strong>re</strong></span> <span class='ocrx_word' id='word_1_331' title='bbox 864 3144 1071 3221; x_wconf 91' lang='lat' dir='ltr'><strong>ponderanda</strong></span> <span class='ocrx_word' id='word_1_332' title='bbox 1094 3149 1169 3205; x_wconf 90' lang='lat' dir='ltr'><strong>sunt</strong></span> <span class='ocrx_word' id='word_1_333' title='bbox 1191 3144 1297 3223; x_wconf 92' lang='lat' dir='ltr'><strong>primo</strong></span> <span class='ocrx_word' id='word_1_334' title='bbox 1320 3163 1403 3222; x_wconf 92' lang='lat' dir='ltr'><strong>quae</strong></span> <span class='ocrx_word' id='word_1_335' title='bbox 1426 3149 1537 3206; x_wconf 89' lang='lat' dir='ltr'><strong>monet</strong></span> <span class='ocrx_word' id='word_1_336' title='bbox 1561 3145 1658 3206; x_wconf 73' lang='lat' dir='ltr'><strong>trata</strong></span> <span class='ocrx_word' id='word_1_337' title='bbox 1683 3160 1696 3206; x_wconf 89' lang='grc'><strong>.·</strong></span> 
     </span>
     <span class='ocr_line' id='line_1_31' title="bbox 357 3241 1695 3320; baseline 0.001 -20"><span class='ocrx_word' id='word_1_338' title='bbox 357 3267 372 3300; x_wconf 77' lang='lat' dir='ltr'><strong>a</strong></span> <span class='ocrx_word' id='word_1_339' title='bbox 389 3260 502 3304; x_wconf 92' lang='lat' dir='ltr'><strong>eorum</strong></span> <span class='ocrx_word' id='word_1_340' title='bbox 530 3259 595 3302; x_wconf 95' lang='lat' dir='ltr'><strong>non</strong></span> <span class='ocrx_word' id='word_1_341' title='bbox 622 3241 723 3320; x_wconf 93' lang='lat' dir='ltr'><strong>probo</strong></span> <span class='ocrx_word' id='word_1_342' title='bbox 746 3242 938 3301; x_wconf 88' lang='lat' dir='ltr'><strong>sententiam</strong></span> <span class='ocrx_word' id='word_1_343' title='bbox 962 3243 1018 3319; x_wconf 94' lang='lat' dir='ltr'><strong>qui</strong></span> <span class='ocrx_word' id='word_1_344' title='bbox 1043 3243 1228 3303; x_wconf 80' lang='lat' dir='ltr'><strong>existimant</strong></span> <span class='ocrx_word' id='word_1_345' title='bbox 1252 3243 1424 3303; x_wconf 89' lang='lat' dir='ltr'><strong>daemones</strong></span> <span class='ocrx_word' id='word_1_346' title='bbox 1449 3243 1607 3303; x_wconf 89' lang='lat' dir='ltr'><strong>Christum</strong></span> <span class='ocrx_word' id='word_1_347' title='bbox 1628 3261 1695 3304; x_wconf 93' lang='lat' dir='ltr'><strong>non</strong></span> 
     </span>
     <span class='ocr_line' id='line_1_32' title="bbox 356 3333 1694 3422; baseline -0.001 -20"><span class='ocrx_word' id='word_1_348' title='bbox 356 3340 560 3422; x_wconf 84' lang='lat' dir='ltr'><strong>cognovisse3</strong></span> <span class='ocrx_word' id='word_1_349' title='bbox 579 3357 642 3399; x_wconf 91' lang='lat' dir='ltr'><strong>non</strong></span> <span class='ocrx_word' id='word_1_350' title='bbox 662 3339 749 3400; x_wconf 91' lang='lat' dir='ltr'><strong>enim</strong></span> <span class='ocrx_word' id='word_1_351' title='bbox 771 3339 943 3400; x_wconf 91' lang='lat' dir='ltr'><strong>daemones</strong></span> <span class='ocrx_word' id='word_1_352' title='bbox 963 3340 1023 3400; x_wconf 92' lang='lat' dir='ltr'><strong>soli</strong></span> <span class='ocrx_word' id='word_1_353' title='bbox 1045 3354 1127 3418; x_wconf 91' lang='lat' dir='ltr'><strong>quos</strong></span> <span class='ocrx_word' id='word_1_354' title='bbox 1149 3339 1241 3400; x_wconf 81' lang='lat' dir='ltr'><strong>facile</strong></span> <span class='ocrx_word' id='word_1_355' title='bbox 1260 3358 1427 3419; x_wconf 92' lang='lat' dir='ltr'><strong>possemus</strong></span> <span class='ocrx_word' id='word_1_356' title='bbox 1446 3340 1574 3401; x_wconf 91' lang='lat' dir='ltr'><strong>credere</strong></span> <span class='ocrx_word' id='word_1_357' title='bbox 1592 3333 1694 3402; x_wconf 67' lang='lat' dir='ltr'><strong>⁴luisse</strong></span> 
     </span>
     <span class='ocr_line' id='line_1_33' title="bbox 357 3436 1696 3518; baseline 0 -20"><span class='ocrx_word' id='word_1_358' title='bbox 357 3439 508 3500; x_wconf 85' lang='lat' dir='ltr'><strong>mentitos</strong></span> <span class='ocrx_word' id='word_1_359' title='bbox 523 3438 683 3498; x_wconf 88' lang='lat' dir='ltr'><strong>atllrmant</strong></span> <span class='ocrx_word' id='word_1_360' title='bbox 697 3454 732 3497; x_wconf 93' lang='lat' dir='ltr'><strong>se</strong></span> <span class='ocrx_word' id='word_1_361' title='bbox 747 3436 907 3499; x_wconf 90' lang='lat' dir='ltr'><strong>Christum</strong></span> <span class='ocrx_word' id='word_1_362' title='bbox 921 3454 1122 3516; x_wconf 81' lang='lat' dir='ltr'><strong>cognoscere,</strong></span> <span class='ocrx_word' id='word_1_363' title='bbox 1141 3437 1197 3498; x_wconf 91' lang='lat' dir='ltr'><strong>sed</strong></span> <span class='ocrx_word' id='word_1_364' title='bbox 1213 3438 1273 3516; x_wconf 91' lang='lat' dir='ltr'><strong>ipsi</strong></span> <span class='ocrx_word' id='word_1_365' title='bbox 1289 3438 1387 3499; x_wconf 91' lang='lat' dir='ltr'><strong>etiam</strong></span> <span class='ocrx_word' id='word_1_366' title='bbox 1402 3439 1625 3517; x_wconf 89' lang='lat' dir='ltr'><strong>evangelistae,</strong></span> <span class='ocrx_word' id='word_1_367' title='bbox 1640 3438 1696 3518; x_wconf 93' lang='lat' dir='ltr'><strong>qui</strong></span> 
     </span>
     <span class='ocr_line' id='line_1_34' title="bbox 358 3535 1695 3614; baseline -0.001 -16"><span class='ocrx_word' id='word_1_368' title='bbox 358 3537 491 3598; x_wconf 91' lang='lat' dir='ltr'><strong>mentiri</strong></span> <span class='ocrx_word' id='word_1_369' title='bbox 516 3541 602 3597; x_wconf 88' lang='lat' dir='ltr'><strong>certe</strong></span> <span class='ocrx_word' id='word_1_370' title='bbox 629 3535 749 3613; x_wconf 90' lang='lat' dir='ltr'><strong>Spiritu</strong></span> <span class='ocrx_word' id='word_1_371' title='bbox 772 3540 884 3595; x_wconf 88' lang='lat' dir='ltr'><strong>sancto</strong></span> <span class='ocrx_word' id='word_1_372' title='bbox 911 3540 1060 3596; x_wconf 86' lang='lat' dir='ltr'><strong>movente</strong></span> <span class='ocrx_word' id='word_1_373' title='bbox 1086 3552 1153 3596; x_wconf 92' lang='lat' dir='ltr'><strong>non</strong></span> <span class='ocrx_word' id='word_1_374' title='bbox 1181 3540 1369 3614; x_wconf 89' lang='lat' dir='ltr'><strong>potuerunt,</strong></span> <span class='ocrx_word' id='word_1_375' title='bbox 1396 3535 1513 3598; x_wconf 90' lang='lat' dir='ltr'><strong>docent</strong></span> <span class='ocrx_word' id='word_1_376' title='bbox 1543 3553 1599 3596; x_wconf 88' lang='lat' dir='ltr'><strong>eos</strong></span> <span class='ocrx_word' id='word_1_377' title='bbox 1622 3553 1695 3597; x_wconf 89' lang='lat' dir='ltr'><strong>vere</strong></span> 
     </span>
     <span class='ocr_line' id='line_1_35' title="bbox 358 3632 1697 3714; baseline -0.002 -17"><span class='ocrx_word' id='word_1_378' title='bbox 358 3634 563 3714; x_wconf 86' lang='lat' dir='ltr'><strong>cognovisse;</strong></span> <span class='ocrx_word' id='word_1_379' title='bbox 582 3635 706 3694; x_wconf 85' lang='lat' dir='ltr'><strong>Marcus</strong></span> <span class='ocrx_word' id='word_1_380' title='bbox 731 3632 813 3692; x_wconf 85' lang='lat' dir='ltr'><strong>inira</strong></span> <span class='ocrx_word' id='word_1_381' title='bbox 831 3650 862 3692; x_wconf 87' lang='lat' dir='ltr'><strong>v.</strong></span> <span class='ocrx_word' id='word_1_382' title='bbox 879 3635 918 3692; x_wconf 75' lang='grc'><strong>34</strong></span> <span class='ocrx_word' id='word_1_383' title='bbox 937 3650 943 3692; x_wconf 92' lang='lat'>:</span> <span class='ocrx_word' id='word_1_384' title='bbox 961 3651 1027 3693; x_wconf 92' lang='lat' dir='ltr'><strong>non</strong></span> <span class='ocrx_word' id='word_1_385' title='bbox 1050 3632 1174 3693; x_wconf 88' lang='lat' dir='ltr'><strong>sinebat</strong></span> <span class='ocrx_word' id='word_1_386' title='bbox 1198 3651 1236 3693; x_wconf 92' lang='lat' dir='ltr'><strong>ea</strong></span> <span class='ocrx_word' id='word_1_387' title='bbox 1259 3633 1362 3712; x_wconf 92' lang='lat' dir='ltr'><strong>loqui,</strong></span> <span class='ocrx_word' id='word_1_388' title='bbox 1383 3633 1535 3710; x_wconf 90' lang='lat' dir='ltr'><strong>quoniam</strong></span> <span class='ocrx_word' id='word_1_389' title='bbox 1555 3633 1697 3694; x_wconf 90' lang='lat' dir='ltr'><strong>sciebant</strong></span> 
     </span>
     <span class='ocr_line' id='line_1_36' title="bbox 358 3730 1694 3805; baseline -0.001 -11"><span class='ocrx_word' id='word_1_390' title='bbox 358 3750 431 3795; x_wconf 91' lang='lat' dir='ltr'><strong>eum</strong></span> <span class='ocrx_word' id='word_1_391' title='bbox 447 3737 479 3794; x_wconf 93' lang='lat' dir='ltr'><strong>et</strong></span> <span class='ocrx_word' id='word_1_392' title='bbox 491 3735 569 3794; x_wconf 89' lang='lat' dir='ltr'><strong>Luc.</strong></span> <span class='ocrx_word' id='word_1_393' title='bbox 588 3733 657 3805; x_wconf 68' lang='grc' dir='ltr'><strong>4,ἀὶ</strong></span> <span class='ocrx_word' id='word_1_394' title='bbox 674 3748 682 3790; x_wconf 91' lang='lat'><strong>:</strong></span> <span class='ocrx_word' id='word_1_395' title='bbox 698 3730 828 3791; x_wconf 82' lang='lat' dir='ltr'><strong>exibant</strong></span> <span class='ocrx_word' id='word_1_396' title='bbox 842 3735 950 3791; x_wconf 90' lang='lat' dir='ltr'><strong>autem</strong></span> <span class='ocrx_word' id='word_1_397' title='bbox 966 3730 1134 3792; x_wconf 90' lang='lat' dir='ltr'><strong>daemonia</strong></span> <span class='ocrx_word' id='word_1_398' title='bbox 1148 3748 1167 3791; x_wconf 93' lang='lat' dir='ltr'><strong>a</strong></span> <span class='ocrx_word' id='word_1_399' title='bbox 1180 3731 1292 3791; x_wconf 87' lang='lat' dir='ltr'><strong>multis</strong></span> <span class='ocrx_word' id='word_1_400' title='bbox 1304 3731 1473 3791; x_wconf 88' lang='lat' dir='ltr'><strong>clamantia</strong></span> <span class='ocrx_word' id='word_1_401' title='bbox 1487 3738 1519 3793; x_wconf 92' lang='lat' dir='ltr'><strong>et</strong></span> <span class='ocrx_word' id='word_1_402' title='bbox 1533 3731 1671 3793; x_wconf 86' lang='lat' dir='ltr'><strong>dicentia</strong></span> <span class='ocrx_word' id='word_1_403' title='bbox 1687 3749 1694 3792; x_wconf 75' lang='grc' dir='ltr'><strong><em>ε</em></strong></span> 
     </span>
     <span class='ocr_line' id='line_1_37' title="bbox 359 3828 1696 3908; baseline -0.001 -16"><span class='ocrx_word' id='word_1_404' title='bbox 359 3838 392 3892; x_wconf 89' lang='lat' dir='ltr'><strong>tu</strong></span> <span class='ocrx_word' id='word_1_405' title='bbox 408 3850 442 3892; x_wconf 90' lang='lat' dir='ltr'><strong>es</strong></span> <span class='ocrx_word' id='word_1_406' title='bbox 455 3830 558 3890; x_wconf 79' lang='lat' dir='ltr'><strong>Filius</strong></span> <span class='ocrx_word' id='word_1_407' title='bbox 573 3828 640 3901; x_wconf 88' lang='lat' dir='ltr'><strong>Dei,</strong></span> <span class='ocrx_word' id='word_1_408' title='bbox 657 3832 690 3888; x_wconf 85' lang='lat' dir='ltr'><strong>et</strong></span> <span class='ocrx_word' id='word_1_409' title='bbox 705 3828 870 3906; x_wconf 88' lang='lat' dir='ltr'><strong>increpans</strong></span> <span class='ocrx_word' id='word_1_410' title='bbox 886 3846 949 3888; x_wconf 94' lang='lat' dir='ltr'><strong>non</strong></span> <span class='ocrx_word' id='word_1_411' title='bbox 967 3828 1092 3889; x_wconf 90' lang='lat' dir='ltr'><strong>sinebat</strong></span> <span class='ocrx_word' id='word_1_412' title='bbox 1107 3845 1144 3889; x_wconf 92' lang='lat' dir='ltr'><strong>ea</strong></span> <span class='ocrx_word' id='word_1_413' title='bbox 1156 3828 1244 3906; x_wconf 93' lang='lat' dir='ltr'><strong>loqui</strong></span> <span class='ocrx_word' id='word_1_414' title='bbox 1260 3828 1334 3907; x_wconf 89' lang='lat' dir='ltr'><strong>quia</strong></span> <span class='ocrx_word' id='word_1_415' title='bbox 1349 3829 1491 3890; x_wconf 91' lang='lat' dir='ltr'><strong>sciebant</strong></span> <span class='ocrx_word' id='word_1_416' title='bbox 1506 3830 1612 3908; x_wconf 91' lang='lat' dir='ltr'><strong>ipsum</strong></span> <span class='ocrx_word' id='word_1_417' title='bbox 1627 3847 1696 3890; x_wconf 91' lang='lat' dir='ltr'><strong>esse</strong></span> 
     </span>
     <span class='ocr_line' id='line_1_38' title="bbox 360 3925 1695 4006; baseline -0.001 -15"><span class='ocrx_word' id='word_1_418' title='bbox 360 3929 520 3991; x_wconf 89' lang='lat' dir='ltr'><strong>Christum</strong></span> <span class='ocrx_word' id='word_1_419' title='bbox 537 3952 563 3986; x_wconf 75' lang='lat' dir='ltr'><strong>a.</strong></span> <span class='ocrx_word' id='word_1_420' title='bbox 582 3927 661 3987; x_wconf 86' lang='lat' dir='ltr'><strong>Dein</strong></span> <span class='ocrx_word' id='word_1_421' title='bbox 676 3926 882 4003; x_wconf 90' lang='lat' dir='ltr'><strong>ponderanda</strong></span> <span class='ocrx_word' id='word_1_422' title='bbox 896 3932 970 3986; x_wconf 91' lang='lat' dir='ltr'><strong>sunt</strong></span> <span class='ocrx_word' id='word_1_423' title='bbox 980 3944 1062 4004; x_wconf 91' lang='lat' dir='ltr'><strong>quae</strong></span> <span class='ocrx_word' id='word_1_424' title='bbox 1077 3926 1189 3987; x_wconf 79' lang='lat' dir='ltr'><strong>suarez</strong></span> <span class='ocrx_word' id='word_1_425' title='bbox 1200 3927 1221 3986; x_wconf 94' lang='lat' dir='ltr'><strong>l.</strong></span> <span class='ocrx_word' id='word_1_426' title='bbox 1233 3943 1260 3987; x_wconf 92' lang='lat' dir='ltr'><strong>c.</strong></span> <span class='ocrx_word' id='word_1_427' title='bbox 1274 3925 1357 4006; x_wconf 91' lang='lat' dir='ltr'><strong>disp.</strong></span> <span class='ocrx_word' id='word_1_428' title='bbox 1373 3928 1410 3987; x_wconf 74' lang='lat'><strong>3¹</strong></span> <span class='ocrx_word' id='word_1_429' title='bbox 1428 3931 1504 3987; x_wconf 93' lang='lat' dir='ltr'><strong>sect.</strong></span> <span class='ocrx_word' id='word_1_430' title='bbox 1519 3929 1537 3988; x_wconf 87' lang='grc'>3</span> <span class='ocrx_word' id='word_1_431' title='bbox 1552 3945 1585 3987; x_wconf 88' lang='lat' dir='ltr'><strong>n.</strong></span> <span class='ocrx_word' id='word_1_432' title='bbox 1596 3928 1616 3985; x_wconf 82' lang='grc'><strong>6</strong></span> <span class='ocrx_word' id='word_1_433' title='bbox 1626 3944 1695 4006; x_wconf 68' lang='lat' dir='ltr'><strong>seq.</strong></span> 
     </span>
     <span class='ocr_line' id='line_1_39' title="bbox 360 4024 1697 4104; baseline -0.004 -15"><span class='ocrx_word' id='word_1_434' title='bbox 360 4027 462 4100; x_wconf 91' lang='lat' dir='ltr'><strong>docet,</strong></span> <span class='ocrx_word' id='word_1_435' title='bbox 480 4026 534 4104; x_wconf 91' lang='lat' dir='ltr'><strong>qui</strong></span> <span class='ocrx_word' id='word_1_436' title='bbox 552 4025 620 4085; x_wconf 92' lang='lat' dir='ltr'><strong>scil.</strong></span> <span class='ocrx_word' id='word_1_437' title='bbox 636 4024 769 4085; x_wconf 93' lang='lat' dir='ltr'><strong>omnino</strong></span> <span class='ocrx_word' id='word_1_438' title='bbox 785 4029 872 4085; x_wconf 88' lang='lat' dir='ltr'><strong>tenet</strong></span> <span class='ocrx_word' id='word_1_439' title='bbox 887 4025 1077 4084; x_wconf 90' lang='lat' dir='ltr'><strong>daemonem</strong></span> <span class='ocrx_word' id='word_1_440' title='bbox 1092 4024 1292 4086; x_wconf 84' lang='lat' dir='ltr'><strong>divinitatem</strong></span> <span class='ocrx_word' id='word_1_441' title='bbox 1307 4024 1421 4085; x_wconf 88' lang='lat' dir='ltr'><strong>Christi</strong></span> <span class='ocrx_word' id='word_1_442' title='bbox 1437 4031 1510 4085; x_wconf 92' lang='lat' dir='ltr'><strong>ante</strong></span> <span class='ocrx_word' id='word_1_443' title='bbox 1526 4025 1596 4086; x_wconf 92' lang='lat' dir='ltr'><strong>eius</strong></span> <span class='ocrx_word' id='word_1_444' title='bbox 1611 4041 1697 4086; x_wconf 92' lang='lat' dir='ltr'><strong>mor·</strong></span> 
     </span>
     <span class='ocr_line' id='line_1_40' title="bbox 362 4122 1696 4202; baseline -0.002 -16"><span class='ocrx_word' id='word_1_445' title='bbox 362 4132 426 4186; x_wconf 92' lang='lat' dir='ltr'><strong>tem</strong></span> <span class='ocrx_word' id='word_1_446' title='bbox 442 4124 642 4202; x_wconf 87' lang='lat' dir='ltr'><strong>cognovisse,</strong></span> <span class='ocrx_word' id='word_1_447' title='bbox 658 4145 673 4177; x_wconf 95' lang='lat'>«</span> <span class='ocrx_word' id='word_1_448' title='bbox 691 4123 763 4201; x_wconf 90' lang='lat' dir='ltr'><strong>quia</strong></span> <span class='ocrx_word' id='word_1_449' title='bbox 778 4123 810 4182; x_wconf 93' lang='lat' dir='ltr'><strong>in</strong></span> <span class='ocrx_word' id='word_1_450' title='bbox 829 4127 891 4182; x_wconf 91' lang='lat' dir='ltr'><strong>vet.</strong></span> <span class='ocrx_word' id='word_1_451' title='bbox 909 4127 981 4184; x_wconf 90' lang='lat' dir='ltr'><strong>test.</strong></span> <span class='ocrx_word' id='word_1_452' title='bbox 998 4122 1235 4184; x_wconf 86' lang='lat' dir='ltr'><strong>evidentissime</strong></span> <span class='ocrx_word' id='word_1_453' title='bbox 1249 4123 1451 4201; x_wconf 89' lang='lat' dir='ltr'><strong>praedictum</strong></span> <span class='ocrx_word' id='word_1_454' title='bbox 1466 4127 1534 4183; x_wconf 93' lang='lat' dir='ltr'><strong>erat</strong></span> <span class='ocrx_word' id='word_1_455' title='bbox 1551 4123 1696 4184; x_wconf 78' lang='lat' dir='ltr'><strong>Messium</strong></span> 
     </span>
     <span class='ocr_line' id='line_1_41' title="bbox 363 4220 1696 4300; baseline -0.001 -17"><span class='ocrx_word' id='word_1_456' title='bbox 363 4224 506 4285; x_wconf 81' lang='lat' dir='ltr'><strong>futurum</strong></span> <span class='ocrx_word' id='word_1_457' title='bbox 520 4239 632 4282; x_wconf 87' lang='lat' dir='ltr'><strong>verum</strong></span> <span class='ocrx_word' id='word_1_458' title='bbox 647 4224 760 4292; x_wconf 87' lang='lat' dir='ltr'><strong>Deum,</strong></span> <span class='ocrx_word' id='word_1_459' title='bbox 776 4222 898 4298; x_wconf 88' lang='lat' dir='ltr'><strong>Deique</strong></span> <span class='ocrx_word' id='word_1_460' title='bbox 911 4221 1043 4293; x_wconf 73' lang='lat' dir='ltr'><strong>Filium,</strong></span> <span class='ocrx_word' id='word_1_461' title='bbox 1059 4220 1114 4282; x_wconf 92' lang='lat' dir='ltr'><strong>sed</strong></span> <span class='ocrx_word' id='word_1_462' title='bbox 1131 4221 1266 4282; x_wconf 92' lang='lat' dir='ltr'><strong>daemon</strong></span> <span class='ocrx_word' id='word_1_463' title='bbox 1282 4221 1478 4299; x_wconf 79' lang='lat' dir='ltr'><strong>intelligebat</strong></span> <span class='ocrx_word' id='word_1_464' title='bbox 1492 4238 1546 4281; x_wconf 88' lang='lat' dir='ltr'><strong>eas</strong></span> <span class='ocrx_word' id='word_1_465' title='bbox 1557 4221 1696 4300; x_wconf 90' lang='lat' dir='ltr'><strong>Scriptu-</strong></span> 
     </span>
     <span class='ocr_line' id='line_1_42' title="bbox 364 4318 1697 4399; baseline -0.002 -18"><span class='ocrx_word' id='word_1_466' title='bbox 364 4339 414 4382; x_wconf 91' lang='lat' dir='ltr'><strong>ras</strong></span> <span class='ocrx_word' id='word_1_467' title='bbox 436 4327 469 4381; x_wconf 91' lang='lat' dir='ltr'><strong>et</strong></span> <span class='ocrx_word' id='word_1_468' title='bbox 488 4320 696 4399; x_wconf 87' lang='lat' dir='ltr'><strong>cognoscebat</strong></span> <span class='ocrx_word' id='word_1_469' title='bbox 715 4320 820 4380; x_wconf 91' lang='lat' dir='ltr'><strong>lesum</strong></span> <span class='ocrx_word' id='word_1_470' title='bbox 842 4337 911 4379; x_wconf 92' lang='lat' dir='ltr'><strong>esse</strong></span> <span class='ocrx_word' id='word_1_471' title='bbox 933 4318 1093 4389; x_wconf 73' lang='lat' dir='ltr'><strong>hassiam,</strong></span> <span class='ocrx_word' id='word_1_472' title='bbox 1111 4336 1186 4397; x_wconf 89' lang='lat' dir='ltr'><strong>ergo</strong></span> <span class='ocrx_word' id='word_1_473' title='bbox 1207 4323 1240 4378; x_wconf 93' lang='lat' dir='ltr'><strong>et</strong></span> <span class='ocrx_word' id='word_1_474' title='bbox 1258 4335 1327 4379; x_wconf 89' lang='lat' dir='ltr'><strong>esse</strong></span> <span class='ocrx_word' id='word_1_475' title='bbox 1347 4321 1463 4393; x_wconf 85' lang='lat' dir='ltr'><strong>Deum3</strong></span> <span class='ocrx_word' id='word_1_476' title='bbox 1480 4319 1556 4379; x_wconf 89' lang='lat' dir='ltr'><strong>dein</strong></span> <span class='ocrx_word' id='word_1_477' title='bbox 1573 4319 1697 4379; x_wconf 90' lang='lat' dir='ltr'><strong>audivit</strong></span> 
     </span>
     <span class='ocr_line' id='line_1_43' title="bbox 366 4416 1696 4495; baseline -0.002 -16"><span class='ocrx_word' id='word_1_478' title='bbox 366 4436 465 4480; x_wconf 90' lang='lat' dir='ltr'><strong>unum</strong></span> <span class='ocrx_word' id='word_1_479' title='bbox 475 4419 650 4479; x_wconf 91' lang='lat' dir='ltr'><strong>etalterum</strong></span> <span class='ocrx_word' id='word_1_480' title='bbox 660 4418 880 4479; x_wconf 90' lang='lat' dir='ltr'><strong>testimonium</strong></span> <span class='ocrx_word' id='word_1_481' title='bbox 897 4417 1006 4490; x_wconf 90' lang='lat' dir='ltr'><strong>Patris,</strong></span> <span class='ocrx_word' id='word_1_482' title='bbox 1017 4416 1139 4477; x_wconf 87' lang='lat' dir='ltr'><strong>audivit</strong></span> <span class='ocrx_word' id='word_1_483' title='bbox 1153 4416 1250 4476; x_wconf 92' lang='lat' dir='ltr'><strong>etiam</strong></span> <span class='ocrx_word' id='word_1_484' title='bbox 1265 4434 1361 4495; x_wconf 90' lang='lat' dir='ltr'><strong>saepe</strong></span> <span class='ocrx_word' id='word_1_485' title='bbox 1375 4417 1414 4477; x_wconf 94' lang='lat' dir='ltr'><strong>ab</strong></span> <span class='ocrx_word' id='word_1_486' title='bbox 1427 4417 1566 4495; x_wconf 90' lang='lat' dir='ltr'><strong>ipsomet</strong></span> <span class='ocrx_word' id='word_1_487' title='bbox 1575 4416 1696 4478; x_wconf 92' lang='lat' dir='ltr'><strong>Christo</strong></span> 
     </span>
     <span class='ocr_line' id='line_1_44' title="bbox 365 4512 1695 4594; baseline -0.003 -16"><span class='ocrx_word' id='word_1_488' title='bbox 365 4535 399 4578; x_wconf 93' lang='lat' dir='ltr'><strong>se</strong></span> <span class='ocrx_word' id='word_1_489' title='bbox 414 4534 482 4578; x_wconf 89' lang='lat' dir='ltr'><strong>esse</strong></span> <span class='ocrx_word' id='word_1_490' title='bbox 491 4516 609 4577; x_wconf 88' lang='lat' dir='ltr'><strong>Filium</strong></span> <span class='ocrx_word' id='word_1_491' title='bbox 624 4517 679 4577; x_wconf 87' lang='lat' dir='ltr'><strong>Dei</strong></span> <span class='ocrx_word' id='word_1_492' title='bbox 696 4521 728 4576; x_wconf 91' lang='lat' dir='ltr'><strong>et</strong></span> <span class='ocrx_word' id='word_1_493' title='bbox 738 4533 840 4576; x_wconf 91' lang='lat' dir='ltr'><strong>unum</strong></span> <span class='ocrx_word' id='word_1_494' title='bbox 855 4532 929 4576; x_wconf 88' lang='lat' dir='ltr'><strong>cum</strong></span> <span class='ocrx_word' id='word_1_495' title='bbox 945 4515 1035 4575; x_wconf 92' lang='lat' dir='ltr'><strong>Patre</strong></span> <span class='ocrx_word' id='word_1_496' title='bbox 1049 4514 1147 4592; x_wconf 86' lang='lat' dir='ltr'><strong>(loan.</strong></span> <span class='ocrx_word' id='word_1_497' title='bbox 1164 4516 1227 4585; x_wconf 85' lang='lat'><strong>5,8.</strong></span> <span class='ocrx_word' id='word_1_498' title='bbox 1245 4512 1294 4593; x_wconf 87' lang='lat'><strong>10)</strong></span> <span class='ocrx_word' id='word_1_499' title='bbox 1311 4519 1342 4574; x_wconf 87' lang='lat' dir='ltr'><strong>et</strong></span> <span class='ocrx_word' id='word_1_500' title='bbox 1357 4532 1452 4594; x_wconf 88' lang='lat' dir='ltr'><strong>saepe</strong></span> <span class='ocrx_word' id='word_1_501' title='bbox 1468 4515 1695 4593; x_wconf 87' lang='lat' dir='ltr'><strong>evidenterque</strong></span> 
     </span>
     <span class='ocr_line' id='line_1_45' title="bbox 365 4611 1696 4691; baseline -0.002 -15"><span class='ocrx_word' id='word_1_502' title='bbox 365 4615 517 4676; x_wconf 87' lang='lat' dir='ltr'><strong>cernebat</strong></span> <span class='ocrx_word' id='word_1_503' title='bbox 532 4614 683 4675; x_wconf 92' lang='lat' dir='ltr'><strong>miracula</strong></span> <span class='ocrx_word' id='word_1_504' title='bbox 700 4615 731 4675; x_wconf 95' lang='lat' dir='ltr'><strong>in</strong></span> <span class='ocrx_word' id='word_1_505' title='bbox 752 4615 822 4675; x_wconf 89' lang='lat' dir='ltr'><strong>eius</strong></span> <span class='ocrx_word' id='word_1_506' title='bbox 842 4612 1113 4674; x_wconf 84' lang='lat' dir='ltr'><strong>confirmationem</strong></span> <span class='ocrx_word' id='word_1_507' title='bbox 1127 4611 1217 4684; x_wconf 85' lang='lat' dir='ltr'><strong>tacta,</strong></span> <span class='ocrx_word' id='word_1_508' title='bbox 1240 4619 1271 4691; x_wconf 89' lang='lat' dir='ltr'><strong>et</strong></span> <span class='ocrx_word' id='word_1_509' title='bbox 1289 4614 1384 4674; x_wconf 89' lang='lat' dir='ltr'><strong>verba</strong></span> <span class='ocrx_word' id='word_1_510' title='bbox 1396 4613 1512 4675; x_wconf 90' lang='lat' dir='ltr'><strong>Christi</strong></span> <span class='ocrx_word' id='word_1_511' title='bbox 1527 4617 1616 4674; x_wconf 92' lang='lat' dir='ltr'><strong>erant</strong></span> <span class='ocrx_word' id='word_1_512' title='bbox 1630 4619 1696 4673; x_wconf 87' lang='lat' dir='ltr'><strong>tam</strong></span> 
     </span>
     <span class='ocr_line' id='line_1_46' title="bbox 365 4710 1696 4793; baseline -0.002 -19"><span class='ocrx_word' id='word_1_513' title='bbox 365 4714 461 4793; x_wconf 88' lang='lat' dir='ltr'><strong>clara,</strong></span> <span class='ocrx_word' id='word_1_514' title='bbox 478 4717 512 4772; x_wconf 89' lang='lat' dir='ltr'><strong>ut</strong></span> <span class='ocrx_word' id='word_1_515' title='bbox 527 4711 586 4791; x_wconf 92' lang='lat' dir='ltr'><strong>ipsi</strong></span> <span class='ocrx_word' id='word_1_516' title='bbox 603 4729 732 4790; x_wconf 90' lang='lat' dir='ltr'><strong>quoque</strong></span> <span class='ocrx_word' id='word_1_517' title='bbox 752 4713 860 4773; x_wconf 90' lang='lat' dir='ltr'><strong>ludaei</strong></span> <span class='ocrx_word' id='word_1_518' title='bbox 877 4710 1089 4790; x_wconf 91' lang='lat' dir='ltr'><strong>intelligerent</strong></span> <span class='ocrx_word' id='word_1_519' title='bbox 1108 4711 1212 4772; x_wconf 93' lang='lat' dir='ltr'><strong>lesum</strong></span> <span class='ocrx_word' id='word_1_520' title='bbox 1228 4712 1408 4789; x_wconf 91' lang='lat' dir='ltr'><strong>praedicare</strong></span> <span class='ocrx_word' id='word_1_521' title='bbox 1428 4712 1570 4790; x_wconf 90' lang='lat' dir='ltr'><strong>seipsum</strong></span> <span class='ocrx_word' id='word_1_522' title='bbox 1585 4728 1696 4772; x_wconf 87' lang='lat' dir='ltr'><strong>verum</strong></span> 
     </span>
     <span class='ocr_line' id='line_1_47' title="bbox 366 4808 1696 4888; baseline -0.002 -16"><span class='ocrx_word' id='word_1_523' title='bbox 366 4813 422 4872; x_wconf 88' lang='lat' dir='ltr'><strong>Dei</strong></span> <span class='ocrx_word' id='word_1_524' title='bbox 437 4809 553 4871; x_wconf 84' lang='lat' dir='ltr'><strong>Filium</strong></span> <span class='ocrx_word' id='word_1_525' title='bbox 568 4815 600 4869; x_wconf 89' lang='lat' dir='ltr'><strong>et</strong></span> <span class='ocrx_word' id='word_1_526' title='bbox 614 4811 784 4888; x_wconf 90' lang='lat' dir='ltr'><strong>aequalem</strong></span> <span class='ocrx_word' id='word_1_527' title='bbox 800 4810 896 4870; x_wconf 91' lang='lat' dir='ltr'><strong>Patri.</strong></span> <span class='ocrx_word' id='word_1_528' title='bbox 907 4809 1105 4887; x_wconf 84' lang='lat' dir='ltr'><strong>Quamquam</strong></span> <span class='ocrx_word' id='word_1_529' title='bbox 1120 4826 1194 4887; x_wconf 93' lang='lat' dir='ltr'><strong>ergo</strong></span> <span class='ocrx_word' id='word_1_530' title='bbox 1212 4808 1361 4884; x_wconf 92' lang='lat' dir='ltr'><strong>daemon,</strong></span> <span class='ocrx_word' id='word_1_531' title='bbox 1374 4808 1526 4888; x_wconf 88' lang='lat' dir='ltr'><strong>quamdiu</strong></span> <span class='ocrx_word' id='word_1_532' title='bbox 1542 4809 1696 4870; x_wconf 90' lang='lat' dir='ltr'><strong>nonsatis</strong></span> 
     </span>
     <span class='ocr_line' id='line_1_48' title="bbox 367 4907 1696 4987; baseline -0.002 -17"><span class='ocrx_word' id='word_1_533' title='bbox 367 4908 522 4970; x_wconf 82' lang='lat' dir='ltr'><strong>intellexit</strong></span> <span class='ocrx_word' id='word_1_534' title='bbox 542 4909 645 4970; x_wconf 90' lang='lat' dir='ltr'><strong>lesum</strong></span> <span class='ocrx_word' id='word_1_535' title='bbox 662 4926 732 4969; x_wconf 88' lang='lat' dir='ltr'><strong>esse</strong></span> <span class='ocrx_word' id='word_1_536' title='bbox 756 4909 903 4970; x_wconf 82' lang='lat' dir='ltr'><strong>Messinm</strong></span> <span class='ocrx_word' id='word_1_537' title='bbox 922 4907 1063 4987; x_wconf 91' lang='lat' dir='ltr'><strong>potuerit</strong></span> <span class='ocrx_word' id='word_1_538' title='bbox 1081 4907 1226 4968; x_wconf 90' lang='lat' dir='ltr'><strong>dubitare</strong></span> <span class='ocrx_word' id='word_1_539' title='bbox 1246 4908 1285 4969; x_wconf 89' lang='lat' dir='ltr'><strong>de</strong></span> <span class='ocrx_word' id='word_1_540' title='bbox 1301 4926 1409 4983; x_wconf 91' lang='lat' dir='ltr'><strong>sensu,</strong></span> <span class='ocrx_word' id='word_1_541' title='bbox 1427 4907 1458 4967; x_wconf 96' lang='lat' dir='ltr'><strong>in</strong></span> <span class='ocrx_word' id='word_1_542' title='bbox 1474 4925 1538 4986; x_wconf 93' lang='lat' dir='ltr'><strong>quo</strong></span> <span class='ocrx_word' id='word_1_543' title='bbox 1553 4908 1696 4970; x_wconf 90' lang='lat' dir='ltr'><strong>Christus</strong></span> 
     </span>
     <span class='ocr_line' id='line_1_49' title="bbox 367 5000 1696 5090; baseline -0.002 -22"><span class='ocrx_word' id='word_1_544' title='bbox 367 5009 400 5069; x_wconf 93' lang='lat' dir='ltr'><strong>in</strong></span> <span class='ocrx_word' id='word_1_545' title='bbox 416 5000 587 5087; x_wconf 87' lang='lat' dir='ltr'><strong>baptismo,</strong></span> <span class='ocrx_word' id='word_1_546' title='bbox 604 5007 692 5068; x_wconf 86' lang='lat' dir='ltr'><strong>verbi</strong></span> <span class='ocrx_word' id='word_1_547' title='bbox 712 5008 825 5086; x_wconf 88' lang='lat' dir='ltr'><strong>gratia,</strong></span> <span class='ocrx_word' id='word_1_548' title='bbox 849 5008 953 5069; x_wconf 90' lang='lat' dir='ltr'><strong>dictus</strong></span> <span class='ocrx_word' id='word_1_549' title='bbox 968 5012 1016 5069; x_wconf 88' lang='lat' dir='ltr'><strong>est</strong></span> <span class='ocrx_word' id='word_1_550' title='bbox 1035 5006 1132 5090; x_wconf 83' lang='lat' dir='ltr'><strong>Filius</strong></span> <span class='ocrx_word' id='word_1_551' title='bbox 1147 5006 1219 5080; x_wconf 88' lang='lat' dir='ltr'><strong>Dei,</strong></span> <span class='ocrx_word' id='word_1_552' title='bbox 1236 5012 1342 5068; x_wconf 90' lang='lat' dir='ltr'><strong>tamen</strong></span> <span class='ocrx_word' id='word_1_553' title='bbox 1357 5010 1529 5086; x_wconf 92' lang='lat' dir='ltr'><strong>postquam</strong></span> <span class='ocrx_word' id='word_1_554' title='bbox 1547 5005 1608 5067; x_wconf 92' lang='lat' dir='ltr'><strong>sibi</strong></span> <span class='ocrx_word' id='word_1_555' title='bbox 1624 5023 1696 5085; x_wconf 90' lang='lat' dir='ltr'><strong>per·</strong></span> 
     </span>
    </p>
   </div>
   <div class='ocr_carea' id='block_1_4' title="bbox 0 0 1984 5654">
    <p class='ocr_par' dir='ltr' id='par_1_5' title="bbox 0 0 1984 5654">
     <span class='ocr_line' id='line_1_50' title="bbox 0 0 1984 5654; baseline 0 0"><span class='ocrx_word' id='word_1_556' title='bbox 0 0 1984 5654; x_wconf 95' lang='lat' dir='ltr'><strong> </strong></span> 
     </span>
    </p>
   </div>
  </div>
 </body>
</html>
