3960 5654
844 324 938 419 unae.
963 358 1013 428 te,
1036 358 1102 416 6-7.
1584 361 1641 419 433

306 515 451 587 vertere;
477 508 521 572 ct.
544 513 656 576 llatth.
681 512 775 588 223:
797 510 900 576 simul
915 529 955 572 eo
975 508 1112 573 nomine
1134 507 1257 572 veritas
1273 507 1359 574 ritae
1379 509 1451 575 eius
1467 511 1640 577 humanae

304 617 479 691 asseritur;
500 617 719 701 crucifixum,
742 637 808 681 non
826 621 963 681 veretur
982 636 1061 679 eum
1082 634 1200 678 vocare
1221 612 1436 693 crucifixum;
1456 639 1535 681 nam
1552 617 1586 682 in
1602 639 1641 683 eo

303 727 353 786 est
366 721 454 787 salus
469 720 650 788 hominum
663 729 697 786 et
710 723 865 788 omnium
887 721 1055 786 bonorum
1074 741 1208 784 summa
1228 720 1239 806 (
1252 721 1331 785 Virt.
1352 721 1496 808 ereoplr.
1516 723 1637 810 lep‚);

303 828 441 892 evanuit
469 827 562 894 radix
594 849 711 894 amara
739 831 869 900 crucis,
906 827 966 892 llos
997 826 1088 891 enim
1114 826 1203 891 vitae
1233 848 1310 892 cum
1336 827 1504 893 fructibus
1526 831 1639 915 erupit

303 932 372 1021 (rs.
389 933 515 1020 Hr'er.);
545 958 612 1001 non
630 945 678 999 est
696 934 772 1015 lrr'c,·
788 955 864 1000 ecce
883 932 976 998 locus
1000 932 1059 997 ectri
1076 946 1267 1019 prosuerunt
1291 954 1390 1007 erint:
1406 958 1435 997 v.
1459 942 1477 997 7
1498 934 1557 1000 sed
1575 935 1637 1013 ite,

302 1035 384 1100 ἀλλά
402 1040 570 1126 significat
587 1056 778 1107 sermonem
807 1043 981 1127 inceptum
1002 1041 1099 1128 quasi
1120 1038 1281 1127 abrumpi
1297 1048 1330 1105 et
1351 1040 1508 1105 celeriter
1528 1048 1639 1106 trans-

301 1144 345 1209 iri
363 1144 408 1210 ad
427 1147 697 1213 admonitionem
717 1148 771 1231 (cl.
795 1146 908 1212 naith.
936 1151 1028 1220 ata.
1048 1150 1147 1211 llarc.
1170 1151 1262 1224 aet.
1287 1150 1450 1225 l2uc.'1‚7.
1474 1151 1563 1212 loan.
1584 1153 1636 1226 12,

302 1256 356 1316 27.
382 1258 452 1318 Act.
484 1261 599 1335 10‚‘20;
628 1252 704 1319 vide
747 1254 861 1318 Wr'ner
885 1259 902 1332 ,ξ
930 1252 1037 1337 53,r).
1070 1252 1131 1317 alii
1160 1253 1293 1317 tacitam
1321 1253 1472 1340 aliquam
1502 1254 1638 1342 opposi-

300 1356 428 1424 tionem
453 1360 590 1446 fingunt
605 1358 657 1424 vel
675 1361 718 1425 ad
734 1361 929 1425 unctionem
950 1381 1039 1446 quae
1058 1360 1124 1422 iam
1142 1358 1269 1423 nonsit
1290 1360 1498 1435 necessaria,
1523 1360 1575 1426 vel
1593 1359 1639 1424 ad

300 1486 375 1532 ecce
392 1466 496 1545 locere,
512 1488 553 1531 ne
568 1466 640 1531 scit.
659 1465 779 1532 ineius
796 1464 1084 1552 contemplatione
1101 1464 1229 1530 diutius
1245 1474 1432 1544 versentur,
1451 1466 1510 1532 sed
1525 1467 1638 1532 statim

300 1571 442 1638 tendant
459 1572 503 1638 ad
522 1571 718 1661 discipulos,
737 1578 778 1638 At
797 1573 881 1637 haec
896 1571 998 1636 nimis
1020 1571 1191 1636 subtiliter
1216 1573 1406 1657 excogitata
1420 1580 1519 1653 sunt;
1537 1573 1638 1639 dicite

300 1675 472 1768 descipmlis
486 1679 557 1743 eires
570 1691 602 1744 et
617 1683 715 1745 Petro
734 1679 816 1767 quie
832 1678 1011 1766 praecedit
1026 1700 1082 1742 cos
1099 1679 1135 1742 in
1151 1676 1364 1758 Galr'leeam,
1386 1678 1434 1744 iti
1452 1701 1530 1744 eum
1546 1679 1637 1745 uide-

300 1783 395 1867 ciria·
407 1786 519 1874 prima
528 1786 625 1874 quasi
637 1786 990 1871 resurgentisltomini
1004 1786 1166 1869 cogitatio
1176 1792 1209 1850 et
1225 1807 1308 1851 cura
1321 1792 1370 1850 est
1383 1785 1425 1850 de
1440 1786 1635 1874 discipulis;

298 1912 339 1957 eo
353 1891 427 1981 ipso
441 1891 533 1980 quod
549 1892 714 1980 promittit
730 1913 791 1980 per
801 1891 965 1977 angelum
981 1913 1015 1956 se
1032 1889 1075 1956 ad
1091 1912 1147 1956 cos
1160 1899 1355 1974 venturum,
1370 1892 1480 1958 tristes
1493 1894 1637 1958 maxime

296 1998 501 2078 consolatur,
523 1998 674 2063 dolentes
688 1998 730 2064 de
753 1999 834 2084 iuga
854 2007 887 2063 et
908 1997 1013 2083 erigit
1034 2005 1120 2062 etse
1141 1997 1216 2062 illos
1238 1999 1348 2085 prisco
1374 2020 1491 2064 amore
1518 1999 1635 2064 etiam-

297 2126 379 2170 num
397 2104 575 2193 complecti
590 2104 746 2170 ostendit.
765 2106 798 2170 Si
814 2105 919 2177 verba
936 2103 1020 2169 haec
1041 2103 1216 2192 discipulis
1236 2104 1357 2169 solatio
1377 2111 1411 2168 et
1424 2104 1551 2190 gaudio
1566 2128 1636 2171 esse

297 2209 485 2292 debebant,
508 2219 598 2277 recte
620 2210 894 2277 concludendum
915 2212 979 2275 erit
999 2232 1077 2276 cum
1093 2210 1253 2298 plurimis
1268 2223 1300 2275 et
1320 2214 1419 2276 Petro
1435 2210 1495 2299 qui
1514 2213 1634 2297 siugu-

296 2317 361 2383 lari
388 2319 519 2383 ratione
544 2340 582 2383 cx
607 2318 767 2383 omnibus
793 2319 1003 2395 nominatur,
1026 2317 1082 2382 cui
1111 2317 1226 2404 itaque
1253 2339 1292 2382 ea
1317 2317 1456 2406 speciali
1484 2317 1634 2405 quodam

297 2423 400 2490 modo
424 2423 570 2490 dicenda
593 2431 687 2498 sunt,
711 2425 755 2490 ob
780 2426 997 2510 negationem
1022 2445 1159 2488 omnem
1179 2423 1282 2488 eximi
1304 2424 1459 2488 timorem
1475 2433 1508 2488 et
1526 2419 1635 2489 Domi·
1700 2493 1704 2500 ,

296 2551 380 2595 num
397 2553 473 2596 eum
492 2553 531 2596 ex
548 2532 684 2596 nomine
708 2552 858 2606 vocasse,
877 2553 946 2618 quo
962 2529 1086 2595 certior
1099 2537 1186 2594 esset
1202 2528 1246 2593 de
1260 2530 1360 2594 venia
1379 2537 1411 2594 et
1424 2551 1541 2595 amore
1563 2534 1634 2597 lesu

297 2635 354 2724 (cf.
372 2637 408 2702 S.
434 2638 757 2724 Gr·eq.hom.21,t,
789 2637 868 2702 l'r'ct.
901 2636 1003 2701 Eruli.
1036 2638 1088 2701 es.
1117 2635 1209 2700 Hier.
1238 2634 1319 2700 Bed.
1347 2634 1421 2701 Alb.
1453 2635 1528 2703 Coi.
1550 2636 1631 2703 Feb.

294 2741 402 2808 Meld.
418 2745 500 2831 Lep.
523 2744 585 2808 Fit,
604 2744 696 2823 Keil,
715 2742 836 2828 Coele);
858 2743 936 2808 huic
954 2744 1077 2807 rationi
1094 2741 1153 2807 alii
1174 2742 1371 2828 adiungunt
1390 2741 1550 2822 alteram,
1573 2741 1632 2808 de·

294 2849 422 2935 signari
440 2853 574 2915 Petrum
594 2858 627 2915 et
651 2850 812 2915 honorari
833 2858 1010 2937 tamquam
1034 2849 1182 2936 primum
1208 2855 1242 2913 et
1260 2848 1440 2936 primatem
1468 2851 1558 2912 inter
1579 2847 1633 2913 di-

294 2955 440 3044 scipulos
469 2955 626 3043 (Tlreoplr.
652 2956 749 3021 Dion.
779 2956 888 3021 Selm.
914 2954 1010 3043 Spin.
1045 2954 1171 3029 Celae.)
1193 2961 1226 3020 et
1247 2955 1452 3020 recentiores
1467 2955 1630 3043 (Schepp,

293 3061 426 3128 Reiecit
432 3113 443 3141 ,
460 3063 550 3150 Bisp.
568 3061 719 3141 Sedens,
738 3063 864 3148 Poelzl)
881 3062 990 3126 solum
1011 3063 1101 3126 hanc
1116 3062 1259 3127 alteram
1280 3061 1344 3126 rite
1361 3061 1474 3126 allerri
1492 3069 1630 3127 conten-

191 3181 193 3184 ’
293 3165 389 3232 dunt.
420 3166 485 3234 Sed
505 3189 582 3233 cum
603 3176 693 3234 certe
722 3171 862 3234 nuntius
888 3167 1065 3255 discipulis
1089 3167 1211 3232 missus
1228 3167 1272 3231 sit
1290 3167 1334 3232 ad
1354 3189 1409 3233 eos
1429 3167 1629 3252 erigendos,

292 3274 528 3352 consolandos,
561 3274 750 3340 reddendos
776 3275 936 3339 certiores
965 3274 1007 3338 de
1037 3273 1157 3339 eodem
1187 3297 1256 3360 quo
1284 3280 1383 3339 antea
1409 3273 1442 3338 in
1469 3296 1525 3339 eos
1558 3280 1630 3340 lesu

292 3402 427 3462 amore,
457 3403 525 3447 non
548 3381 645 3447 video
670 3404 731 3447 cur
761 3402 837 3446 eum
866 3380 1003 3446 Seleu:
1026 3380 1208 3445 dicendum
1229 3381 1272 3444 sit
1302 3381 1452 3467 priorem
1482 3381 1631 3468 explica-

291 3486 419 3552 tionem
435 3507 523 3552 nunc
550 3487 671 3552 merito
690 3489 882 3572 generatim
909 3490 949 3574 (tt
975 3487 1085 3565 reiici3
1123 3488 1230 3551 immo
1249 3485 1358 3551 altera
1387 3487 1500 3574 potius
1520 3495 1629 3575 posset

293 3613 362 3658 esse
378 3602 548 3682 suspecta,
570 3595 649 3682 quia
669 3616 757 3681 quae
776 3593 818 3658 ad
849 3596 936 3658 Petri
959 3592 1165 3679 dignitatem
1186 3600 1219 3657 ct
1240 3592 1461 3658 eminentiam
1477 3601 1631 3681 spectant

212 3682 214 3686 Α
292 3720 402 3787 neque
424 3703 539 3765 Petrus
564 3722 701 3765 narrare
723 3723 832 3788 neque
854 3706 980 3766 llarcus
1004 3700 1123 3764 litteris
1142 3701 1347 3784 consignare
1366 3701 1560 3780 consuevit,
1580 3703 1628 3766 uti

291 3803 362 3893 ipse
383 3804 517 3871 Scirem
544 3830 577 3895 p.
602 3814 640 3872 17
663 3816 776 3872 monet
797 3829 849 3871 res
875 3809 1079 3894 praecipuas
1094 3827 1182 3894 quac
1204 3810 1301 3870 Petro
1317 3805 1438 3870 honori
1454 3806 1520 3871 sint
1539 3806 1627 3874 desi-

291 3908 404 3976 derari
428 3912 462 3976 in
483 3914 580 3977 ilarci
597 3913 786 3999 evangelio.
816 3913 922 3979 Aliter
947 3914 1067 3990 lt‘eiss,
1095 3915 1230 3978 Petrum
1259 3913 1428 3976 nominari
1449 3913 1528 4000 quia
1549 3935 1625 4001 spe-

290 4015 386 4083 cialis
400 4016 442 4082 de
464 4040 503 4082 eo
526 4019 569 4082 ab
585 4019 659 4084 aliis
678 4021 846 4087 reseratur
860 4019 984 4084 eluisti
1000 4020 1183 4108 apparitio.
1203 4016 1269 4083 Sed
1287 4023 1323 4083 ut
1342 4019 1408 4083 alia
1430 4019 1578 4098 mittam,
1600 4022 1627 4085 si

292 4127 419 4189 Marcus
444 4124 479 4189 id
506 4133 700 4212 spectasset,
729 4125 846 4190 debuit
877 4126 1034 4191 iacobum
1062 4148 1199 4214 quoque
1225 4125 1361 4189 nomine
1386 4124 1523 4204 ellerre,
1549 4148 1625 4191 cum

290 4230 362 4318 ipse
379 4251 513 4318 qnoque
527 4232 663 4320 speciali
680 4233 895 4320 apparitione
914 4234 1096 4299 honoratus
1113 4233 1154 4296 sit
1167 4233 1195 4318 (t
1216 4234 1291 4295 Cor.
1314 4232 1440 4318 taidi).
1512 4236 1514 4240 ’

335 4341 474 4403 Damam
499 4339 642 4423 angelus
672 4338 704 4402 id
734 4338 830 4404 addit
856 4363 924 4428 quo
953 4338 1112 4427 discipuli
1135 4347 1168 4402 et
1194 4337 1353 4402 mulieres
1376 4359 1513 4425 quoque
1538 4361 1625 4427 quae

292 4448 399 4509 lesum
422 4446 516 4531 quasi
539 4445 574 4510 in
596 4444 751 4533 sepulcro
774 4456 939 4535 perpetuo
967 4451 1121 4511 maneret
1147 4466 1276 4529 ungere
1298 4443 1416 4508 volunt
1440 4444 1561 4511 leniter
1576 4469 1625 4512 re-

290 4549 574 4639 prehenduntur:
599 4552 684 4617 sicut
713 4551 800 4616 (linit
821 4553 932 4632 corne·
954 4557 995 4618 cl'.
1019 4557 1133 4630 tta&
1158 4551 1239 4616 dein
1261 4551 1395 4638 saepius
1415 4572 1511 4616 suam
1526 4575 1625 4641 prae-

291 4656 423 4724 dixerat
442 4661 719 4725 resurrectionem
740 4661 889 4725 laturam
904 4660 959 4725 die
979 4661 1095 4739 tertio,
1116 4660 1162 4724 ita
1187 4666 1224 4724 ut
1245 4659 1308 4746 ipsi
1324 4657 1534 4744 synedristae
1554 4661 1625 4727 eius

292 4764 532 4853 praedictionis
557 4766 722 4833 haberent
751 4768 907 4832 notitiam
934 4767 1063 4854 (llattli.
1089 4768 1213 4851 eno-2).
1238 4772 1347 4841 Quare
1368 4767 1489 4832 merito
1512 4767 1625 4834 innuit

742 4885 928 4932 Krirreunurn
946 4898 969 4932 rx
989 4885 1071 4931 ltine.
1091 4909 1120 4918 -
1138 4885 1175 4931 28.
