3960 5654
187 39 1092 105 &wemma-mum,

275 96 300 121 ,ῃ-
328 105 331 111 ,
382 92 384 99 t
469 93 473 100 ·
531 92 533 96 ·
558 104 562 118 1
583 98 586 103 ·
707 95 716 105 ι
871 96 875 117 p
898 116 901 121 Δ
991 101 993 105 ,

872 394 964 440 nanc
988 382 1018 453 6,
1043 383 1091 442 13.
1591 382 1648 440 163

315 531 411 630 diam
430 531 488 598 Dei
507 538 541 600 et
558 534 706 622 gratiam
726 528 872 618 Spiritus
888 553 950 620 per
970 552 1074 621 quam
1095 551 1116 595 a
1138 527 1256 596 labore
1279 529 1467 597 liberamur
1485 535 1519 596 et
1537 529 1647 595 lucem

316 642 353 701 et
371 637 536 722 gaudium
557 646 591 706 et
611 637 823 705 hilaritatem
842 638 1056 729 spiritualem
1075 635 1271 724 accipimus.

363 745 458 812 Sicut
468 749 583 835 itaque
598 741 749 810 Christus
770 765 870 835 saepe
885 746 983 831 signo
1002 740 1152 832 quodam
1168 750 1304 808 externo
1320 742 1490 820 adhibito,
1508 742 1649 832 imposi-

317 849 407 919 tione
423 870 604 932 manuum,
622 853 764 932 attactu,
781 851 906 934 saliva,
926 848 1063 916 morbos
1077 849 1242 938 pellebat,
1257 849 1304 913 ita
1314 848 1483 937 apostolos
1494 851 1649 916 unctione

317 958 381 1025 olei
406 964 581 1046 tamquam
609 956 766 1024 vehiculo
792 957 942 1046 quodam
971 961 1005 1022 et
1031 977 1134 1022 causa
1157 956 1253 1043 quasi
1279 955 1448 1022 mediante
1472 957 1649 1023 sanitatem

313 1064 429 1151 aegris
438 1063 613 1153 impertire
623 1063 740 1130 voluit.
755 1067 846 1141 Quae
857 1064 952 1130 enim
965 1061 1116 1129 Christus
1126 1062 1276 1148 aegrotis
1285 1063 1483 1151 corporibus
1494 1062 1648 1144 contulit,

316 1170 430 1256 figura
453 1174 531 1235 sunt
547 1174 580 1236 et
599 1176 701 1260 typus
715 1169 901 1237 sanationis
923 1168 1118 1235 animorum
1140 1190 1243 1259 quam
1259 1169 1418 1235 institutis
1432 1170 1651 1235 sacramentis

313 1297 335 1341 e
350 1274 453 1342 rebus
468 1275 648 1366 verbisque
662 1275 777 1356 efficit.
797 1275 890 1343 Unde
905 1275 1006 1342 facile
1017 1280 1111 1365 patet
1124 1297 1164 1341 eo
1179 1274 1281 1342 modo
1293 1275 1460 1364 apostolos
1470 1297 1539 1341 csse
1553 1297 1650 1365 prae·
1678 1298 1681 1318 ²

315 1387 451 1471 paratos
470 1381 515 1450 ad
528 1388 744 1450 sacramenta
760 1381 1035 1449 administranda
1054 1387 1088 1449 et
1103 1382 1298 1449 unctionem
1314 1381 1403 1448 banc
1417 1403 1487 1448 esse
1503 1381 1651 1468 figuram

312 1492 349 1554 et
363 1495 483 1579 typum
498 1488 703 1556 sacramenti
717 1492 888 1555 extremae
904 1487 1092 1571 unctionis,
1117 1488 1211 1577 quod
1226 1493 1495 1570 sacramentum,
1516 1495 1554 1553 ut
1570 1491 1652 1555 Con-

312 1594 433 1661 cilium
451 1593 676 1663 tridentinum
690 1595 868 1684 praeclare
887 1594 987 1677 dicit,
1006 1594 1101 1684 apud
1115 1598 1263 1661 liarcum
1279 1593 1418 1684 quidem
1433 1600 1482 1661 est
1500 1594 1652 1661 insinua-

315 1710 400 1781 tum,
419 1723 480 1790 per
493 1701 653 1768 iacobum
670 1706 785 1769 autem
799 1700 995 1791 apostolum
1013 1723 1054 1769 ac
1072 1701 1206 1768 Domini
1221 1702 1364 1767 fratrem
1383 1700 1543 1768 fidelibus
1558 1723 1651 1768 com-

313 1807 515 1874 mendatum
525 1830 565 1875 ae
578 1808 835 1898 promulgatum
852 1809 940 1892 (sess.
958 1814 1012 1889 tt,
1026 1806 1136 1874 doctr.
1149 1807 1191 1874 de
1204 1830 1289 1874 sacr.
1302 1813 1386 1874 extr.
1402 1813 1494 1873 unct.
1510 1830 1585 1896 cap).
1604 1808 1647 1896 1).

314 1914 610 1991 Quemadmodum
630 1915 745 2004 itaque
767 1915 852 1981 ritus
873 1914 1015 1981 lotionis
1029 1913 1083 1980 vel
1104 1913 1266 2004 baptismi
1283 1919 1316 1980 et
1333 1913 1558 2002 impositionis
1578 1936 1650 1980 ma-

291 2086 294 2091 ,
313 2042 422 2088 nuum
434 2021 650 2111 postmodum
661 2022 824 2088 aCbristo
834 2021 881 2089 ad
890 2021 1095 2108 dignitatem
1104 2020 1385 2089 sacramentalem
1397 2026 1475 2087 sunt
1487 2023 1650 2110 assumpti

312 2132 348 2193 et
367 2128 493 2211 evecti,
514 2127 562 2195 ite
576 2119 714 2218 quoque
729 2129 842 2195 unctio
859 2127 925 2194 olei
942 2126 1198 2195 sacramentalis
1219 2126 1452 2217 praefigurata
1469 2133 1518 2193 est
1536 2128 1568 2192 in
1587 2128 1649 2194 hac

313 2235 491 2318 unctione,
517 2257 605 2326 quae
624 2239 715 2301 recte
738 2235 852 2302 vocari
870 2240 980 2324 potest
998 2233 1218 2301 adumbratio
1242 2232 1411 2322 quaedam
1430 2236 1645 2300 sacramenti.

354 2459 421 2519 Non
436 2458 605 2519 defuerunt
618 2457 751 2537 quidem
770 2459 835 2537 qui·
848 2459 914 2519 iam
933 2475 1004 2518 eam
1018 2458 1202 2519 unctionem
1221 2475 1317 2535 quam
1334 2457 1468 2536 apostoli
1483 2457 1534 2518 hic
1549 2457 1646 2518 admi-

312 2557 464 2618 nistrasse
485 2555 633 2617 dicuntur
657 2562 890 2618 sacramentum
912 2554 992 2617 illud
1014 2556 1167 2635 putabant
1185 2561 1344 2617 extremae
1367 2556 1537 2616 unctionis.
1565 2557 1647 2614 llaec

311 2655 469 2716 sententia
483 2657 589 2715 tamen
611 2671 675 2714 non
695 2653 819 2714 videtur
832 2671 927 2733 posse
943 2652 1082 2714 adscribi
1110 2652 1182 2714 Vici.
1203 2652 1331 2732 Theopl.
1352 2652 1454 2726 Euat„
1471 2655 1526 2731 qui
1544 2652 1645 2713 solum

310 2757 424 2812 notant
436 2753 574 2812 Marcum
588 2768 713 2812 narrare
726 2751 766 2813 de
783 2751 944 2825 unctione,
957 2751 1010 2812 oui
1023 2751 1143 2812 similia
1158 2751 1254 2812 etiam
1265 2751 1396 2811 lacobus
1407 2752 1483 2811 dicit
1494 2752 1526 2810 in
1541 2751 1646 2811 catho-

312 2849 374 2911 lica
388 2849 524 2927 epistola
543 2847 660 2929 (Victi,
683 2848 769 2927 quod
783 2854 816 2910 et
836 2848 932 2910 irater
951 2849 1079 2909 Domini
1100 2849 1132 2908 in
1153 2848 1290 2927 epistola
1304 2848 1381 2908 dicit
1403 2848 1575 2927 (Thespi),
1594 2849 1646 2908 ad·

311 2953 420 3008 monet
434 2952 542 3008 aulem
557 2945 596 3007 de
612 2947 761 3008 unctione
781 2946 879 3007 etiam
893 2946 1027 3007 lacobus
1040 2944 1173 3026 (auia).
1192 2948 1255 3006 Nea
1269 2944 1396 3007 videtur
1411 2963 1503 3024 posse
1517 2947 1644 3008 attribui

310 3045 409 3106 Bedae
423 3045 476 3123 qui
493 3045 525 3105 in
539 3044 769 3106 commentario
785 3044 880 3105 Marci
893 3043 1030 3106 adducto
1041 3043 1111 3105 loco
1123 3044 1228 3104 lacobi
1244 3043 1337 3123 (5‚tt.
1356 3045 1405 3121 15)
1422 3045 1543 3123 pergit:
1561 3044 1643 3104 undo

207 3132 210 3137 ’
310 3148 397 3222 patet
417 3144 456 3204 ab
478 3143 555 3222 ipsis
578 3143 728 3223 apostolis
751 3142 836 3203 hunc
860 3146 986 3204 sanctae
1011 3141 1167 3203 Ecclesiae
1190 3159 1312 3202 morem
1335 3159 1402 3202 esse
1423 3142 1591 3214 traditum,
1610 3149 1644 3202 ut

310 3241 514 3321 energumeni
535 3240 585 3302 vel
599 3241 653 3301 alii
673 3241 808 3320 quilibet
825 3239 945 3319 aegroti
965 3245 1124 3320 ungantur
1146 3241 1217 3300 oleo
1232 3239 1405 3319 pontificati
1421 3240 1642 3300 benedictione

308 3343 504 3410 consecrato,
522 3343 554 3399 et
568 3339 601 3398 in
617 3337 852 3399 commentario
872 3337 911 3399 ad
931 3337 1098 3416 epistolam
1120 3338 1224 3398 lacobi
1249 3337 1382 3398 scribit:
1398 3344 1551 3417 ungentes
1568 3356 1641 3398 eum

310 3436 396 3508 oleo,
413 3436 473 3498 boc
491 3441 524 3497 et
537 3435 698 3516 apostotos
720 3435 833 3513 iecisse
849 3436 882 3495 in
902 3434 1069 3515 evangelio
1089 3434 1228 3515 legimus
1249 3439 1280 3496 et
1294 3453 1379 3496 nunc
1395 3436 1553 3496 Ecclesiae
1569 3454 1642 3496 con-

309 3533 443 3595 suetudo
457 3538 560 3606 tenet,
576 3538 611 3595 ut
626 3532 744 3595 intirmi
759 3533 830 3594 oleo
842 3537 1027 3594 consecrato
1043 3540 1203 3613 ungantur
1215 3552 1233 3594 a
1247 3534 1440 3612 presbyteris
1453 3539 1485 3595 et
1499 3535 1641 3594 oratione

309 3632 482 3692 comitante
497 3635 649 3693 sanentur
662 3628 717 3710 (Μ.
737 3620 851 3706 9339).
872 3632 993 3692 Verum
1014 3636 1082 3692 tum
1101 3631 1166 3691 iam
1181 3648 1251 3692 esse
1271 3631 1448 3692 institutum
1464 3649 1638 3693 sacramen·

309 3735 377 3790 tum
400 3733 432 3790 et
452 3732 686 3790 sacmmentum
704 3729 743 3789 ab
765 3728 918 3808 apostolis
937 3746 1008 3790 esse
1027 3728 1284 3791 administratum
1307 3735 1439 3790 censent
1455 3728 1524 3789 Alo.
1547 3729 1638 3790 Dina.

309 3823 407 3887 Meld.
428 3827 481 3905 qui
497 3827 682 3906 praesertim
697 3843 812 3906 magno
832 3826 955 3888 fervore
971 3844 1030 3906 pro
1045 3845 1082 3888 ea
1097 3829 1256 3889 sententia
1270 3827 1304 3887 in
1318 3844 1445 3888 arenam
1461 3828 1639 3897 descendit.

310 3925 387 3986 item
409 3922 553 3986 Mariana
576 3924 616 3986 ad
641 3925 727 3987 hunc
748 3926 842 3986 Marci
867 3924 990 3998 locum,
1017 3930 1050 3986 et
1072 3943 1129 4004 pro
1152 3926 1263 3987 eadem
1285 3926 1443 3987 sententia
1468 3926 1643 4004 allegantur

310 4021 447 4083 Thomas
466 4022 652 4096 midensis,
669 4023 850 4102 alphonsus
869 4022 909 4083 de
929 4023 1051 4097 Castro,
1070 4023 1181 4085 Petrus
1199 4023 1274 4084 Soto
1294 4023 1345 4103 (ci.
1362 4021 1580 4096 Bellarminm,
1602 4025 1641 4085 de

309 4137 441 4181 sacram.
460 4125 537 4181 extr.
555 4125 640 4182 unct.
659 4138 727 4200 oap.
745 4124 779 4194 2;
804 4118 967 4183 Gordonm
983 4120 1024 4181 ad
1044 4121 1136 4182 idarc.
1152 4121 1248 4199 anat
1265 4121 1327 4182 Sed
1345 4123 1459 4182 merito
1477 4121 1554 4183 haec
1568 4140 1640 4184 sen·

311 4219 409 4279 tentia
428 4222 476 4279 cst
493 4218 644 4280 derelicta
665 4225 698 4280 et
714 4236 786 4280 cum
806 4217 1016 4295 BellamiaQ
1037 4217 1144 4294 Estio,
1160 4217 1240 4302 Lep.
1256 4219 1341 4280 lans.
1361 4217 1459 4281 Calin.
1479 4227 1510 4280 et
1531 4239 1640 4282 recen-

244 4337 247 4344 ·
294 4329 295 4332 ’
310 4317 601 4378 tioribusomnibus
615 4317 789 4379 tenendum
804 4323 854 4379 est
868 4318 957 4379 illam
970 4317 1153 4379 unctionem
1169 4318 1264 4380 tuisse
1280 4318 1382 4379 solum
1397 4319 1528 4397 figuram
1545 4338 1640 4398 quan·

309 4414 384 4476 dam
412 4419 444 4476 et
470 4414 747 4477 adumbrationem
769 4415 973 4477 sacramenti.
1002 4418 1066 4478 Nec
1094 4416 1223 4478 diissciie
1255 4423 1303 4478 est
1331 4418 1448 4477 multas
1478 4435 1640 4479 recensere

308 4512 450 4575 rationes
464 4513 577 4592 quibus
591 4513 671 4575 haec
692 4513 801 4576 unctio
817 4533 836 4576 a
851 4518 1051 4576 sacramento
1066 4514 1152 4593 quod
1169 4533 1251 4576 nunc
1270 4521 1319 4576 est
1338 4515 1560 4594 distinguatur.
1579 4518 1641 4577 llac

308 4611 397 4671 enim
424 4612 571 4673 unctione
596 4628 729 4690 corpora
753 4613 947 4673 sanabantur
972 4617 1005 4673 et
1029 4612 1069 4674 ad
1093 4630 1130 4673 ea
1154 4614 1294 4674 sananda
1317 4615 1510 4692 praescripta
1534 4623 1600 4675 erat
1623 4634 1641 4674 a

308 4707 447 4783 Christo;
465 4709 542 4771 nibil
557 4709 715 4771 indicatur
729 4727 767 4771 ea
783 4727 910 4790 quoque
926 4709 1061 4790 gratiam
1081 4712 1331 4773 sanctificantem
1347 4728 1415 4772 esse
1430 4712 1544 4772 animis
1562 4713 1639 4774 inlu·

309 4823 393 4882 sam;
412 4814 649 4870 sacramentum
668 4813 776 4871 autem
800 4826 862 4870 non
882 4808 988 4871 tendit
1006 4826 1064 4889 per
1082 4826 1116 4871 se
1134 4811 1238 4888 primo
1257 4810 1296 4872 ad
1318 4828 1433 4888 corpus
1449 4812 1634 4873 sanandum.
