3960 5654
303 39 624 115 {iffffd'ssfflffislfflt'ffi'ff‘f'
641 39 1058 91 ''V'JWV'W''⁹
1075 39 1226 91 '‘¹.t'0·f··''-¹¹.'
1254 46 1271 53 ⁴¹
1327 64 1332 78 ,
1421 40 1463 65 Μ·
1493 54 1496 61 ·
1526 42 1539 68 ἰ

310 86 373 125 h:-¹'J
418 80 481 124 'sm'
511 83 522 111 .'
549 112 573 119 ,,
697 80 778 123 ,··.’·’“
798 78 826 98 “’·
848 79 877 116 '.·,
1097 98 1101 107 -
1150 90 1152 94 ’

1032 351 1122 399 nanc.
1146 341 1176 409 7,
1199 340 1249 400 37.
1751 341 1809 401 203

474 494 610 578 patrare
626 492 752 580 potest;
776 511 884 581 quare
898 514 930 556 v.
952 495 995 555 37
1009 499 1089 556 eteo
1108 492 1216 581 maqa's
1234 487 1496 557 admirabantur
1509 491 1733 578 ὑπερπερισσῶς
1750 478 1809 561 ἐξε-

474 598 669 675 πλήσσοντο,
687 597 1006 686 superabundanter
1018 602 1156 686 stupore
1169 603 1202 664 et
1215 596 1440 663 admiratione
1454 597 1740 688 percellebantur,
1754 595 1806 662 ali—

475 718 585 773 ccntcs
600 725 612 770 .·
626 701 832 772 bencomaia
844 702 944 792 facit,
957 714 990 769 ct
1003 702 1125 771 sardos
1134 703 1217 793 fecit
1230 701 1351 771 audire
1364 717 1396 771 ct
1409 717 1517 770 mactas
1529 704 1627 794 loqui
1633 758 1641 787 ‚
1653 708 1693 778 ὡς
1707 699 1770 766 rai.
1779 749 1802 766 ..

473 812 556 875 ποιεῖ
571 810 658 878 sicut
671 816 704 879 et
715 808 925 878 surdosiacit
937 809 1059 878 audire
1071 818 1106 878 et
1117 805 1251 885 ἀλάλους
1265 811 1436 898 elingues,
1453 809 1591 901 loquela
1606 810 1665 900 qui
1675 817 1804 889 carent,

473 918 580 1008 loqui.
605 917 722 985 Verbis
742 915 902 985 alludunt
924 916 969 983 ad
988 921 1027 986 ls.
1059 924 1152 1000 35,5.
1179 925 1211 999 6,
1236 917 1286 984 uti
1312 918 1442 1008 pariter
1465 940 1526 984 vox
1545 916 1670 984 Christi
1690 916 1806 1004 ispali.

473 1023 565 1091 idem
574 1030 705 1114 spectat
717 1022 895 1093 oraculum
908 1046 916 1093 :
934 1046 1034 1092 aures
1045 1022 1228 1092 surdorum
1243 1027 1443 1115 aperientur
1454 1025 1621 1126 (sponsas
1633 1026 1676 1092 ct.
1690 1026 1801 1093 ltatth.

474 1136 589 1215 15,31.

512 1320 561 1381 Uti
575 1319 718 1383 Christus
732 1319 831 1400 signis
847 1319 909 1381 illis
924 1318 1088 1382 hominem
1104 1321 1233 1383 edocuit
1248 1322 1325 1400 quid
1342 1321 1401 1400 ipsi
1417 1325 1501 1381 esset
1513 1320 1696 1392 collaturus,
1713 1321 1756 1382 ita
1772 1321 1803 1381 in

471 1419 674 1481 caerimoniis
690 1418 840 1498 baptismi
860 1418 972 1480 eadem
990 1420 1029 1480 ab
1049 1419 1188 1481 Ecclesia
1205 1419 1411 1495 adhibentur,
1433 1423 1467 1480 ut
1486 1418 1581 1480 bomo
1599 1419 1750 1481 doceatur
1768 1438 1804 1480 ex

433 1549 435 1552 ·
471 1534 534 1595 qua
548 1515 733 1579 conditione
752 1517 909 1579 benellcio
924 1518 1113 1579 sacramenti
1133 1517 1299 1597 eripiatur;
1314 1519 1431 1579 aulerci
1447 1517 1562 1578 debere
1580 1517 1664 1577 illam
1680 1517 1720 1578 ad
1737 1535 1803 1578 ver-

470 1614 548 1676 bum
566 1615 624 1676 Dei
647 1614 853 1691 surditatem
870 1633 964 1677 aures
987 1617 1104 1695 aperiri
1124 1617 1163 1678 ad
1184 1617 1315 1678 verbum
1340 1617 1395 1678 Dei
1416 1615 1628 1690 audiendum,
1645 1616 1723 1677 solvi
1742 1616 1803 1676 lin-

469 1729 566 1792 guam
580 1712 620 1774 ad
635 1712 732 1775 tidem
750 1714 972 1794 profitendam.
987 1737 1002 1769 a
1020 1717 1059 1776 Et
1075 1716 1157 1777 beno
1178 1715 1310 1794 quidam
1325 1715 1510 1777 huiusmodi
1525 1714 1737 1776 caerimoniae
1752 1715 1804 1776 hic

470 1811 664 1873 adhibentur
678 1829 716 1874 ax
732 1812 848 1874 Christi
862 1813 1056 1886 imitatione,
1071 1813 1335 1892 quandoquidem
1351 1819 1383 1875 et
1397 1815 1430 1874 in
1445 1813 1633 1893 baptismate
1650 1813 1682 1873 id
1699 1815 1732 1873 fit
1747 1831 1803 1891 pro

472 1910 571 1971 salute
590 1910 721 1990 spiritus
740 1910 826 1989 quod
848 1911 899 1972 hic
915 1929 973 1990 pro
997 1911 1138 1990 corporis
1159 1913 1322 1973 curatione
1344 1913 1458 1973 iactum
1477 1912 1605 1973 dicitur.
1626 1911 1804 1972 adducitur

469 2009 556 2071 anim
569 2008 686 2072 surdus
698 2013 732 2072 at
743 2013 854 2072 mutus
866 2013 899 2070 et
907 2028 965 2089 pro
978 2027 1016 2085 co
1027 2009 1238 2090 deprecantur
1250 2016 1450 2090 susceptores
1464 2015 1497 2071 ut
1507 2028 1563 2088 per
1575 2010 1802 2071 sacerdotalem

469 2123 601 2169 manum
618 2111 651 2169 ot
663 2107 796 2169 verbum
810 2125 940 2178 ¹sacrum
958 2109 1021 2170 iam
1036 2114 1166 2171 renatus
1185 2109 1339 2188 deinceps
1359 2111 1456 2170 verba
1470 2109 1525 2170 Dei
1542 2114 1574 2170 et
1586 2108 1695 2169 audiat
1710 2113 1741 2170 ct
1757 2109 1802 2169 lo-

469 2210 582 2284 quatur
596 2206 743 2268 lubenter
758 2231 774 2264 »
790 2205 917 2288 (lana).
1313 2285 1316 2290 1

507 2304 619 2366 Variae
644 2309 719 2367 sunt
738 2304 832 2383 huius
854 2309 987 2367 eventus
1007 2306 1250 2385 applicationes,
1274 2324 1354 2385 quas
1375 2310 1558 2385 proponunt
1580 2304 1614 2366 S.
1640 2303 1802 2387 Greqorius

467 2401 553 2464 hom.
571 2402 603 2464 in
624 2405 676 2464 liz.
696 2404 720 2476 l,
743 2404 796 2479 10,
813 2401 911 2481 Beda,
932 2401 1030 2465 Satm.
1050 2403 1127 2465 Fab.
1149 2403 1234 2465 lans.
1257 2403 1346 2486 Syia.
1365 2409 1424 2466 etc.
1440 2404 1540 2466 Pauca
1557 2405 1696 2466 innuisse
1712 2404 1799 2466 sulli-

359 2550 363 2557 ,
467 2502 540 2562 ciat.
558 2502 663 2563 Prima
677 2500 788 2564 salutis
802 2503 896 2564 ianua
911 2507 977 2578 cst,
990 2503 1035 2565 ait
1049 2499 1150 2573 Beda,
1169 2503 1331 2564 infirmum
1346 2503 1605 2583 apprehendente
1619 2503 1753 2564 Domino
1763 2503 1801 2564 de

468 2601 561 2661 turba
575 2618 718 2662 seorsum
730 2600 833 2663 educi.
848 2600 881 2663 ld
900 2606 1007 2663 autem
1024 2602 1060 2662 nt
1073 2619 1146 2663 cum
1163 2604 1302 2663 mentem
1320 2602 1502 2683 languidam
1521 2602 1672 2663 Dominus
1693 2601 1800 2662 visita-

468 2698 553 2761 tione
576 2716 651 2761 suao
671 2699 799 2778 pietatis
823 2698 985 2761 illustrans
1000 2718 1018 2761 a
1031 2700 1193 2762 consuetis
1212 2700 1371 2762 humanae
1392 2700 1642 2762 conversationis
1658 2701 1802 2762 moribus

466 2799 577 2858 avocat
598 2801 692 2877 atque
711 2797 750 2858 ad
775 2815 808 2859 se
831 2797 1032 2876 sequendum
1052 2802 1212 2877 provocat.
1235 2799 1332 2860 blittit
1352 2799 1469 2880 digitos
1489 2800 1519 2859 in
1538 2799 1710 2872 auriculas,
1726 2816 1799 2860 cum

466 2913 524 2975 per
534 2894 618 2957 dona
632 2914 656 2956 s.
674 2895 811 2975 Spiritus
826 2913 917 2957 aures
931 2895 1038 2958 cordis
1053 2897 1092 2958 ad
1107 2896 1313 2977 intelligenda
1324 2901 1356 2958 et
1368 2897 1570 2976 suscipienda
1583 2899 1680 2958 verba
1691 2897 1799 2958 salutis

465 2994 577 3073 aperit.
592 3029 632 3038 —
656 2993 692 3056 ln
714 2993 936 3074 offerentibus,
961 2995 1008 3056 ait
1028 2994 1127 3070 lans,
1149 2994 1302 3056 docemur
1324 2996 1400 3074 qnid
1425 2997 1527 3056 valeat
1545 2996 1648 3057 aliena
1669 2995 1748 3056 fides
1767 3000 1800 3056 et

466 3093 567 3154 oratio
582 3095 614 3154 et
626 3109 721 3172 quam
735 3092 983 3154 sollicitudinem
998 3091 1172 3154 debeamus
1187 3092 1237 3153 his
1253 3093 1388 3154 maxime
1404 3094 1457 3172 qui
1474 3094 1535 3154 sibi
1552 3111 1613 3154 non
1624 3094 1796 3155 sufiiciunt.

467 3191 625 3252 Docemur
643 3191 676 3252 in
696 3191 819 3253 Christo
837 3191 946 3270 lugere
965 3192 1094 3271 plausus
1112 3191 1297 3271 populares,
1319 3193 1349 3252 in
1365 3193 1458 3253 turba
1472 3192 1527 3253 Dei
1542 3192 1696 3253 beneficia
1711 3210 1800 3270 prac-

467 3287 570 3351 dicara
585 3293 617 3351 et
634 3288 673 3351 de
693 3290 795 3351 salute
817 3290 1035 3369 proximorum
1049 3289 1186 3370 gaudere
1201 3294 1234 3351 et
1254 3293 1355 3352 Deum
1377 3291 1512 3352 laudare.
1536 3327 1574 3335 -
1596 3292 1629 3351 ln
1650 3291 1746 3352 surdo
1769 3295 1801 3350 et

467 3392 557 3450 muto
572 3388 659 3449 corni
672 3392 778 3467 potest
792 3406 893 3469 genus
911 3388 1087 3452 humanum
1102 3394 1231 3468 peccato
1245 3389 1386 3469 lapsum,
1402 3391 1452 3451 cui
1466 3388 1607 3452 Christus
1622 3391 1729 3451 attulit
1743 3406 1799 3449 au-

467 3486 570 3548 ditum
590 3491 622 3548 et
642 3486 818 3566 loquelam;
841 3488 961 3567 pariter
981 3487 1199 3567 unusquisque
1219 3493 1369 3567 peccator
1393 3490 1447 3567 qui
1468 3489 1581 3550 surdus
1603 3493 1652 3549 est
1673 3488 1710 3548 ad
1728 3505 1801 3548 con·

467 3584 616 3646 scientiae
638 3601 750 3647 vocem
770 3589 802 3646 et
816 3585 939 3648 monita
953 3586 1106 3659 aliorum,
1123 3604 1218 3665 quem
1234 3593 1361 3665 oportet
1376 3588 1415 3649 ad
1432 3588 1535 3649 lesum
1550 3587 1725 3659 adducere,
1743 3603 1799 3665 pro

468 3684 537 3762 ipso
561 3683 732 3745 Dominum
752 3683 936 3763 deprocari,
953 3702 1028 3746 eum
1050 3685 1089 3746 ab
1104 3685 1272 3746 occasione
1295 3686 1448 3764 peccandi
1464 3703 1628 3764 separare,
1655 3686 1799 3746 imbuere

467 3780 611 3842 doctrina
632 3781 763 3844 coelesti
784 3787 816 3845 at
833 3783 955 3862 gemitu
976 3783 1101 3863 piisque
1122 3783 1271 3861 precibus
1293 3803 1310 3844 a
1332 3783 1455 3846 Christo
1476 3783 1668 3845 contendere
1692 3782 1799 3844 miseri

467 3879 617 3954 salutem,
634 3885 694 3942 etc.

798 4077 820 4148 a)
845 4080 965 4134 Altera
982 4080 1220 4146 multiplicatio
1239 4082 1338 4146 panis
1360 4084 1465 4146 tta-9.

502 4248 1106 4315 8,t.lndtabusiltts‚iterumquumturba
1188 4253 1243 4311 8,t.
1270 4250 1315 4301 Ἐν
1349 4248 1450 4309 ἐκείναις
1483 4252 1537 4309 ταῖς
1567 4248 1681 4319 ἡμέραις,
1719 4249 1794 4303 πέλεν

466 4337 555 4389 multa
567 4340 655 4398 essct,
675 4351 728 4388 nec
745 4339 881 4392 haberant
897 4340 972 4404 quod
986 4342 1105 4392 mandu·
1151 4338 1247 4392 πολλοῦ
1266 4338 1443 4408 optandam,
1464 4338 1505 4390 asi
1523 4337 1557 4408 μὴ
1577 4336 1688 4408 ἐχόντων
1708 4341 1730 4391 τί
1748 4341 1796 4408 7⁴²²·

465 4429 575 4488 carent,
597 4429 758 4479 convocatis
774 4428 934 4494 discipulis,
956 4432 996 4481 ut
1018 4431 1074 4482 illis
1096 4446 1103 4481 :
1150 4448 1227 4500 γωσι,
1252 4428 1492 4498 προσκαλεσάμενος
1515 4428 1571 4490 τοὺς
1593 4429 1704 4498 μαθητὰς
1722 4429 1796 4481 sii-‚oi

466 4517 492 4566 t,
504 4517 637 4568 Misereor
651 4529 736 4581 super
748 4517 872 4580 turbam,
887 4521 953 4584 quia
969 4532 1035 4572 cccc
1049 4521 1104 4571 lam
1150 4517 1216 4589 λέγει
1236 4516 1333 4583 αὐτοῖς,
1354 4522 1380 4572 t.
1402 4517 1611 4588 Sztawiccpai
1631 4517 1670 4571 lai
1689 4519 1730 4571 τὸν
1749 4520 1795 4587 ὄχ-

466 4606 558 4657 triduo
580 4607 719 4658 sustinent
744 4620 802 4667 me,
826 4620 879 4658 nec
902 4608 1006 4660 habant
1029 4609 1104 4676 quod
1149 4607 1206 4659 λεν·
1234 4608 1273 4659 ὅτε
1297 4607 1344 4675 ἤδη
1376 4607 1475 4677 ἡμέραις
1504 4608 1580 4676 spuis
1619 4609 1795 4679 acceptionis

466 4696 645 4748 manducent.
1149 4697 1229 4767 (μοι),
1256 4697 1297 4749 καὶ
1320 4696 1364 4750 οὖν.
1389 4697 1489 4767 ἔχουσιν
1509 4698 1532 4749 :i
1555 4699 1678 4766 φάγωσιν·
1699 4703 1724 4752 3.
1750 4700 1791 4750 ani

502 4785 528 4836 3.
545 4785 579 4837 Et
592 4788 615 4837 sl
628 4786 760 4838 dlmlseto
768 4799 818 4839 008
828 4787 938 4840 ieiunos
948 4789 978 4839 ln
989 4789 1103 4840 domum
1149 4785 1191 4840 ἐὰν
1210 4785 1327 4841 {achiam
1347 4787 1432 4849 αὗῑοῦς
1447 4786 1542 4852 νήστεις
1555 4787 1588 4850 εἰς
1601 4785 1673 4840 οἷκον
1693 4789 1783 4851 attat,
