3960 5654
960 369 1053 418 uano.
1076 353 1107 425 8,
1131 355 1193 414 7-9.
1680 354 1738 415 207

408 498 646 569 distributione
675 502 957 594 multiplicantur,
988 504 1086 595 quasi
1116 503 1275 571 manibus
1304 503 1445 594 palpant
1472 502 1675 571 miraculum
1706 508 1740 570 et

407 606 530 675 iterum
547 608 672 694 insigni
688 612 816 678 ratione
831 609 873 678 de
891 611 1021 681 Domini
1043 612 1195 700 potentia
1217 609 1412 677 edocentur.
1434 609 1487 675 Uti
1506 610 1648 677 Domino
1669 609 1739 675 lar·

407 715 521 803 giente
537 737 660 804 panem
676 717 888 808 corporalem
903 742 994 787 nunc
1010 717 1241 800 distribuunt,
1257 716 1304 783 ila
1316 715 1531 806 postmodum
1547 717 1589 783 ael
1607 715 1738 783 Domini

408 815 550 890 verbum
570 822 683 892 cibum
703 823 916 913 spiritualem
936 825 1074 915 populis
1093 824 1394 891 administrabunt.

452 934 520 996 lam
543 932 696 1018 tangitur
717 931 879 1021 perfectio
897 933 1054 1000 miraculi
1076 930 1200 1022 (Aion,
1220 953 1298 997 curn
1315 930 1389 997 scil.
1412 936 1460 997 tot
1480 930 1684 997 satiarentur
1705 936 1739 997 et

407 1056 535 1127 panum
554 1037 746 1125 fragmenta
763 1046 978 1129 superessent
998 1038 1090 1107 baud
1110 1060 1222 1128 pauca
1240 1061 1271 1103 v.
1296 1044 1316 1104 8
1338 1049 1370 1104 et
1393 1035 1689 1104 manducaverunt
1706 1049 1739 1103 et

403 1143 552 1212 scelerati
573 1159 653 1212 seint
671 1157 702 1211 et
725 1145 935 1215 sustulerunt
960 1146 1054 1236 quod
1072 1158 1294 1236 superaverat
1318 1144 1361 1211 de
1383 1143 1587 1234 [ruqmentis
1610 1157 1738 1234 septem

405 1261 555 1340 sportos;
571 1251 722 1342 reliquiis
735 1252 919 1321 frustorum
938 1254 1048 1344 (panis
1063 1253 1161 1320 fracti
1177 1274 1209 1320 v.
1224 1257 1255 1340 6)
1274 1258 1403 1341 septem
1418 1252 1648 1342 impleverunt
1662 1272 1738 1313 οπο·

405 1344 512 1443 pidre,
535 1389 550 1421 ο
571 1359 655 1425 dicit
675 1358 934 1448 Chrysostomus
950 1367 1082 1450 sportas
1097 1358 1254 1449 cophinis
1270 1358 1372 1426 fuisse
1391 1359 1532 1426 fortasse
1552 1358 1698 1426 maiores
1719 1387 1734 1419 ιν

407 1462 542 1554 (Belle.)
556 1472 589 1533 et
602 1488 717 1533 vocem
730 1489 825 1556 posse
839 1468 1004 1536 maiorem
1021 1467 1218 1554 siguificare
1233 1466 1370 1534 corbem
1386 1468 1488 1532 etiam
1500 1488 1540 1532 eo
1555 1470 1648 1556 patet
1658 1466 1740 1555 qnia

406 1572 498 1660 apud
517 1577 660 1640 Graecos
680 1575 892 1665 quandoque
907 1569 1080 1663 σαργάνηθ
1099 1576 1175 1641 Cor.
1203 1580 1301 1654 11,33
1319 1575 1449 1663 (sporta
1470 1573 1507 1639 in
1528 1595 1597 1663 qua
1618 1572 1738 1639 Paulus

407 1679 556 1746 Damasci
570 1701 631 1768 per
644 1680 823 1747 fenestram
837 1681 1003 1749 demissus
1017 1681 1094 1770 fuit)
1113 1679 1302 1770 explicatur
1316 1685 1492 1769 tamquam
1506 1668 1584 1752 εἶδος
1598 1669 1739 1768 σπυρίδος

406 1790 439 1851 et
449 1791 519 1852 nor.
535 1791 613 1868 9,θὸ
625 1808 742 1854 revera
753 1787 881 1874 legitur
895 1787 937 1855 de
950 1811 986 1854 re
1002 1787 1123 1855 eadem
1136 1785 1165 1848 ἐν
1181 1776 1315 1875 sinopide.
1333 1791 1468 1877 Septem
1479 1793 1594 1854 autern
1607 1791 1739 1876 sportas

406 1897 503 1982 putat
517 1893 648 1984 Sedepq
662 1894 828 1983 apostolos
841 1917 956 1962 secum
972 1895 1102 1978 tulisse,
1123 1916 1226 1962 uuam
1239 1917 1303 1984 pro
1314 1895 1454 1961 Domino
1466 1901 1499 1961 et
1512 1893 1666 1981 singulas
1676 1916 1738 1984 pro

405 1999 495 2066 binis
518 2001 693 2089 apostolis;
712 2001 771 2069 sed
790 2001 878 2070 forte
899 2025 1070 2070 nonnemo
1084 2002 1120 2069 id
1140 2003 1299 2070 subtilius
1320 2002 1549 2088 excogitatum
1568 2023 1638 2069 essa
1656 2022 1735 2068 cen-

403 2106 506 2189 sebit;
529 2129 606 2174 nam
622 2110 656 2175 in
676 2110 790 2198 priore
810 2110 1095 2201 multiplicatione
1114 2109 1296 2177 duodecim
1316 2108 1456 2199 cophini
1476 2108 1676 2199 implentur.

445 2315 574 2376 Veteres
599 2316 690 2377 multi
714 2321 787 2377 sunt
810 2318 842 2377 in
865 2318 1034 2396 allegorica
1056 2318 1257 2397 singulorum
1280 2316 1508 2394 explicatione;
1531 2316 1576 2376 ita
1603 2313 1629 2374 Τ
1628 2313 1735 2397 teoplr.

407 2410 504 2471 Eutt.
523 2411 597 2472 Bed.
615 2411 699 2473 Ιοοι.
718 2432 855 2496 eamque
876 2417 929 2477 alii
951 2417 1044 2477 aliter
1063 2420 1259 2495 proponunt.
1277 2415 1338 2476 Sed
1359 2414 1446 2475 bisce
1463 2413 1572 2474 missis
1587 2431 1666 2492 quae
1681 2430 1738 2491 pro
1797 2462 1800 2466 <

406 2511 537 2571 arbitrio
558 2513 664 2590 potius
683 2514 842 2593 finguntur
861 2532 965 2593 neque
987 2516 1084 2575 certis
1104 2513 1224 2575 normis
1243 2518 1401 2575 eruuntur
1420 2512 1561 2573 contenti
1583 2511 1684 2571 simus
1699 2512 1739 2572 iis

406 2608 608 2670 documentis
618 2629 697 2689 quae
709 2630 767 2673 sua
783 2618 895 2691 sponte
911 2631 948 2674 ex
965 2613 1080 2691 reipsa
1094 2611 1461 2674 uascuntur.Laudanda
1477 2615 1508 2670 et
1523 2609 1676 2671 imitanda
1690 2614 1739 2671 est

406 2709 638 2786 perseverantia
652 2710 780 2788 populi,
799 2711 894 2788 idque
912 2728 949 2772 eo
970 2712 1070 2792 magis
1087 2712 1164 2789 quia
1184 2729 1222 2771 ex
1243 2712 1311 2790 ipsa
1331 2710 1461 2790 regione
1477 2710 1609 2770 omnino
1624 2708 1738 2788 proba-

407 2807 469 2867 bile
485 2811 533 2868 est
550 2807 634 2869 baud
650 2825 767 2887 paucos
786 2809 885 2870 fuisse
898 2810 1033 2888 gentiles
1049 2809 1117 2889 (eos
1131 2808 1272 2870 adfuisse
1288 2809 1386 2886 aliqui
1404 2825 1441 2869 ex
1455 2808 1623 2888 allegorica
1639 2807 1738 2867 inter·

407 2906 583 2984 prelatione
607 2904 644 2965 dc
669 2904 756 2988 lonqe
778 2915 925 2966 venerunt
949 2907 999 2968 vel
1024 2914 1174 2988 quattuor
1192 2904 1303 2980 millio,
1321 2906 1387 2967 scil.
1410 2924 1448 2966 ex
1470 2910 1619 2984 quattuor
1637 2909 1739 2966 terrae

407 3004 562 3082 partibuS,
580 3011 613 3065 ut
628 3002 662 3064 S.
679 3003 822 3065 Hilarius
835 3005 873 3066 ad
892 3005 998 3066 Matth.
1018 3008 1124 3080 15‚38,
1141 3006 1318 3086 colligunt).
1337 3003 1550 3066 Praedicanda
1562 3007 1611 3064 est
1624 3002 1739 3065 Christi

407 3103 532 3163 Domini
548 3104 726 3182 benignitas
741 3109 772 3164 et
787 3105 1020 3178 misericordia,
1038 3122 1101 3183 qua
1115 3121 1211 3182 opem
1228 3105 1287 3165 lert
1305 3108 1337 3164 ct
1352 3103 1513 3165 molestias
1528 3102 1693 3162 turbarum
1708 3104 1740 3162 et

407 3199 499 3279 longa
518 3201 629 3262 itinera
649 3202 749 3263 multo
769 3221 842 3264 cum
858 3221 965 3265 amore
986 3204 1018 3263 in
1039 3203 1181 3264 medium
1201 3203 1307 3276 affert3
1327 3201 1488 3263 adoranda
1508 3201 1576 3261 eius
1600 3199 1741 3279 potentia

408 3315 488 3376 quae
505 3299 535 3359 in
549 3301 700 3361 miraculo
717 3302 847 3374 relucet,
863 3303 965 3380 pietus
979 3319 1042 3380 qua
1056 3301 1139 3362 Patri
1156 3301 1221 3381 agit
1234 3302 1360 3381 gratiaS,
1379 3299 1624 3378 liberalitasque
1638 3297 1740 3360 omni-

408 3398 468 3457 bus
483 3399 643 3475 providet,
661 3417 734 3461 cura
754 3417 883 3478 quoquc
905 3418 969 3478 qua
988 3400 1151 3479 apostolos
1171 3400 1288 3461 iterum
1308 3398 1413 3460 erudit
1427 3403 1459 3458 et
1474 3398 1514 3458 ad
1533 3415 1623 3458 suam
1639 3396 1739 3476 digni·

408 3499 506 3555 tatem
521 3497 751 3576 agnoscendam
767 3499 851 3559 etad
869 3499 965 3560 tidem
978 3498 1120 3560 adducit.

578 3715 599 3782 f)
619 3716 811 3769 cavendnm
829 3728 905 3768 essa
925 3729 948 3767 a.
967 3715 1130 3768 fermento
1148 3713 1406 3780 pharisaeorum
1425 3714 1576 3780 s,10-21.

445 3902 519 3962 8,l0.
535 3903 569 3953 Et
584 3906 680 3956 statim
695 3906 851 3956 ascendens
870 3906 964 3954 navim
987 3917 1050 3956 cum
1134 3903 1207 3969 8‚lo.
1230 3899 1356 3963 lfatrbttn
1370 3898 1446 3972 ἔμθᾶς
1461 3898 1533 3961 circe
1550 3897 1583 3960 εἰς
1601 3898 1629 3950 ἰθ
1648 3895 1738 3950 πλοῖον

409 3991 554 4056 discipulis
568 3995 626 4044 suls
644 3996 762 4046 venitin
783 3997 877 4058 parles
897 3995 1051 4045 Dalmanu-
1098 3988 1224 4060 μετὰτῶν
1240 3991 1357 4061 μαθητῶν
1373 3989 1463 4057 obtain,
1482 3984 1559 4056 ἢλθεν
1579 3987 1611 4050 εἰς
1623 3986 1654 4040 ’.θ
1675 3986 1735 4058 μέρη

409 4081 465 4132 tha.
484 4084 524 4132 ll.
538 4082 572 4133 Et
585 4086 713 4135 exierunt
727 4085 886 4148 pharisaei,
904 4087 932 4134 ct
948 4096 1051 4148 coepe·
1098 4077 1273 4150 Δαλμανουθά.
1291 4080 1382 4135 Η.νιαλ
1393 4078 1497 4146 ἐξῆλθον
1510 4077 1533 4130 oi
1543 4075 1739 4147 Φοριοοῑοι,εολ

409 4175 473 4222 rnnt
490 4176 655 4237 conquirere
675 4187 738 4224 cum
764 4187 799 4225 oo
819 4177 988 4238 quaerentes
1017 4173 1052 4223 ab
1098 4167 1204 4239 ἤρξαντο
1218 4173 1348 4238 συνζητεῖν
1357 4169 1435 4241 αὐτῷ,
1448 4171 1582 4235 ζητοῦντες
1594 4163 1739 4238 πορόιθτοῠ

410 4261 458 4311 illo
472 4264 585 4326 signum
596 4263 631 4314 de
643 4266 737 4325 coele,
755 4266 898 4315 tentantes
913 4276 988 4314 cum.
1098 4262 1205 4331 σημεῖον
1224 4259 1272 4314 dn'o
1289 4264 1332 4312 τοῦ
1349 4259 1470 4331 οὐρανοῦ,
1487 4259 1640 4328 πειράζοντες
1655 4254 1739 4310 αθτθν.

448 4351 488 4402 12.
506 4352 540 4402 Et
561 4353 748 4416 ingemiscens
763 4355 877 4418 spiritu,
895 4354 936 4403 ait
953 4366 959 4400 z
979 4352 1052 4412 Quid
1103 4352 1145 4404 tt.
1165 4349 1207 4402 καὶ
1225 4348 1389 4412 ἀναστενάξας
1408 4355 1444 4421 τῷ
1461 4349 1582 4420 πνεύματι
1600 4346 1676 4400 αὐτοῦ
1693 4344 1738 4398 λί-

410 4442 735 4506 generatioistaslgnum
746 4442 1052 4507 quaerit‘lllmendlco
1099 4457 1156 4509 γει,
1174 4439 1204 4490 Τί
1222 4437 1238 4504 ἧ
1256 4439 1330 4509 γενεὰ
1355 4439 1415 4507 αῦτη
1439 4439 1648 4508 ζητεῖοημεῖον;
1669 4432 1734 4506 ἀμὴν

412 4531 504 4591 vobis,
519 4533 541 4583 si
554 4532 664 4582 dabitur
678 4533 853 4596 generationi
865 4533 911 4583 isti
928 4533 1051 4595 signum.
1100 4527 1178 4598 λέγω,
1200 4526 1230 4579 Et
1247 4529 1379 4595 bodilonem
1390 4531 1421 4600 τῇ
1440 4530 1516 4598 γενεᾷ
1527 4527 1602 4599 ultr,
1621 4526 1734 4596 σημεῖον.

416 4620 455 4671 ta.
483 4621 516 4671 Et
538 4621 682 4672 dimittens
704 4635 767 4682 eos,
797 4621 924 4673 ascendit
952 4623 1052 4672 lterum
1104 4620 1148 4673 rs.
1174 4617 1220 4671 Καὶ
1239 4617 1305 4689 ἀφεὶς
1323 4617 1423 4682 altoire,
1441 4617 1515 4672 πάλιν
1535 4616 1610 4688 ἔμθὶς
1627 4612 1737 4681 ἀπῆλθεν

414 4713 520 4770 navim,
537 4715 566 4762 et
577 4712 645 4762 abiit
660 4716 736 4762 trans
748 4711 859 4763 fretum.
1101 4706 1134 4769 εἰς
1152 4708 1181 4760 rb
1202 4709 1291 4779 πέραν.

452 4802 492 4852 tl.
507 4802 539 4853 Et
550 4803 628 4854 obliti
640 4809 705 4854 sunt
716 4815 804 4866 panes
812 4814 925 4854 sumere
938 4816 944 4850 :
957 4803 985 4852 ct
1001 4801 1054 4850 nisi
1140 4801 1181 4852 ll.
1207 4797 1253 4850 liat
1280 4797 1431 4852 ἐπελάθοντο
1456 4799 1544 4850 λαθεῖν
1569 4797 1668 4866 ἄρτους,
1694 4793 1735 4846 καὶ
