3960 5654
1780 457 1976 532 os*

488 620 544 671 dub
563 636 599 687 eg
614 625 668 675 lion
689 624 743 673 kon
766 620 814 669 tol.
837 621 868 670 ln
892 637 920 673 v.
947 624 977 672 16
998 639 1039 671 και
1056 634 1170 682 coornari
1184 634 1208 669 τ.
1224 616 1285 670 cet.
1310 631 1330 677 a·
1347 622 1368 671 B
1380 616 1414 671 C‘
1425 616 1487 671 ΔΤί
1497 621 1536 672 W
1547 621 1582 672 ll.
1599 619 1630 670 In
1642 632 1669 669 v·
1689 620 1719 670 ¹7
1737 622 1820 686 longo

486 709 548 773 pler
560 728 681 777 ονοματα.
707 709 738 757 ln
754 722 781 756 r.
806 709 836 761 18
850 725 900 775 pro
914 711 1065 762 Thaddaeo
1080 707 1215 774 praebent
1229 704 1346 758 λεὸὅαιον
1368 709 1391 758 D
1403 708 1473 758 abd
1484 705 1520 758 ll¹
1531 712 1540 759 i
1553 724 1571 774 q
1584 709 1654 761 codd
1668 709 1726 774 aliq
1747 712 1819 773 apud

487 797 565 863 Orig.
585 802 617 849 ln
633 813 661 848 v.
680 797 711 848 19
727 795 834 863 σκαριωθ
851 800 916 850 Det
932 801 972 849 ita
984 801 1005 850 it
1019 806 1047 851 et
1062 797 1131 848 codd
1147 798 1224 860 vulg.

530 946 688 1025 Quamvis
707 946 879 1034 pharisaei
895 951 991 1012 tanto
1007 947 1075 1013 iam
1094 944 1282 1031 llagrarent
1296 944 1332 1008 in
1348 944 1518 1009 Christum
1531 945 1627 1025 odio,
1653 947 1821 1035 plurimae

486 1060 599 1119 tamen
622 1051 742 1118 turbae
766 1052 902 1119 assidue
923 1056 1029 1118 lesum
1053 1050 1267 1139 quaerebant
1290 1055 1323 1115 et
1343 1051 1562 1116 sectabantur
1576 1052 1819 1120 miraculorum

483 1162 557 1226 cius
568 1159 659 1223 lama
673 1158 841 1226 adductae
861 1162 894 1223 et
910 1159 1121 1224 sanationem
1137 1162 1340 1247 quaerentes
1354 1178 1418 1244 pro
1433 1158 1594 1244 aegrotis,
1612 1159 1755 1247 Superbi
1770 1160 1819 1226 illi

484 1285 524 1331 ac
548 1264 696 1348 nobiles,
719 1288 781 1331 sua
801 1264 930 1329 iustitia
954 1263 1060 1351 legali
1080 1263 1180 1341 elati,
1209 1266 1319 1328 lesum
1345 1263 1539 1329 interimere
1561 1264 1817 1344 machinantur;

484 1369 605 1437 turbae
617 1377 651 1437 et
665 1372 724 1460 qui
743 1370 845 1436 variis
862 1370 1008 1436 miseriis
1024 1374 1121 1435 erant
1138 1369 1256 1436 alllicti
1273 1390 1352 1435 eum
1368 1369 1486 1435 sedulo
1502 1376 1671 1458 quaerunt
1682 1372 1821 1461 eiusque

483 1477 624 1544 comites
641 1484 720 1544 sunt
735 1475 861 1542 assidui
874 1484 908 1542 et
927 1475 1101 1543 beneficiis
1116 1482 1148 1542 et
1162 1474 1318 1541 doctrina
1330 1475 1374 1541 ab
1395 1476 1467 1565 ipso
1479 1474 1663 1544 donantur.
1678 1518 1723 1527 —
1735 1483 1821 1546 Ean-

483 1581 563 1650 dem
579 1584 825 1652 rerumseriem
840 1584 1010 1673 synoptici
1030 1587 1149 1648 tenent
1162 1581 1277 1648 blatth.
1294 1587 1394 1663 1215
1406 1588 1440 1649 ct
1458 1587 1536 1648 Luc.
1559 1588 1639 1664 o,1a
1656 1585 1715 1674 qui
1731 1584 1820 1652 elec·

484 1691 576 1757 tione
588 1690 818 1780 apostolorum
837 1691 1026 1778 praemissa
1039 1688 1094 1777 (de
1114 1710 1184 1777 qua
1204 1693 1334 1755 Marcus
1352 1695 1432 1770 3,13
1456 1689 1545 1779 seq.)
1561 1691 1690 1779 pariter
1704 1690 1821 1758 turbas

483 1796 634 1884 undique
651 1795 694 1862 ad
721 1799 828 1861 lesum
848 1796 1043 1863 convenisse
1059 1800 1192 1876 narrat;
1211 1817 1243 1862 v.
1263 1797 1390 1861 'llcsus
1408 1808 1524 1861 autem
1547 1818 1625 1862 cum
1645 1796 1822 1886 decapulis

481 1902 549 1968 suis
566 1904 698 1968 secessit
718 1901 766 1968 od
785 1922 896 1980 marc,
919 1908 1050 1967 etcum
1069 1901 1256 1968 Matthaeus
1274 1900 1365 1968 dicat
1383 1924 1391 1970 :
1412 1902 1521 1968 sciens
1538 1902 1822 1991 (machinationes

482 2016 515 2075 et
529 2008 669 2074 consilia
685 2007 953 2097 pharisaeorum)
974 2008 1109 2074 recessit
1124 2007 1225 2089 inde,
1243 2029 1314 2074 sese
1328 2007 1602 2075 infestationibus
1611 2008 1822 2078 adversario·

484 2137 559 2181 rum
574 2114 765 2181 subducere
779 2115 863 2197 vult,
879 2115 930 2181 uti
945 2114 1019 2204 ipsa
1035 2136 1115 2180 voce
1129 2111 1318 2202 ἀνεχώρησεν
1334 2114 1506 2181 indicatur
1519 2115 1575 2203 (cl.
1593 2116 1707 2184 llatth.
1723 2123 1818 2199 t,1a;

486 2229 597 2303 lt,l3.
620 2225 710 2288 loan.
731 2221 838 2309 o,15).
860 2221 956 2287 Cedit
976 2221 1083 2287 furori
1102 2221 1382 2310 pharisaeorum,
1403 2223 1485 2311 quia
1503 2227 1639 2312 tempus
1660 2223 1822 2312 passionis

483 2328 635 2394 nondum
656 2334 813 2409 venerat;
831 2327 914 2417 ipsis
926 2350 1064 2416 quoque
1081 2328 1239 2408 consulit,
1255 2327 1339 2394 dum
1354 2327 1421 2393 illis
1436 2329 1648 2396 occasionem
1662 2330 1823 2398 facinoris

482 2435 654 2500 subtrahit
667 2440 700 2501 et
714 2457 732 2501 e
747 2441 866 2501 contra
876 2441 1010 2523 tempus
1022 2433 1205 2500 sedationis
1220 2439 1253 2501 et
1269 2434 1521 2524 resipiscentiae
1544 2436 1700 2503 concedit
1717 2437 1820 2526 (lans.

482 2541 527 2607 cl.
552 2541 633 2607 Vict.
653 2540 790 2630 Melet).
814 2546 863 2608 lta
883 2563 962 2608 eum
983 2541 1115 2631 saepius
1135 2541 1244 2628 egisse
1261 2541 1492 2627 evangelistae
1510 2548 1690 2623 testantur,
1706 2544 1820 2611 Matth.

483 2654 562 2730 ‘hit
583 2654 616 2714 ct
629 2654 724 2730 a,12;
743 2654 822 2715 Luc.
839 2654 937 2729 t,29;
961 2652 1053 2714 loon,
1075 2653 1155 2731 8,59
1171 2655 1204 2714 et
1225 2653 1337 2729 1236,
1362 2675 1378 2708 a
1399 2670 1488 2737 quae
1504 2648 1579 2715 loca
1594 2649 1819 2730 Tertulliano,

483 2755 667 2821 Athanasio
686 2759 718 2821 et
730 2757 919 2841 Augustino
937 2760 974 2820 ut
988 2753 1178 2820 scriberent
1193 2752 1236 2819 de
1252 2755 1335 2841 luga
1351 2754 1385 2819 in
1401 2754 1634 2844 persecutione
1653 2756 1822 2846 copiosam

485 2865 662 2927 materiam
682 2861 949 2949 praebuerunt»
973 2860 1125 2950 (Melet).

528 2971 566 3033 Et
585 2973 795 3057 quantopere
813 2968 907 3033 fama
923 2971 993 3034 lesu
1011 2968 1080 3033 iam
1099 2966 1204 3053 longe
1218 2967 1354 3056 lateque
1368 2968 1621 3057 percrebruerit
1636 2968 1824 3036 ostenditur

485 3095 612 3160 magna
631 3073 810 3140 hominum
832 3073 1052 3140 multitudine
1076 3095 1165 3162 quae
1190 3094 1259 3139 non
1282 3096 1321 3139 ex
1341 3075 1490 3140 Galilaea
1505 3096 1584 3141 eum
1603 3074 1820 3165 sequebatur,

484 3182 722 3246 verumetiam
741 3203 780 3247 ex
792 3180 868 3246 aliis
883 3179 1084 3266 regionibus
1098 3179 1142 3246 ad
1162 3202 1241 3246 eum
1257 3180 1468 3263 confluebat,
1496 3195 1529 3247 et
1553 3182 1662 3248 mrclta
1686 3181 1822 3248 tur-baa

487 3287 644 3354 Galilaea
658 3301 772 3354 secuta
792 3301 840 3353 est
854 3309 951 3369 eum,
974 3309 1052 3353 cum
1068 3287 1106 3353 in
1119 3286 1271 3353 Galilaea
1286 3292 1479 3354 versarctur
1499 3294 1532 3354 et
1551 3287 1653 3354 modo
1669 3288 1703 3355 in
1722 3311 1822 3376 syna-

483 3415 577 3480 goga
591 3416 705 3460 coram
722 3395 837 3461 multis
852 3394 1055 3460 miraculum
1076 3398 1259 3483 patrasset,
1279 3394 1419 3461 Galilaei
1440 3393 1537 3461 multi
1560 3394 1823 3462 benedicuntur

484 3522 562 3567 eum
581 3501 693 3589 sequi,
722 3500 805 3567 dum
826 3501 885 3566 alii
907 3522 947 3566 ex
970 3500 1096 3566 dissitis
1121 3499 1320 3586 regionibus
1340 3501 1384 3566 ad
1405 3523 1484 3568 eum
1501 3502 1632 3568 venisse
1650 3501 1820 3584 dicuntur,

483 3629 591 3696 quare
606 3607 779 3674 collocatio
796 3608 980 3673 verborum
1002 3608 1038 3672 in
1062 3611 1088 3672 Α
1106 3610 1130 3672 Β
1150 3612 1214 3673 etc.
1234 3608 1333 3673 unice
1352 3613 1434 3696 apta
1450 3613 1500 3675 est
1514 3607 1605 3694 (vide
1620 3607 1698 3674 lect.
1715 3609 1820 3695 van),

484 3726 516 3780 ct
532 3737 554 3779 α
569 3713 693 3780 Iudaeo
714 3737 746 3779 v.
763 3721 783 3781 8
799 3727 831 3780 et
846 3712 888 3780 ab
904 3713 1137 3802 ierosolymis,
1161 3713 1304 3779 effertur
1317 3715 1519 3795 Ierusalem,
1546 3716 1595 3780 uti
1614 3715 1728 3782 llatth
1750 3722 1819 3796 3,5,

487 3850 502 3880 «
518 3821 600 3909 quia
615 3821 940 3906 magismirumerat
955 3820 1035 3886 inde
1046 3841 1150 3908 quam
1165 3842 1206 3886 cx
1222 3821 1363 3909 reliquis
1376 3821 1517 3888 Iudaeae
1526 3820 1682 3910 partibus
1694 3822 1822 3888 venisse

483 3928 633 4016 aliquos,
657 3950 735 3993 cum
754 3929 872 3995 civitas
886 3934 973 3995 esset
987 3927 1119 3994 Christo
1136 3929 1291 3994 omnium
1307 3929 1542 3995 inimicissima
1557 3929 1726 4018 plenaque
1742 3927 1823 3994 doc-

484 4039 609 4114 torum,
633 4042 671 4100 ut
692 4034 726 4100 in
750 4058 790 4101 ea
809 4036 869 4124 qui
889 4040 999 4101 cssent
1016 4056 1085 4100 non
1108 4033 1341 4100 existimarent
1357 4057 1391 4101 se
1411 4036 1532 4102 Christi
1553 4035 1706 4122 indigere
1726 4035 1824 4102 insti·

485 4141 615 4207 tutione
628 4147 730 4231 atque
745 4142 940 4231 disciplina3
955 4139 1014 4206 sed
1036 4140 1201 4206 nimirum
1224 4141 1472 4207 miraculorum
1487 4140 1823 4228 magnitudoinvitos

486 4249 589 4314 etiam
609 4249 768 4316 trahebat
781 4249 936 4314 inimicos
954 4276 968 4306 »
988 4245 1126 4334 (Mala)
1148 4258 1180 4312 et
1201 4245 1244 4312 ab
1262 4246 1444 4328 Idrcnroec,
1469 4272 1490 4314 a
1515 4247 1655 4314 meridie
1681 4246 1823 4316 ludaeae

486 4354 735 4421 obtendebatur
757 4379 865 4445 eoque
886 4354 1024 4421 nomine
1041 4353 1242 4440 designatur
1257 4355 1352 4441 regio
1372 4356 1462 4421 inter
1481 4354 1704 4421 Palaestinam
1720 4355 1823 4421 meri-

486 4460 658 4528 dionalem
677 4468 710 4527 et
728 4462 887 4528 Arabiam
908 4470 1100 4550 petraeam3
1119 4460 1267 4527 distabat
1289 4467 1438 4527 autema
1459 4462 1698 4550 Capharnaum
1719 4461 1824 4526 multo

487 4569 597 4653 magis
616 4589 719 4656 quam
745 4574 876 4635 ceterae
897 4569 1055 4655 regiones
1073 4568 1108 4633 in
1130 4567 1184 4634 his
1212 4569 1364 4635 versibus
1383 4576 1668 4636 commemoratae
1686 4569 1820 4657 (Pale).

488 4673 638 4741 Idumaei
654 4674 794 4763 quidem
812 4676 893 4741 olim
918 4676 962 4742 ab
981 4680 1134 4762 llyrcano
1154 4674 1286 4741 subacti
1302 4684 1335 4742 et
1358 4676 1403 4743 ad
1421 4675 1715 4742 circumcisionem
1729 4697 1822 4742 assu·

489 4782 647 4847 mendam
669 4784 709 4869 tsi
736 4784 770 4848 in
792 4805 851 4848 sua
871 4784 1012 4869 regione
1034 4804 1173 4848 manere
1200 4781 1337 4868 vellent)
1371 4783 1535 4872 compulsi
1558 4789 1637 4851 sunt
1665 4783 1717 4868 (cl.
1735 4785 1824 4849 lose·

484 4889 591 4977 phus,
607 4889 720 4980 antiq.
738 4896 826 4973 13,9.
844 4889 887 4977 1),
906 4888 1131 4957 nibilominus
1145 4887 1579 4976 aludaeisutalienigenae
1593 4889 1808 4958 habebantur
