3960 5654
855 384 948 428 unnc.
973 368 1023 439 tt,
1047 369 1152 430 ts-au.
1612 371 1671 430 :ue

335 525 366 575 ‘u
378 541 465 576 nonne
481 526 544 576 ideo
559 526 658 575 erratis
674 529 702 576 in
717 526 764 588 btg
778 522 834 573 dub
849 518 921 570 hub¹
939 523 1024 573 theod
1047 525 1096 586 ing
1111 523 1153 571 tor
1177 533 1226 570 cur
1246 522 1302 571 liuh
1319 528 1358 571 mt
1380 535 1417 572 ox
1436 524 1491 573 ken
1511 523 1549 573 tot
1565 522 1608 571 val
1624 522 1671 571 wll

336 627 402 679 corp
417 615 487 665 herl.
504 612 534 661 ln
551 626 576 662 v.
595 613 627 664 ‘25
644 615 749 663 nubunt
765 611 814 673 big
829 609 871 659 lor
884 610 940 660 lich
960 625 996 661 ox
1014 611 1080 661 rusb
1100 611 1176 668 hart,
1193 611 1287 673 angeli
1305 611 1352 659 Det
1366 610 1446 673 steph
1462 614 1526 660 sixt.
1549 613 1579 660 ln
1594 625 1620 659 ν.
1638 610 1670 660 ti

337 703 390 754 ken
405 704 454 755 sed
466 704 531 750 Deus
546 704 687 760 vivorum,
706 716 775 766 υμεις
794 713 838 747 ουν
854 695 918 748 actu
930 695 1005 749 πλαν.
1022 701 1045 748 Α
1058 699 1079 747 D
1091 699 1114 747 X
1127 694 1145 744 Γ
1158 693 1179 745 ll
1190 712 1244 748 unc
1259 701 1273 748 s
1287 700 1313 748 al
1335 712 1400 749 omn
1421 698 1477 748 lere
1493 702 1515 749 it
1530 701 1589 762 pler·
1606 700 1672 764 vulg

336 793 384 842 sah
400 804 447 853 syr
458 785 521 855 (utr)
535 804 593 841 arm
607 793 685 850 actim
705 789 797 838 solum
815 784 882 837 πολυ
904 783 1008 853 (πολλοι
1025 787 1044 836 F
1059 788 1080 835 ll
1095 788 1122 835 al
1138 799 1224 851 pauc;
1240 787 1264 838 G
1279 784 1391 854 omittit)
1415 783 1489 837 alar.
1507 798 1527 842 a·
1545 788 1565 837 B
1582 787 1671 840 ΟΜ

335 881 414 943 keop
425 881 454 931 Ti
470 878 507 926 W
516 879 548 928 H.

380 1062 566 1129 Sadducaei
595 1082 733 1151 quoque
765 1066 837 1127 lesu
859 1061 1035 1146 nogotium
1063 1059 1228 1125 facessere
1255 1080 1404 1148 cumque
1429 1059 1465 1125 in
1497 1060 1672 1145 angustias

335 1169 503 1237 adducere
523 1170 672 1236 student.
690 1169 836 1234 Omnino
852 1166 1031 1257 probabile
1047 1171 1097 1231 est
1111 1165 1205 1254 quod
1217 1165 1295 1233 Alb.
1312 1172 1426 1233 censet
1440 1188 1498 1233 eos
1514 1189 1553 1232 ex
1570 1166 1672 1233 modo

335 1298 403 1365 quo
422 1277 590 1365 pharisaei
620 1274 662 1339 de
690 1275 938 1340 resurrectione
960 1278 994 1338 et
1016 1273 1087 1338 vita
1111 1272 1228 1338 futura
1247 1272 1477 1361 loquebantur
1495 1294 1590 1339 suam
1611 1272 1672 1340 de-

335 1385 538 1473 prompsisse
557 1380 792 1447 difficultatem
813 1385 847 1447 et
869 1379 1111 1446 obiectionem.
1136 1384 1248 1468 Atque
1270 1379 1371 1447 facile
1390 1380 1453 1445 tibi
1466 1381 1673 1468 persuaseris

335 1511 419 1556 cum·
433 1489 566 1577 Sclrepp
583 1507 639 1552 eos
660 1486 725 1552 hac
739 1487 938 1575 quaestione
953 1486 990 1551 in
1005 1487 1183 1572 angustias
1197 1484 1378 1552 coniecisse
1395 1485 1592 1574 pharisaeos
1612 1486 1671 1575 qui

334 1596 418 1684 quid
440 1593 684 1683 responderent
702 1615 772 1659 nou
788 1591 991 1681 reperirent.
1015 1592 1119 1680 idque
1133 1592 1229 1659 haud
1244 1592 1387 1658 obscure
1406 1591 1524 1679 colligi
1540 1593 1673 1659 videtur

334 1724 373 1766 ex
389 1706 464 1767 Luc.
483 1707 601 1781 20,39;
618 1721 696 1765 cum
712 1698 804 1764 enim
825 1703 914 1765 lesus
930 1720 1048 1765 eorum
1072 1700 1305 1787 quaestionem
1328 1697 1478 1765 dilucide
1498 1698 1668 1779 diluisset,

334 1808 439 1896 aliqui
460 1807 546 1893 legis
570 1805 725 1873 doctores
748 1827 816 1871 uon
841 1812 984 1893 possunt
1004 1826 1074 1870 non
1100 1803 1427 1872 cumadmiratione
1451 1805 1550 1872 fateri
1572 1827 1579 1873 ε
1599 1828 1671 1872 ma-

335 1914 451 1999 gister,
472 1912 561 1979 hene
580 1906 714 1997 (καλῶς,
737 1911 926 2001 praeclare)
945 1911 1075 1986 dixisti;
1100 1932 1205 2000 quam
1229 1909 1369 1978 laudem
1392 1912 1446 1978 isti
1469 1911 1623 1979 doctores
1641 1914 1672 1979 ei

335 2020 389 2085 vix
407 2020 619 2099 tribuissent,
640 2021 667 2084 si
690 2017 809 2086 eadem
829 2016 1015 2085 difficultas
1042 2020 1111 2085 iam
1137 2017 1182 2084 ab
1206 2019 1289 2106 ipsis
1310 2020 1446 2108 saepius
1464 2018 1673 2086 sufficienter

336 2133 418 2192 esset
449 2127 557 2192 soluta
587 2133 620 2191 et
648 2127 784 2191 reiecta.
822 2125 993 2191 Pharisaei
1025 2125 1241 2191 conabantur
1272 2130 1381 2191 lesum
1407 2123 1588 2193 traducere
1619 2126 1672 2192 vel

334 2232 427 2322 apud
452 2232 645 2322 praesidem
670 2241 848 2320 tamquam
877 2230 1039 2297 rebellem
1070 2231 1123 2297 vel
1150 2237 1326 2320 tamquam
1359 2231 1528 2298 [autorem
1558 2238 1673 2319 tyran-

336 2339 427 2406 nidis
444 2339 577 2406 alienae
594 2339 687 2428 apud
703 2338 887 2429 populum;
903 2335 1086 2404 sadducaei
1103 2337 1176 2404 eius
1192 2344 1371 2426 tamquam
1385 2337 1531 2404 doctoris
1545 2338 1671 2405 famam

335 2446 538 2512 imminuere
564 2452 597 2511 et
615 2447 748 2534 eripere
772 2444 907 2511 student
931 2468 962 2511 v.
992 2450 1031 2510 18
1057 2456 1089 2510 et
1114 2443 1347 2510 veneruntad
1369 2466 1448 2511 eum
1469 2443 1671 2526 sadducaei,

335 2572 456 2636 graece
479 2553 550 2618 sine
570 2552 735 2628 articulo;
765 2572 847 2637 ergo
872 2549 997 2639 aliqui,
1019 2551 1067 2615 uti
1091 2556 1168 2617 Luc.
1191 2557 1293 2630 2037
1310 2549 1451 2642 quidam
1474 2544 1581 2637 (τινὲς)
1595 2550 1672 2619 sad-

335 2656 562 2739 ducaeorum,
593 2659 656 2748 qui
675 2656 794 2723 dicunt
812 2655 920 2729 οἵτινες
940 2657 1069 2746 quippe
1099 2658 1158 2746 qui
1192 2656 1327 2733 dicunt,
1362 2658 1421 2747 qui
1455 2659 1525 2725 scil.
1554 2658 1673 2725 dicunt

336 2766 611 2831 resurrectionem
638 2786 705 2830 nort
723 2786 809 2844 esse,
833 2772 871 2830 ut
894 2764 1061 2829 innuatur
1080 2786 1143 2829 cur
1161 2763 1394 2853 quaestionem
1422 2763 1524 2830 talem
1544 2771 1674 2854 ponant

337 2879 370 2938 et
391 2893 460 2960 qua
489 2876 603 2937 mente
628 2870 781 2937 fabulam
812 2869 907 2935 illam
937 2867 980 2935 de
1011 2874 1141 2958 septem
1167 2869 1332 2935 iratribus
1361 2869 1599 2949 confinxerint3
1630 2871 1673 2938 de

335 2977 534 3044 sadducaeis
560 2977 637 3043 vide
660 2983 731 3042 Act.
757 2982 856 3057 2333
881 2977 984 3042 etiam
1010 2974 1174 3064 Iosephus
1199 2975 1302 3042 refert
1321 2997 1379 3042 eos
1398 2997 1526 3063 negare
1542 2979 1673 3045 animas

338 3105 538 3172 permanere
561 3089 595 3150 et
617 3083 786 3173 supplicia
812 3088 846 3147 et
868 3082 1023 3170 praemia
1044 3082 1115 3147 lore
1139 3090 1214 3171 post
1236 3089 1381 3148 mortem
1405 3082 1499 3170 (Bell.
1519 3083 1579 3148 iud
1600 3089 1669 3163 28.

339 3194 412 3274 tt);
443 3202 475 3255 et
500 3188 754 3279 interropebout
781 3210 859 3255 eum
885 3187 1032 3254 dicentes
1061 3212 1092 3253 v.
1134 3196 1174 3254 19
1206 3189 1379 3277 mopister,
1415 3191 1548 3279 Moyses
1580 3189 1673 3257 nobis

335 3297 487 3385 scripsit,
505 3309 542 3361 ut
555 3299 586 3362 si
602 3297 698 3362 cuius
714 3297 824 3384 frater
845 3308 999 3361 mortuus
1011 3295 1118 3382 scierit
1130 3306 1163 3361 et
1178 3293 1343 3361 dimiserit
1357 3318 1497 3362 uxorem
1515 3293 1672 3385 καταλίπῃ

338 3403 359 3468 i.
378 3425 409 3469 e.
430 3403 609 3491 reliquerit
628 3423 767 3469 uxorem
794 3415 827 3468 et
853 3399 944 3489 filios
970 3423 1040 3467 nen
1066 3400 1244 3489 reliquerit
1262 3400 1368 3465 τέκνον
1387 3402 1515 3491 (llatth.
1534 3406 1671 3492 σπέρμα,

338 3514 414 3576 Luc.
445 3502 605 3593 ἄτεκνος),
637 3530 799 3575 numerus
827 3508 1014 3594 singularis
1047 3508 1294 3599 praeferendus
1322 3517 1371 3575 est
1403 3532 1442 3577 ex
1472 3512 1610 3600 reipsa
1642 3520 1674 3578 et

339 3616 431 3702 lege;
453 3638 514 3706 per
536 3637 642 3681 uuum
662 3616 753 3681 eninr
778 3614 886 3681 filium
911 3636 1037 3681 nomen
1066 3622 1100 3681 et
1126 3636 1236 3702 genus
1254 3617 1361 3704 patris
1383 3618 1593 3696 servabatur,
1616 3639 1673 3684 ec·

338 3723 443 3810 cipiet
462 3725 573 3811 frater
596 3723 669 3788 eius
689 3742 829 3788 uxorem
849 3720 955 3810 ipsius
978 3735 1012 3787 et
1039 3722 1215 3788 resuscitet
1236 3744 1349 3788 semen
1365 3723 1472 3810 fratri
1490 3744 1573 3807 suo,·
1591 3724 1673 3791 dum

337 3828 428 3919 apud
450 3830 564 3895 llattb.
592 3829 721 3914 legitur
748 3818 1001 3916 ἑπιγαμὸρεύσιις
1024 3829 1068 3894 cf.
1097 3828 1197 3895 hebr.
1227 3853 1296 3909 ου,
1316 3851 1393 3896 cum
1421 3830 1493 3897 eius
1525 3852 1674 3918 evange·

339 3936 423 4001 lium
454 3935 584 4001 ludaeis
616 3934 818 4014 destinetur,
851 3941 979 4001 llarcus
1006 3942 1040 4000 et
1066 3940 1172 4002 Lucas
1197 3936 1352 4026 planiore
1384 3936 1486 4003 modo
1517 3960 1579 4026 pro
1604 3938 1674 4004 suis

339 4041 536 4131 loquuntur.

384 4152 446 4214 Lex
472 4147 531 4213 illa
551 4150 712 4213 statuitur
735 4152 829 4214 Deut.
852 4154 931 4227 25,5
953 4169 1024 4235 seq.
1055 4148 1209 4237 legisque
1236 4150 1323 4215 ratio
1353 4156 1432 4217 est:
1461 4151 1673 4238 primogeni-

339 4265 409 4321 tum
431 4277 469 4320 ex
492 4276 531 4320 ea
565 4254 674 4320 filium
695 4256 833 4320 nomine
861 4254 954 4320 illius
979 4254 1108 4342 (fratris
1134 4254 1300 4343 defuncti)
1325 4255 1528 4346 appellabit,
1557 4279 1599 4324 ue
1614 4257 1674 4325 de-

340 4362 447 4428 leatur
466 4382 590 4427 nomen
610 4360 682 4426 eius
704 4383 743 4426 ex
763 4361 882 4441 lsrael;
906 4361 948 4427 ci.
967 4366 1049 4428 Gen.
1073 4367 1166 4440 38,8.
1187 4389 1204 4421 «
1223 4361 1368 4451 Oblique
1385 4370 1498 4429 autem
1515 4372 1552 4430 ut
1567 4363 1672 4431 dolosi

338 4469 488 4555 aggressi
521 4469 656 4554 fingunt
676 4468 906 4534 narrationem
930 4468 1197 4557 quandamque
1221 4469 1442 4535 subvertatur
1470 4471 1673 4539 resurrectio

339 4581 490 4641 contexta
503 4596 637 4663 requae
652 4596 830 4663 nunquam
841 4576 954 4641 evenit
965 4597 1075 4664 neque
1087 4576 1174 4641 torte
1189 4575 1325 4642 eveniet
1339 4604 1353 4634 r
1368 4575 1530 4667 (l'lceopb.
1555 4578 1671 4668 tt'ct.);

340 4704 369 4746 v.
394 4688 434 4748 20
452 4695 578 4771 septem
608 4682 713 4771 (erpo)
731 4684 856 4769 fratres
884 4694 1001 4764 erant,·
1029 4713 1043 4743 α
1070 4705 1131 4749 cur
1152 4705 1221 4752 non
1240 4682 1325 4750 duos
1347 4683 1401 4749 vel
1421 4690 1488 4750 tres
1519 4683 1671 4772 fingunt,

338 4786 397 4854 sed
423 4791 573 4878 septem?
605 4810 674 4878 quo
703 4789 812 4875 magis
846 4788 1027 4857 ridiculam
1048 4796 1080 4856 et
1109 4789 1295 4858 absurdam
1327 4788 1473 4857 reddant
1501 4814 1672 4860 resurrec-
