3960 5654
228 510 286 571 toa
746 525 833 569 nuuc.
859 510 906 577 tt,
932 511 1036 572 it-ie.

160 717 168 732 ,.
227 660 351 751 quilius
367 662 500 720 Petrum
517 676 586 719 csse
608 654 811 747 discipulum
834 657 898 722 sibi
914 669 1067 726 constare
1081 669 1288 742 assererent,
1305 668 1421 728 Petrus
1442 661 1559 750 incipit

225 766 289 832 sibi
306 763 487 850 imprecari
503 760 595 835 dira,
615 765 642 827 si
661 766 732 830 scil.
756 764 967 845 mentiretur,
993 767 1076 832 diris
1097 791 1166 833 scsc
1188 765 1373 847 devovere;
1392 767 1559 833 eiusmodi

225 870 467 937 exsecrationes
480 869 779 963 etimprecationes
787 870 921 956 saepius
938 873 1128 937 innuuntur
1141 873 1252 938 verbis
1267 873 1333 940 illis
1350 899 1357 942 :
1376 877 1457 941 lraec
1473 874 1559 938 milri

227 981 310 1043 [leus
330 975 431 1041 iaciat
455 974 594 1039 ethaeo
619 977 723 1043 addat
748 979 779 1063 (t
811 979 892 1061 [leg.
919 986 1015 1057 3,it;
1042 987 1141 1057 ΗΜ
1157 978 1237 1064 etc.)
1258 992 1289 1043 ct
1313 982 1428 1046 iuuare
1444 980 1559 1046 omnia

224 1084 331 1168 igitur
346 1082 471 1170 quilius
494 1081 648 1148 homines
667 1086 714 1149 uti
733 1084 841 1147 solent
856 1084 898 1148 ad
919 1106 1108 1151 sermonem
1130 1087 1402 1153 confirmandum
1425 1089 1459 1153 in
1479 1087 1560 1153 sub-

223 1190 345 1255 sidium
375 1194 488 1265 vocat3
513 1195 689 1279 tantopere
710 1190 908 1277 perterritus
927 1199 976 1256 est
993 1191 1286 1258 vehementissime
1305 1193 1502 1260 desiderans
1517 1215 1559 1258 ne

223 1303 445 1382 agnoscatur;
463 1297 567 1361 immo
587 1318 664 1361 cum
690 1304 885 1383 contemptu
902 1320 1039 1385 qnoque
1064 1298 1106 1362 de
1128 1299 1268 1364 Domino
1282 1298 1437 1387 loquitur
1452 1323 1459 1366 :
1473 1299 1557 1389 quio

222 1404 331 1469 nescio
351 1402 522 1467 lanimem
538 1404 640 1468 isicem
656 1423 756 1489 quem
780 1402 912 1485 dicius·
927 1427 968 1469 en
994 1426 1098 1491 quum
1115 1406 1232 1472 inania
1253 1413 1332 1470 sunl
1347 1409 1477 1493 optima
1494 1408 1556 1473 lio-

222 1511 323 1575 minis
342 1509 484 1575 consilia
508 1519 541 1574 et
564 1508 754 1597 proposita,
781 1510 806 1572 si
834 1512 904 1574 suis
927 1512 1072 1575 nimium
1096 1512 1235 1578 considit
1263 1513 1394 1577 viribus
1416 1535 1479 1578 nec
1499 1514 1554 1579 [lei

220 1638 319 1706 opem
334 1616 519 1702 efflagitat!

263 1723 454 1789 Praedictio
472 1726 543 1786 lesu
559 1727 607 1786 est.
620 1719 780 1808 impleta;
800 1726 913 1787 l’etrus
932 1723 1146 1807 terrogavit,
1166 1745 1196 1788 v.
1213 1732 1255 1790 72
1266 1740 1299 1791 et
1312 1726 1427 1792 statim
1441 1726 1556 1814 pallus

219 1831 339 1896 iterum
351 1828 520 1909 cantaoit;
535 1839 567 1891 et
590 1826 784 1891 recordatus
801 1841 849 1893 est
865 1831 988 1910 Petrus
1006 1829 1098 1894 veidi
1119 1829 1213 1919 quod
1226 1831 1363 1897 dixerat
1382 1834 1415 1898 ei
1436 1834 1554 1899 lesus:

214 1937 419 2025 percuperem
441 1933 554 2022 pullus
570 1945 682 1997 rariter
705 1932 774 2012 liis,
801 1948 848 1998 ici·
875 1957 927 1999 mc
956 1935 1118 2022 nequltia:
1135 1938 1305 2024 quomodo
1324 1941 1469 2004 nuixima
1492 1946 1554 2005 llo-

218 2044 301 2108 mini
318 2040 551 2108 misericordia
572 2045 687 2105 l¹ctrus
715 2041 758 2104 ad
775 2042 904 2128 peccati
925 2044 1159 2127 cognitionem
1179 2050 1212 2109 ct
1227 2047 1472 2132 poenitentiam
1494 2045 1554 2111 ad-

217 2149 339 2215 ductus
358 2149 421 2229 sit,
451 2153 569 2212 narrat
586 2151 691 2211 lucas
708 2169 715 2212 :
733 2154 766 2212 et
787 2168 968 2213 conversus
984 2151 1142 2215 Dominus
1162 2152 1307 2239 respexit
1330 2156 1466 2217 Petrum
1482 2154 1550 2240 (2⁶2,

218 2258 288 2344 tii);
317 2268 349 2321 ei
369 2255 477 2343 coepit
497 2253 600 2339 llere,
627 2282 641 2310 u
669 2261 705 2318 ut
731 2254 841 2318 llendo
861 2253 1008 2320 dilueret
1027 2256 1176 2321 maculas
1193 2280 1279 2346 quas
1299 2258 1457 2344 negando
1472 2281 1553 2324 cou-

218 2364 318 2428 iraxit
344 2391 359 2422 ν
386 2359 487 2447 (Alo.)
510 2360 562 2424 vel
585 2367 620 2423 ut
646 2363 749 2424 Lucas
768 2360 890 2426 habet:
909 2383 1064 2445 egressus
1087 2363 1175 2429 toras
1198 2365 1290 2430 llevit
1312 2387 1445 2440 amare,
1473 2392 1488 2425 «
1515 2371 1552 2430 nl

215 2468 407 2536 amaritudo
424 2467 590 2532 reseratur
604 2466 648 2531 ad
664 2465 776 2531 cordis
795 2468 1112 2554 compunctionem,
1140 2473 1236 2535 tletns
1261 2478 1377 2537 autem
1393 2471 1437 2537 ad
1455 2493 1550 2537 com-

217 2576 307 2643 missi
321 2576 436 2640 delicti
454 2574 682 2639 verecundam
700 2573 987 2659 recognitionem,
1006 2582 1040 2640 et
1056 2597 1210 2661 egressus
1230 2577 1273 2642 ad
1290 2579 1403 2665 operis
1418 2578 1500 2643 mali
1517 2584 1551 2643 ct

214 2705 340 2773 pravae
358 2681 523 2748 societatis
537 2679 791 2745 derelictionem
818 2709 831 2735 ν
850 2678 971 2766 (All).
996 2681 1091 2756 Quod
1109 2684 1337 2750 communiter
1360 2684 1486 2769 legitur
1500 2687 1551 2745 καὶ

216 2780 366 2851 {negator
381 2786 502 2848 ἔκλαιεν
515 2786 605 2873 (vide
625 2786 698 2851 lect.
718 2788 824 2871 var),
845 2788 937 2851 varie
957 2787 1160 2876 explicatum
1181 2790 1391 2877 probabilior
1405 2800 1439 2856 et
1457 2791 1551 2879 apud

216 2898 419 2963 recentiores
430 2895 633 2983 plerumque
649 2893 1028 2980 receptaintcrpretatio
1044 2903 1093 2959 est
1106 2886 1255 2957 ἐπιέολὼν
1276 2890 1343 2982 (τὸν
1359 2903 1441 2976 νοῦν,
1461 2921 1549 2986 quac

215 3027 276 3070 vox
292 3002 375 3068 alias
388 3022 524 3088 quoque
540 2999 630 3088 apnd
645 2998 802 3087 prolanos
820 3000 1005 3084 omittitur)
1029 3023 1036 3063 :
1063 3009 1096 3066 ct
1116 3023 1192 3066 cum
1213 3003 1412 3069 advertisset
1430 3003 1547 3083 tiebat,

214 3132 291 3176 cum
315 3109 348 3174 id
373 3109 575 3191 recogitaret
602 3104 705 3169 lleliat
731 3104 787 3188 (cl.
827 3103 949 3183 tt'ilte,
980 3108 1120 3172 chicon
1149 3110 1356 3192 graeco-lat.
1384 3111 1438 3176 ed.
1459 3111 1547 3176 Loclr

213 3241 238 3284 s.
261 3240 292 3280 v.
318 3216 408 3304 Br'sp.
425 3213 558 3280 Scliuu:
574 3211 718 3299 aliique,
747 3212 793 3274 uti
829 3212 1004 3289 ll'elster'n,
1035 3213 1171 3302 lippire,
1195 3215 1236 3281 de
1272 3218 1395 3296 Wettc,
1419 3219 1548 3304 Meyer,

214 3327 430 3390 Boinemann.
444 3320 587 3386 Studien
609 3319 676 3383 und
694 3317 844 3381 llritilcen
867 3324 999 3406 18t3p.
1022 3327 1096 3402 139,
1122 3321 1289 3402 Vollmer,
1307 3324 1400 3403 Keil,
1429 3324 1549 3405 Weiss,·

213 3431 314 3496 ctiam
344 3432 529 3493 Buttmann
558 3428 578 3489 l.
609 3448 636 3489 c.
673 3447 705 3511 p.
744 3430 803 3487 127
828 3423 912 3487 dicit
936 3428 1157 3508 grammatice
1181 3430 1416 3495 commendari
1442 3452 1548 3518 quam

214 3536 357 3602 maxime
377 3556 452 3600 eam
480 3531 810 3620 interpretationem,
837 3537 873 3594 ut
899 3530 942 3595 sit
969 3531 1059 3597 idem
1086 3536 1178 3622 quod
1200 3535 1354 3612 ἐννοήσας,
1372 3559 1442 3623 qua
1464 3558 1544 3601 voce

213 3642 368 3730 gradatio
382 3639 550 3728 quaedam
571 3639 739 3703 lrabeatur
754 3636 796 3701 acl
813 3632 998 3721 tego-iaie
1020 3633 1134 3719 Coolr).

248 3881 288 3929 Ex
304 3879 399 3928 multis
413 3889 485 3939 quac
501 3876 626 3923 teruntur
650 3872 882 3933 explicationibus
907 3873 957 3920 iias
973 3871 1077 3920 reterre
1091 3869 1210 3919 sufficiat
1228 3883 1234 3915 ι
1253 3869 1369 3931 Tlieopir.
1387 3869 1456 3919 duas
1481 3883 1545 3933 pro·

213 3970 290 4034 ponit
307 3982 312 4015 :
329 3962 540 4031 ἐπικαλυψάμενος
553 3957 597 4020 τὴν
613 3956 722 4024 κεφαλὴν
737 3957 751 4020 ἢ
768 3955 822 4006 drtl
842 3964 885 4006 ’.οὔ
900 3956 1034 4025 ἀρξάμενος
1048 3954 1109 4024 μετὰ
1126 3955 1300 4022 σφοδρότητος.
1319 3958 1442 4007 l'riorent
1459 3961 1545 4008 inter·-

213 4059 398 4122 pretationcm
415 4069 420 4101 ;
439 4056 514 4102 reste
534 4053 618 4112 capiti
641 4050 757 4104 iniecta,
780 4050 823 4098 rci
848 4051 938 4111 capite
961 4049 1093 4097 obvoluto
1116 4047 1198 4096 llcbat
1214 4046 1381 4110 adoptarunt
1397 4034 1544 4105 Galerius,

214 4150 282 4206 Bos,
299 4146 390 4199 tt'oll,
410 4144 510 4193 tirolis.
530 4140 647 4194 Paulus,
675 4137 828 4195 Fritzsclie,
855 4138 978 4187 Lindner
995 4137 1120 4201 (Studien
1137 4135 1193 4184 und
1216 4135 1343 4184 Kritiltcu
1363 4136 1427 4184 tao-2
1449 4151 1475 4199 p.
1494 4137 1544 4186 562

212 4243 240 4288 et
257 4237 322 4286 itii
337 4250 363 4297 p.
382 4234 457 4295 olii,
474 4234 558 4280 ctiam
576 4229 674 4288 tarny,
694 4225 816 4283 Calinct,
834 4228 937 4289 aliique
955 4240 1026 4288 quos
1042 4229 1188 4274 recensent
1203 4224 1312 4274 Sctranr¹
1326 4229 1352 4273 et
1365 4225 1469 4273 Weiss,
1490 4226 1545 4276 Sed

213 4329 264 4375 trac
276 4324 504 4386 interpretatione
520 4317 706 4380 supplendum
720 4320 761 4363 est
779 4317 805 4363 iu
822 4316 895 4377 quod
911 4329 1000 4377 ncquc
1016 4317 1146 4363 contextu
1162 4326 1252 4376 neque
1267 4327 1318 4363 usu
1332 4314 1409 4363 verbi
1424 4316 1546 4377 exigitur

212 4416 255 4464 vel
269 4414 380 4464 suaderi
396 4415 495 4473 potest.
523 4409 633 4456 l'enuni
651 4419 716 4468 prae
733 4405 838 4466 pudure
854 4411 881 4454 ct
896 4405 1060 4454 contusione
1077 4409 1161 4466 caput
1177 4403 1261 4465 pallio
1273 4401 1431 4452 obvolvissc
1446 4405 1543 4466 utiquc

211 4503 291 4553 valdo
312 4501 443 4551 credibile
468 4505 523 4548 esi:
541 4505 568 4544 ut
585 4496 647 4544 inde
665 4494 786 4543 nondum
803 4495 928 4556 seqnitur
942 4505 1037 4541 vocem
1054 4504 1134 4555 posse
1151 4493 1222 4540 tratri
1240 4491 1274 4540 ad
1291 4493 1432 4541 notionem
1455 4494 1544 4542 iuusi-

211 4599 306 4644 iatam.
323 4592 444 4639 Alteram
462 4583 595 4650 ἀρξάμενος
610 4588 693 4632 etium
711 4585 788 4630 iiiiii.
807 4582 890 4630 habet
908 4581 953 4644 (ad
968 4580 1092 4644 Metili),
1106 4594 1167 4630 eain
1183 4581 1293 4643 aliquae
1309 4582 1451 4631 versiones
1466 4582 1541 4630 exhi·

210 4684 275 4732 beni
290 4683 317 4729 et
333 4679 414 4727 lectio
430 4677 477 4725 ilia
492 4688 574 4737 qumi
593 4675 612 4721 t')
631 4675 712 4722 italici
723 4672 765 4730 ici.
784 4673 848 4720 lect.
863 4672 949 4729 rar.);
967 4672 1108 4733 explicant
1123 4665 1406 4728 izitzldvadiiciens,
1417 4670 1540 4724 addcns;

210 4772 283 4823 unde
303 4775 447 4831 praeterea
464 4765 538 4813 iterii
555 4765 691 4820 (Grotius,
711 4763 809 4818 lansi;
828 4761 959 4810 Erasmus
976 4773 981 4807 :
999 4784 1010 4806 i
1024 4773 1186 4821 erumpens,
1203 4761 1263 4809 sivo
1278 4760 1371 4809 subito
1385 4758 1474 4816 licvit,
1491 4764 1540 4807 aut

210 4861 334 4926 prorupit
351 4858 378 4905 in
396 4857 504 4911 lictum,
519 4854 656 4915 siquidem
671 4848 813 4899 ἐπεξάϊοειν
830 4853 901 4899 inter
920 4851 1011 4898 varias
1026 4849 1246 4911 significationes
1261 4849 1400 4897 interilum
1416 4848 1540 4896 declarat

210 4949 319 5014 oppredi
335 4949 393 4997 sire
414 4948 538 5008 impetum
559 4957 658 4991 siruiere
674 4941 708 4991 ud
729 4942 832 5005 aliquid
848 4939 1004 5003 agendum,
1023 4940 1086 4988 liinc
1155 4933 1201 4999 ολὴ
1219 4951 1269 5002 pro
1286 4940 1400 5002 impetu;
1418 4938 1471 4987 hoc
1486 4939 1539 5000 igi·
