3960 5654
158 517 218 578 292
701 528 792 572 unae.
818 512 865 580 ll,
888 511 949 569 3-7.

156 667 295 734 sortasse
308 664 376 726 iam
396 659 557 745 tetigerat
571 659 653 727 dum
669 685 725 728 eos
741 661 872 726 iuberet
889 659 1016 728 solvere
1031 669 1065 728 et
1083 660 1253 727 adducere
1269 660 1401 751 pullum
1418 684 1450 726 v.
1469 671 1488 728 3

155 773 232 840 etsi
250 767 325 858 quis
351 764 442 831 uobis
457 765 582 831 dixerit
600 789 611 833 :
627 769 715 857 quid
729 766 867 854 facitis?
887 764 1004 847 dieite,
1021 768 1104 858 quie
1121 768 1261 833 licutino
1282 767 1489 834 accesserim

157 889 225 959 est;
246 887 279 940 et
307 872 468 939 continuo
491 871 590 938 illum
615 875 762 940 dimittet
780 872 864 953 luta·
889 872 1041 942 ultimam
1069 875 1269 940 senteutiam
1303 875 1409 964 aliqui
1443 876 1489 938 ita

155 982 328 1070 accipiunt
346 985 382 1045 ut
397 980 441 1047 ab
457 978 540 1068 ipsis
555 978 731 1070 discipulis
745 980 788 1044 sit
808 977 951 1046 dicenda
968 981 999 1046 ei
1019 980 1078 1068 qui
1094 1001 1149 1044 eos
1170 980 1357 1068 interrogat
1374 1005 1381 1049 ι
1405 981 1486 1069 quid

152 1087 278 1168 facitis3
303 1087 376 1154 scil.
401 1085 582 1153 Dominum
605 1088 717 1153 statim
746 1086 866 1150 iterum
895 1085 1487 1173 pullumesse1·estiluturumsimul

153 1198 256 1283 atque
279 1215 318 1259 eo
343 1214 424 1259 usus
447 1191 550 1258 luerit
570 1192 631 1282 (ita
657 1194 724 1257 iam
745 1191 846 1256 Eutlt.
869 1191 912 1256 ad
937 1191 1050 1256 llattlr.
1079 1198 1173 1272 ΞΜ,
1205 1191 1372 1274 Vollmer,
1397 1193 1487 1272 Keil,

158 1299 289 1390 Weiss).
312 1306 354 1368 At
368 1298 488 1365 merito
511 1298 665 1388 plerique
685 1321 725 1364 ea
748 1297 851 1362 verba
865 1319 885 1362 a
901 1301 969 1362 lesu
986 1296 1065 1363 addi
1081 1298 1247 1387 explicant
1262 1307 1298 1363 ut
1318 1301 1489 1386 significet

150 1406 324 1473 hominem
349 1407 445 1472 illum
462 1403 535 1470 sine
548 1405 619 1471 ulla
635 1427 731 1470 mora
746 1425 815 1470 esse
836 1404 1079 1492 permissurum
1098 1413 1135 1470 ut
1155 1404 1286 1494 pullum
1306 1406 1441 1471 solvant
1455 1412 1489 1471 et

149 1512 336 1580 abducant.
355 1517 438 1578 Nam
454 1510 545 1600 quod
566 1510 616 1575 illi
635 1511 756 1577 volunt
776 1510 953 1576 Dominum
970 1511 1210 1600 promitteresc
1222 1513 1336 1577 statim
1353 1512 1487 1601 pullum

151 1621 276 1687 ilerum
303 1620 488 1685 missurum
509 1637 580 1682 esse
600 1615 644 1681 ad
671 1617 809 1696 herum,
832 1616 928 1705 quasi
950 1617 1011 1683 hac
1034 1619 1214 1706 sponsione
1245 1619 1326 1684 hero
1357 1617 1489 1684 facilius

149 1725 414 1817 persuaderetur
430 1729 467 1790 ut
481 1722 616 1813 pullum
635 1721 760 1788 abduci
775 1725 915 1804 sineret,
931 1725 1010 1789 satis
1027 1730 1076 1790 est
1092 1724 1244 1789 ieiunum
1259 1747 1297 1789 ac
1315 1724 1485 1813 putidum.

147 1836 278 1920 Urgent
292 1830 421 1897 illidiei
437 1835 589 1918 tempore
601 1830 771 1918 praesenti
790 1826 975 1890 ἀποστελλει
994 1837 1026 1895 et
1045 1828 1125 1894 addi
1144 1834 1254 1908 attam
1276 1830 1334 1895 scd
1355 1838 1488 1919 tempus

146 1959 308 2029 praeseus
334 1937 456 2026 nequit
485 1935 604 2017 obiici,
635 1936 718 2024 quia
744 1937 945 2024 inutraque
974 1935 1196 2025 explicatione
1222 1938 1410 2002 necessario
1440 1938 1488 2001 ita

146 2044 255 2133 accipi
271 2042 385 2122 debet,
399 2037 436 2108 ut
449 2063 502 2109 res
519 2041 635 2107 lutura
651 2041 752 2108 modo
768 2040 926 2131 loquendi
943 2040 1056 2107 vivido
1075 2051 1367 2131 repraesentatum
1384 2044 1487 2108 immo

148 2151 186 2217 in
202 2149 428 2239 explicatione
450 2147 724 2215 adversariorum
742 2152 874 2236 tempus
897 2147 983 2213 illud
1004 2149 1113 2234 magis
1134 2157 1300 2214 remotum
1321 2157 1369 2214 est
1383 2171 1486 2237 quam

148 2255 185 2323 in
209 2261 343 2337 nostra;
369 2275 453 2340 ergo
473 2260 607 2343 tempus
631 2276 792 2344 praesens
813 2256 930 2343 nequit
953 2254 1098 2320 obstare.
1122 2259 1233 2343 Neque
1261 2257 1371 2321 obstat
1391 2259 1486 2316 atla

147 2364 291 2430 intentu
311 2382 450 2448 graeco.
472 2360 602 2426 Dicitur
620 2361 713 2426 enim
738 2363 868 2426 ratione
892 2360 1009 2427 habita
1032 2362 1156 2450 prioris
1179 2363 1250 2428 cius
1266 2363 1490 2451 oppositionis

148 2491 218 2560 qua
234 2490 292 2535 eos
311 2467 514 2557 propulsare
533 2471 567 2533 et
586 2465 754 2556 impedire
776 2467 926 2546 voleliat;
952 2467 994 2533 cl.
1027 2468 1138 2533 Mattli.
1168 2475 1234 2543 -ἰ,7.
1263 2476 1280 2533 2
1310 2474 1384 2534 Cor.
1411 2476 1488 2546 lar

151 2580 184 2642 et
201 2574 360 2642 similiter
382 2579 460 2640 Luc.
483 2578 575 2655 aaa,
596 2579 631 2639 et
656 2572 842 2640 adhibetur
863 2574 998 2639 notione
1012 2575 1172 2650 vicissim,
1189 2598 1206 2639 e
1224 2577 1406 2640 contrario.
1427 2580 1488 2640 llo-

148 2682 262 2749 minus
285 2681 350 2747 hoe
374 2679 451 2746 loco
471 2678 573 2746 modo
601 2679 726 2745 eximio
750 2702 847 2746 suam
881 2679 1090 2746 demonstrat
1117 2682 1344 2766 cognitionem
1374 2704 1487 2747 rerum

150 2788 345 2855 absentium
369 2792 402 2852 et
428 2787 632 2853 suturarum.
661 2791 749 2852 Bene
774 2793 890 2852 notant
913 2787 993 2852 Vt'ct.
1025 2786 1166 2877 Tlreoplt.
1192 2811 1202 2852 ;
1224 2788 1298 2853 vide
1319 2795 1402 2876 quot
1422 2789 1489 2853 sint

146 2894 204 2961 hio
218 2893 382 2960 miracula
401 2914 489 2981 quae
510 2894 559 2958 eis
580 2891 735 2958 hocloco
756 2892 891 2972 dixerit,
918 2916 973 2958 eos
1000 2894 1150 2960 viculum
1182 2895 1352 2980 ingressos
1375 2895 1487 2960 statim

147 3002 345 3067 inventuros
360 3020 431 3064 esse
446 2998 579 3087 pullum
597 3020 746 3089 eumque
763 2999 959 3085 alligatum3
983 3022 1038 3065 eos
1053 3000 1095 3065 iri
1109 3003 1360 3088 interpellatum
1378 3008 1411 3066 at
1426 3006 1487 3066 lto-

149 3106 235 3173 mini
255 3106 428 3173 mentione
442 3105 533 3171 sacta
546 3106 620 3170 sine
638 3104 707 3170 ulla
723 3127 818 3170 inore
831 3105 901 3170 fore
917 3114 953 3171 ut
966 3105 1098 3195 pullum
1115 3108 1242 3195 possint
1257 3107 1440 3172 abducere.

194 3213 247 3281 Uti
267 3211 429 3278 Dominus
444 3209 615 3300 praedixit
634 3211 770 3296 singula
788 3212 949 3277 eveniunt
967 3234 998 3278 v.
1027 3219 1095 3278 tet
1115 3211 1274 3278 eberones
1291 3214 1489 3279 itu-eaerum

147 3319 287 3411 pullum
299 3318 444 3408 lipatum
464 3331 543 3384 ante
558 3318 701 3383 ianuam
715 3317 802 3404 soris
817 3319 852 3383 in
866 3317 951 3383 bivio
971 3313 1020 3378 ἐπὶ
1035 3324 1088 3379 τοῦ
1109 3307 1244 3405 ἀμφόδου
1266 3321 1298 3384 in
1319 3321 1484 3408 compita,

151 3427 188 3493 in
210 3427 266 3491 via
289 3424 350 3490 illa
377 3445 465 3513 quae
487 3423 629 3490 domum
651 3423 775 3497 ambit;
799 3433 876 3489 nola
890 3447 991 3513 quam
1008 3424 1162 3490 distincte
1182 3426 1317 3509 singula
1339 3450 1358 3490 a
1382 3431 1487 3491 llarco

151 3529 401 3609 describantur,
426 3553 514 3621 quae
538 3552 616 3597 eum
640 3529 683 3596 ad
708 3535 823 3596 testem
850 3532 896 3596 rei
921 3539 952 3597 et
972 3538 1194 3620 spectatorem
1220 3534 1289 3597 lere
1312 3532 1488 3598 reserenda

153 3660 223 3706 esse
247 3638 440 3721 videantur,
466 3636 546 3704 inde
571 3636 666 3703 haud
694 3636 968 3726 improbabiliter
992 3638 1199 3705 concluseris
1220 3645 1354 3705 Petrum
1381 3661 1487 3704 unum

153 3746 255 3812 fuisse
271 3767 311 3810 ex
326 3742 460 3810 duobus
472 3743 538 3810 illis
557 3766 641 3832 quos
659 3743 811 3809 Christus
829 3745 935 3825 niisit;
951 3767 1038 3834 quae
1054 3746 1223 3810 conclusio
1239 3745 1357 3812 saltem
1379 3747 1489 3830 magis

154 3850 288 3919 suaderi
310 3855 420 3938 potest
439 3870 542 3940 quam
567 3849 626 3916 illa
645 3872 733 3938 quae
752 3849 955 3940 quandoque
977 3874 1015 3916 ex
1038 3856 1114 3917 Luc.
1139 3858 1216 3930 ’2ὲὸ
1242 3851 1437 3933 deducitur;
1457 3865 1489 3917 rt

154 3958 289 4026 solvunt
303 3977 401 4042 eum;
420 3979 488 4023 non
508 3962 631 4042 rogant
646 3956 781 4037 herum,
801 3980 867 4023 non
883 3958 1059 4047 inquirunt
1073 3958 1116 4023 ab
1139 3959 1176 4023 iis
1191 3959 1251 4048 qui
1267 3960 1490 4025 circumstant

156 4066 253 4132 ouius
279 4065 337 4142 sit3
357 4085 476 4129 verum
497 4068 653 4129 accurate
676 4073 801 4149 agunt,
821 4072 856 4129 ut
876 4068 961 4129 lesus
978 4086 1032 4130 eos
1048 4087 1080 4130 v.
1098 4071 1117 4129 2
1138 4088 1239 4151 agere
1255 4066 1407 4132 iusserat.
1427 4070 1487 4142 Qui

152 4194 210 4239 eos
230 4170 346 4237 vident
371 4170 466 4237 haud
491 4175 690 4236 cunctanter
716 4171 878 4237 solventes
900 4171 1048 4259 pullum,
1078 4195 1143 4237 uon
1165 4174 1236 4237 sine
1261 4173 1489 4239 admiratione

157 4278 199 4345 de
224 4276 326 4344 modo
347 4276 472 4364 agendi
496 4276 630 4342 insolito
657 4299 714 4342 eos
740 4276 954 4365 interpellant
983 4300 1013 4342 v.
1036 4286 1055 4344 5
1081 4278 1166 4366 (perid
1190 4281 1303 4362 seritis
1328 4281 1489 4345 selreretes

153 4382 314 4475 pullum?
337 4407 368 4450 v.
390 4390 410 4451 6
435 4384 498 4474 qni
512 4383 673 4450 deberent
690 4385 737 4449 eis
760 4384 847 4448 sieut
868 4398 1088 4473 praeceperat
1115 4386 1182 4451 illis
1210 4390 1312 4463 lesus,
1337 4399 1368 4449 et
1388 4387 1489 4452 (lirni-

156 4504 272 4557 serttnt
288 4491 351 4571 eis,
373 4488 493 4578 ἀφῆκαν
512 4489 618 4563 αὐτούς
633 4514 701 4572 eos,
720 4490 876 4556 sinebant
891 4513 946 4556 eos
958 4491 1087 4558 solvere
1105 4501 1137 4558 et
1153 4493 1322 4558 abducere
1341 4492 1485 4582 pullum.

154 4600 237 4664 Cum
264 4597 401 4683 singula
435 4599 613 4665 evenirent
649 4604 750 4688 prout
776 4597 935 4663 [lominus
964 4599 1191 4688 praedixerat,
1222 4600 1380 4687 discipuli
1407 4623 1487 4665 sane

155 4723 380 4787 magnacum
407 4705 540 4771 Domini
572 4706 763 4771 reverentia
791 4710 823 4769 et
847 4702 1071 4772 admiratione
1093 4710 1215 4771 reversi
1237 4715 1333 4775 siml:
1365 4731 1395 4772 v.
1418 4715 1487 4771 ‘let

155 4808 327 4877 deterrunt
345 4809 483 4899 pullum
509 4811 558 4877 ad
584 4815 717 4893 lesurrr;
748 4841 763 4871 «
799 4833 859 4876 nec
893 4819 1025 4879 moreat
1049 4814 1137 4903 quod
1156 4814 1336 4879 llatlliaeus
1356 4815 1485 4880 asinam

155 4915 240 4983 dicit
252 4921 285 4981 et
304 4915 456 5005 pullum,
480 4920 710 4985 celeriautem
736 4919 778 4984 de
798 4918 889 4985 asina
913 4927 1085 4991 tacent...:
1117 4922 1171 4986 ulii
1200 4944 1283 5005 erpo
1306 4930 1485 5010 utrumque

105 5136 201 5320 ἱ
