3960 5654
1680 459 1718 517 di

394 600 518 672 diffusa
529 612 579 673 est
594 602 707 690 gratia
720 603 755 668 in
771 604 874 672 labiis
890 607 957 672 tuis
977 605 1041 695 (Ps.
1060 604 1164 687 tta),
1181 605 1271 671 hanc
1288 604 1418 672 indicat
1434 605 1531 672 isaias
1546 610 1639 685 tau
1662 614 1715 690 ta,

393 714 431 792 93
449 717 540 792 61‚1.
561 714 661 776 beto.
680 716 713 775 et
730 710 930 800 cumprimis
944 714 1023 790 50,b
1040 711 1198 777 Dominus
1213 709 1307 776 dedit
1326 712 1409 777 mihi
1431 712 1585 798 linguam
1602 713 1717 777 erudi-

392 820 477 899 tam,
491 822 529 884 ut
542 816 646 882 sciam
667 819 921 889 suscitareeum
940 816 999 906 qui
1012 814 1117 882 lassus
1131 823 1181 883 est
1200 815 1317 880 verbo.

425 1035 504 1084 itanc
518 1033 613 1095 populi
628 1034 664 1086 de
676 1035 740 1084 iesu
754 1033 872 1083 docente
886 1032 1097 1084 admirationem
1111 1032 1269 1082 Matthaeus
1284 1031 1368 1081 reiert
1383 1037 1445 1095 post
1466 1046 1624 1085 sermonem
1639 1048 1718 1085 mon·

388 1125 484 1174 tanum
499 1120 577 1182 ma,
597 1123 687 1174 Lucas
707 1119 770 1180 hit
790 1123 959 1173 sententiam
977 1123 1069 1184 magis
1083 1123 1111 1170 tn
1131 1122 1292 1170 universum
1308 1121 1425 1183 proten:
1447 1122 1544 1171 eodem
1569 1124 1651 1173 modo
1675 1126 1720 1173 hic

389 1209 462 1275 apud
476 1208 600 1262 Marcum
609 1211 695 1262 verba
703 1212 859 1273 generatim
871 1224 936 1262 esse
946 1210 1107 1274 accipienda
1116 1211 1192 1258 Patr.
1204 1213 1310 1259 censet.
1325 1209 1426 1259 Scribit
1438 1211 1513 1259 enirn
1530 1225 1535 1258 :
1553 1228 1564 1256 r
1583 1212 1627 1260 hic
1642 1213 1718 1262 iocus

387 1310 461 1349 unua
473 1310 508 1348 ex
522 1301 556 1350 iis
570 1303 613 1351 est
626 1298 728 1364 quibus
742 1302 858 1362 apparet
872 1311 955 1362 quem
971 1299 1125 1349 insensum
1136 1312 1153 1347 a
1168 1298 1261 1348 Marco
1276 1298 1408 1347 adverbia
1423 1293 1505 1358 εὐθὺς,
1520 1294 1605 1356 εὐθέως
1614 1302 1715 1360 statim,

385 1388 524 1452 protinus,
541 1401 613 1453 quae
624 1386 790 1450 saepissime
804 1389 919 1452 usurpat
934 1389 1118 1450 accipiantur.
1140 1386 1200 1437 Hoc
1214 1388 1290 1437 enim
1307 1389 1336 1435 in
1352 1387 1413 1436 ioco
1435 1400 1489 1437 non
1512 1401 1597 1438 unum
1612 1390 1716 1451 aliquid

386 1480 516 1528 narratur
530 1476 605 1541 quod
618 1475 746 1527 Christus
756 1476 843 1527 semel
853 1475 963 1536 lecerit,
974 1475 1023 1525 sed
1036 1475 1109 1540 qrrod
1125 1475 1244 1524 sabbatis
1256 1476 1348 1525 lacere
1362 1476 1479 1526 solebat.
1492 1476 1555 1526 Non
1570 1489 1638 1538 ergo
1647 1477 1716 1527 iilud

385 1567 478 1614 rtatim
492 1567 533 1617 iia
546 1567 588 1616 est
600 1563 813 1628 intelligendum
827 1577 860 1616 ac
871 1566 895 1615 si
911 1562 1039 1616 Christus
1054 1565 1089 1614 ab
1104 1563 1181 1614 urbis
1195 1566 1275 1628 porta
1290 1564 1325 1614 ad
1337 1577 1511 1629 synagogam
1526 1569 1601 1614 recta
1617 1567 1713 1624 iverit;

384 1641 506 1705 maxime
520 1651 594 1718 quod
609 1655 744 1716 appareat
761 1653 841 1703 illum
858 1653 931 1703 diem
954 1652 1100 1703 sabbatum
1122 1665 1178 1702 non
1191 1652 1290 1712 luisse,
1313 1666 1376 1702 nam
1394 1654 1523 1702 homines
1538 1654 1716 1716 piscabantur

384 1756 411 1792 v.
428 1743 459 1793 lb
471 1746 500 1793 et
514 1742 584 1792 retia
596 1739 760 1792 reficiebant
771 1755 799 1792 v.
819 1742 849 1793 19
864 1758 888 1790 r.
906 1744 942 1792 At
957 1742 1022 1791 huic
1034 1743 1188 1805 acceptioni
1203 1741 1297 1791 obstat
1310 1742 1385 1805 quod
1398 1744 1524 1805 sequitur
1539 1739 1580 1789 καὶ
1591 1737 1659 1799 εὐθὺς
1673 1736 1712 1804 ἦν,

381 1844 437 1896 qua
450 1830 571 1880 dictione
585 1831 702 1881 eventus
713 1832 789 1880 arcte
802 1831 838 1880 ad
852 1829 1047 1881 antecedentia
1058 1830 1216 1880 adnectitur
1227 1835 1255 1880 et
1264 1833 1337 1880 sicut
1349 1844 1374 1878 v.
1389 1830 1421 1879 23
1435 1844 1494 1894 seq.
1507 1844 1593 1881 unum
1606 1832 1714 1894 aliquid

384 1920 513 1969 narratur
524 1918 599 1982 quod
611 1919 698 1969 semel
713 1923 789 1970 certo
804 1919 926 1983 quodam
939 1919 1056 1969 sabbato
1066 1920 1205 1978 evenerit,
1220 1920 1343 1981 itaquae
1358 1919 1525 1969 antecedunt
1540 1934 1567 1968 r.
1584 1919 1613 1968 ii
1630 1922 1714 1969 otiam

383 2008 419 2058 ad
433 2019 520 2058 unum
535 2010 666 2058 eventum
681 2007 779 2058 reterri
793 2012 914 2071 oportet.
930 2007 1030 2071 Neque
1045 2008 1157 2058 obstare
1170 2008 1292 2056 sabbatis
1308 2021 1394 2071 supra
1409 2011 1463 2057 iam
1478 2008 1648 2058 deciaratum
1661 2014 1711 2058 cst.

427 2195 459 2258 S.
483 2196 598 2257 Petrus
616 2191 652 2256 in
670 2213 731 2258 sua
749 2190 792 2280 de
807 2194 878 2257 lesu
898 2191 1060 2257 concione
1079 2196 1150 2258 Act.
1174 2195 1274 2270 10,38
1290 2213 1338 2258 ex.
1350 2191 1472 2258 Christi
1488 2191 1662 2258 miraculis
1677 2192 1712 2258 id

382 2297 593 2388 potissimum
603 2297 700 2364 effert
710 2296 802 2387 quod
810 2297 1047 2387 pertransierit
1060 2295 1213 2363 sanando
1222 2320 1340 2364 omnes
1349 2320 1525 2387 oppressos
1535 2299 1709 2365 adiabolo.

383 2407 527 2485 Marcus,
545 2403 731 2493 discipulus
743 2405 816 2470 eius
832 2411 865 2470 et
883 2424 1011 2484 comes,
1030 2402 1221 2494 parimodo
1241 2412 1274 2470 et
1292 2405 1414 2492 incipit
1430 2427 1571 2471 narrare
1587 2406 1710 2471 Christi

381 2509 547 2576 miracula
559 2533 580 2576 a
598 2509 763 2577 daemone
781 2511 869 2577 vieto
888 2516 922 2577 et
935 2511 1074 2600 expulso
1089 2515 1123 2577 et
1141 2510 1276 2599 saepius
1291 2510 1473 2576 daemones
1491 2533 1561 2577 esse
1582 2512 1711 2578 Christo

379 2615 482 2707 plane
502 2615 671 2687 subiectos
687 2616 844 2684 ostendit.
866 2621 934 2684 Hoc
955 2618 1047 2683 enim
1070 2615 1280 2684 daemonum
1308 2619 1426 2683 timore
1448 2624 1481 2683 et
1501 2618 1709 2685 subiectione

381 2729 527 2813 potestas
541 2723 615 2790 Filii
630 2723 689 2791 uei
709 2723 896 2812 gentilibus
913 2724 1010 2813 quasi
1032 2722 1077 2790 ad
1099 2722 1235 2790 oculum
1261 2723 1524 2790 demonstratur.
1547 2724 1711 2811 Congruit

377 2852 531 2920 quoque,
548 2837 585 2896 ut
598 2830 710 2898 incat.
726 2852 801 2898 aur.
817 2835 966 2912 notatur,
984 2835 1021 2895 ut
1032 2830 1196 2918 quoniam
1211 2831 1341 2896 invidia
1351 2830 1479 2896 diaboli
1496 2853 1585 2897 urors
1602 2833 1709 2897 intra-

377 2937 427 3003 vit
440 2937 475 3003 in
491 2938 609 3004 orbem
628 2943 814 3019 terrarum,
836 2935 913 3003 ideo
928 2941 1046 3003 contra
1059 2937 1171 3026 ipsum
1188 2938 1304 3003 mortis
1318 2944 1492 3003 auctorem
1509 2939 1621 3026 primo
1639 2960 1708 3004 me-

376 3051 491 3119 dicina
505 3059 705 3142 operaretur
719 3051 861 3133 salutis3¹
884 3075 916 3118 v.
935 3058 976 3119 23
992 3048 1044 3113 καὶ
1061 3049 1160 3133 εὐθύς,
1179 3053 1226 3119 ita
1246 3054 1397 3118 narratio
1409 3062 1502 3118 arcte
1518 3052 1709 3119 adnectitur

376 3158 419 3225 ad
436 3158 672 3225 antecedentia
689 3164 723 3225 et
737 3157 943 3241 declaratur,
965 3159 1142 3239 continuo,
1166 3159 1285 3225 eodem
1305 3165 1455 3248 tempore
1471 3182 1538 3248 quo
1558 3160 1708 3226 Christus

379 3287 420 3332 eo
438 3265 493 3332 die
509 3265 649 3332 sabbati
670 3264 786 3332 docuit
804 3265 951 3333 adfuisse
974 3266 1147 3332 hominem
1176 3266 1349 3332 obsessum
1375 3289 1394 3331 a
1419 3266 1572 3346 diabolo,
1602 3265 1646 3330 ita
1673 3274 1708 3331 ut

377 3373 491 3439 statim
506 3394 611 3461 quam
627 3372 775 3461 primum
790 3372 826 3438 in
838 3394 1016 3460 synagoga
1030 3371 1244 3462 praedicaret
1263 3373 1294 3439 ei
1312 3394 1388 3439 cum
1405 3372 1541 3439 diabolo
1561 3395 1706 3459 congre-

377 3478 543 3545 diendum
558 3479 676 3559 fuerit,
694 3489 726 3545 et
738 3490 811 3544 erat
828 3477 864 3544 ia
878 3501 1053 3569 synapoqa
1069 3502 1185 3545 eorum
1207 3480 1265 3569 qui
1281 3480 1353 3546 scil.
1374 3486 1467 3545 tanta
1480 3479 1706 3546 admiratione

377 3585 548 3652 Christum
574 3585 751 3652 docentem
774 3584 971 3668 audierant,
998 3584 1097 3652 homo
1118 3588 1154 3652 ia
1176 3588 1298 3675 spiritu
1325 3586 1519 3666 immundo,
1544 3586 1648 3652 dictio
1671 3587 1706 3652 ia

377 3691 499 3782 spirata
513 3699 562 3758 est
578 3690 698 3758 similis
714 3691 745 3758 ei
765 3714 835 3782 qua
848 3693 948 3759 toties
964 3694 1071 3759 utitur
1090 3698 1122 3759 S.
1141 3693 1264 3760 Paulus
1283 3694 1326 3759 ad
1349 3695 1509 3760 unionem
1533 3693 1611 3759 iusti
1628 3716 1704 3759 cunr

376 3799 508 3865 Christo
520 3797 786 3885 designandam,
804 3800 840 3865 in
848 3799 998 3881 christo,
1013 3801 1048 3865 in
1065 3800 1205 3866 Domino
1216 3802 1240 3866 i.
1259 3824 1288 3867 e.
1306 3802 1435 3868 Christo
1447 3801 1702 3879 esseiusertunr,

374 3904 628 3995 implantatum.
646 3909 754 3983 Quare
777 3906 876 3972 homo
900 3905 937 3972 ia
957 3907 1079 3995 spirita
1096 3907 1272 3973 inaurando
1290 3914 1339 3973 est
1360 3909 1460 3973 homo
1483 3907 1516 3972 in
1541 3913 1705 3996 potestate

376 4010 568 4093 daemonis,
580 4012 684 4079 homo
698 4013 753 4078 cui
766 4011 914 4091 daemon
925 4020 1018 4079 arcte
1029 4021 1079 4080 est
1090 4014 1238 4097 iunctus,
1253 4015 1363 4102 inquo
1379 4014 1525 4079 daemon
1538 4014 1706 4080 inhabitat

374 4124 409 4185 et
432 4119 528 4185 cuius
551 4117 723 4201 membra,
749 4140 868 4185 vocem
895 4118 1042 4186 daemon
1067 4142 1127 4209 pro
1148 4120 1258 4186 lubitu
1288 4123 1322 4187 in
1345 4143 1421 4186 suos
1448 4143 1526 4186 usus
1550 4120 1702 4186 adhibet.

375 4225 503 4292 Dicitur
523 4226 671 4293 daemon
689 4226 829 4316 spiritus
851 4226 1066 4308 immundas,
1093 4227 1174 4316 quia
1196 4227 1413 4294 immunditia
1433 4249 1535 4316 quarn
1560 4228 1705 4293 maxime

373 4333 544 4399 sanctitati
563 4334 620 4400 [tei
639 4333 823 4423 opponitur
842 4339 876 4399 et
888 4356 910 4400 a
928 4338 996 4400 [leo
1010 4342 1126 4400 sancto
1141 4357 1245 4423 quam
1262 4335 1457 4421 longissime
1480 4334 1619 4400 recedit.
1644 4335 1705 4411 Qut

373 4439 506 4505 levitice
525 4440 722 4507 immundus
738 4447 828 4523 erat,
852 4461 873 4505 a
892 4442 949 4507 uei
964 4443 1158 4508 sanctuario
1173 4449 1206 4507 et
1229 4442 1284 4507 llei
1301 4442 1396 4507 honis
1417 4441 1612 4511 arcebatur:
1639 4441 1704 4506 im-

373 4546 520 4613 mundus
534 4547 649 4637 itaque
663 4547 800 4637 spiritus
819 4568 898 4613 eum
909 4546 994 4613 dicit
1011 4550 1071 4637 qui
1083 4571 1102 4614 a
1115 4548 1171 4614 Dei
1189 4549 1267 4615 sede
1279 4556 1312 4614 et
1330 4549 1428 4614 bonis
1444 4548 1613 4628 exclusus,
1632 4555 1703 4612 tur-

372 4653 511 4742 pissima
528 4653 662 4721 macula
683 4654 844 4735 inlectus,
868 4659 934 4744 Deo
955 4657 1123 4722 maximae
1143 4655 1389 4722 abominationi
1409 4664 1467 4721 est.
1490 4659 1704 4743 Consequens

374 4766 439 4840 est,
458 4768 495 4828 ut
513 4762 599 4828 sicut
614 4766 698 4828 Deus
715 4783 814 4829 omne
829 4761 865 4827 id
882 4761 1010 4828 vetitet
1025 4763 1195 4853 approbet
1210 4763 1303 4852 qnod
1321 4773 1473 4830 sanctuni
1488 4771 1553 4843 est,
1580 4762 1626 4829 ita
1640 4764 1703 4828 irn-

373 4866 521 4935 mundus
549 4869 688 4958 spiritus
714 4891 814 4937 omne
834 4868 870 4936 id
892 4869 989 4952 velit,
1019 4871 1254 4961 amplectatur,
1285 4878 1460 4961 procuret,
1494 4878 1702 4960 promoveat,
