3960 5654
1037 472 1127 517 usne.
1153 453 1249 524 l‚l·2.
1770 458 1809 517 25

480 602 562 686 gelii
578 603 723 670 instituit
736 623 805 689 quo
819 604 900 672 olim
917 607 1034 671 Petrus
1047 606 1281 672 insinuaverat
1296 605 1368 667 Act.
1390 611 1488 684 1037
1507 628 1515 673 :
1532 602 1699 692 incipiens
1712 629 1732 673 a
1747 613 1809 676 Ga-

477 706 580 776 lilaea
594 714 670 799 post
684 708 890 796 baptismum
912 710 1002 798 quod
1025 709 1236 800 praedicavit
1256 714 1406 774 loannes.
1434 716 1542 779 ltonet
1563 717 1675 778 autem
1691 715 1806 780 statim

478 812 615 882 initium
638 817 905 884 annuntiationis
933 818 1030 902 regni
1062 815 1236 894 messiani,
1265 815 1375 881 nuntii
1408 815 1526 904 utique
1554 817 1747 885 [castissimi
1776 826 1809 884 et

477 924 605 1010 optima
628 941 782 1011 quaeque
802 922 1030 1012 promittentis
1052 925 1180 990 lactum
1197 944 1267 988 esse
1283 922 1351 988 tale
1371 920 1473 1010 quale
1488 943 1509 986 a
1524 925 1697 1012 prophetis
1715 945 1809 1013 prae·

477 1026 606 1093 dictum
621 1032 709 1109 erat3
727 1028 871 1118 proinde
887 1031 988 1093 Deum
1004 1030 1114 1118 ipsum
1132 1048 1258 1114 magna
1276 1050 1357 1093 cura
1373 1026 1558 1116 providisse
1576 1038 1611 1094 ut
1626 1031 1701 1096 talis
1720 1053 1808 1098 nun-

477 1133 544 1198 tius
558 1126 591 1196 et
605 1131 665 1200 diu
680 1142 757 1201 ante
770 1132 1025 1222 praediceretur
1040 1143 1072 1201 ct
1087 1133 1199 1199 debite
1214 1140 1496 1223 praepararetur;
1513 1156 1579 1223 qua
1596 1157 1632 1199 re
1647 1143 1679 1202 et
1695 1137 1808 1204 ludaei

477 1243 511 1305 et
524 1239 669 1324 gentiles
687 1239 920 1306 edocebantur
935 1241 1027 1308 hunc
1042 1240 1199 1306 nuntium
1220 1247 1256 1305 ut
1272 1241 1483 1327 susciperent
1500 1262 1625 1327 magna
1640 1249 1809 1331 exspecta-

477 1343 570 1411 tione
584 1352 617 1413 et
629 1347 863 1425 veneratione;
881 1370 911 1412 v.
934 1354 947 1412 1
967 1347 1101 1413 initiam
1117 1346 1289 1437 euanpeh'i
1300 1348 1375 1412 lesu
1394 1345 1535 1426 Christi,
1552 1347 1633 1414 Filii
1641 1349 1721 1429 Dei,
1738 1372 1769 1415 v.
1787 1357 1808 1415 2

475 1449 566 1518 sicat
578 1454 741 1542 sareptam
757 1466 803 1518 est
818 1451 889 1520 ise.
906 1453 1042 1520 initium
1057 1453 1246 1539 evangelii,
1263 1454 1375 1518 nuntii
1391 1454 1547 1519 salutaris
1564 1453 1607 1520 de
1623 1459 1693 1520 lesu
1710 1456 1807 1521 Chri-

475 1563 527 1626 sto
543 1565 617 1626 erat
634 1557 702 1647 (vel
715 1558 841 1625 lactum
862 1560 924 1646 est)
941 1559 1005 1642 ita,
1027 1561 1075 1626 uti
1095 1560 1260 1649 scriptum
1276 1566 1343 1640 est;
1366 1582 1405 1625 eo
1423 1559 1524 1625 modo
1540 1561 1645 1627 verba
1660 1563 1810 1647 iungunt

476 1672 511 1732 et
532 1664 703 1754 explicant
721 1667 900 1745 irenaeus,
925 1668 1018 1756 Oriq.
1040 1665 1260 1755 Epiphanius
1283 1688 1430 1755 quorum
1448 1666 1538 1732 locos
1557 1689 1659 1756 supra
1673 1669 1708 1733 in
1728 1669 1806 1736 lect.

477 1792 548 1837 var.
564 1771 678 1853 attuli;
694 1794 797 1862 porro
813 1771 916 1838 hart.
933 1771 1010 1840 Alb.
1028 1771 1136 1839 Mald.
1156 1776 1241 1861 Lap.
1260 1775 1350 1840 Mea.
1372 1773 1436 1838 Tir.
1460 1771 1562 1840 Gord.
1583 1772 1693 1841 Calm.
1712 1775 1805 1863 Bisp.

475 1875 624 1959 setam,
642 1900 728 1967 quae
741 1879 868 1945 iunctio
884 1879 992 1946 facilis
1006 1887 1056 1945 est
1068 1884 1103 1945 et
1117 1879 1219 1945 obvia
1230 1886 1263 1945 et
1270 1901 1404 1945 sensum
1416 1881 1582 1968 optimum
1597 1881 1750 1968 praebet.
1762 1886 1808 1948 De

475 2005 557 2050 voce
574 1984 743 2072 evangelii
759 1985 836 2052 vide
851 2008 940 2074 quae
955 1986 1024 2051 dixi
1039 1987 1074 2051 in
1088 1989 1277 2052 Comment.
1295 1987 1410 2052 Matth.
1428 1990 1438 2050 l
1454 2009 1487 2075 p.
1507 1993 1565 2064 ΞΗ
1581 1987 1683 2052 huius
1696 1988 1808 2054 nuntii

474 2089 640 2157 salutiferi
661 2100 904 2179 argumentum
928 2093 1123 2179 assignatur
1148 2095 1257 2172 Iesrrs,
1284 2093 1387 2158 homo
1414 2094 1470 2159 ille
1490 2093 1550 2181 qui
1572 2093 1607 2159 in
1628 2093 1752 2160 ludaea
1776 2100 1809 2161 et

476 2196 622 2265 Galilaea
641 2198 792 2264 versatus
809 2203 870 2279 est,
893 2198 954 2288 qui
968 2205 1018 2265 est
1033 2199 1201 2283 Chastia,
1219 2199 1277 2266 illc
1296 2201 1462 2265 Messiasa
1479 2203 1545 2265 [leo
1563 2201 1747 2288 promissus
1764 2200 1809 2267 ad

474 2302 618 2371 salutem
628 2304 798 2386 omnium,
811 2312 846 2371 et
855 2307 914 2394 qui
925 2311 974 2372 est
987 2304 1092 2371 Filias
1105 2306 1182 2385 Dei,
1196 2328 1283 2395 quae
1299 2306 1483 2395 appellatio
1495 2305 1537 2371 de
1551 2328 1630 2372 vera
1644 2306 1808 2373 filiatione

475 2408 607 2493 divina,
624 2410 802 2478 denatura
820 2416 891 2479 lesu
907 2411 1041 2492 divina,
1060 2412 1275 2499 intelligatur
1290 2419 1436 2501 oportet.
1455 2416 1537 2478 Nam
1554 2412 1588 2477 in
1604 2411 1809 2501 subsequen-

474 2515 565 2584 tibus
581 2521 710 2585 llarcus
726 2525 774 2584 tot
797 2541 837 2585 ac
853 2525 947 2586 tanta
966 2519 1063 2585 allert
1084 2520 1266 2597 miracula,
1291 2526 1326 2584 ut
1346 2524 1461 2606 pateat
1479 2540 1556 2584 eum
1578 2519 1721 2585 voluisse
1741 2520 1808 2586 illis

474 2623 627 2690 divinam
648 2626 781 2692 llessiae
804 2648 984 2716 personam
1000 2627 1160 2693 omnibus
1182 2627 1273 2692 clare
1296 2625 1543 2692 demonstrare.
1567 2627 1669 2706 Dein,
1693 2626 1719 2692 si
1739 2648 1807 2693 non

475 2729 539 2797 hoc
563 2729 705 2813 diceret,
731 2732 815 2821 quid
842 2732 978 2800 tandem
1004 2735 1234 2822 exprimeret?
1255 2731 1284 2797 si
1305 2732 1414 2797 solum
1437 2755 1476 2798 eo
1498 2753 1597 2798 sensu
1618 2732 1808 2821 appellaret

474 2835 603 2919 lilium,
624 2860 692 2927 quo
708 2861 806 2926 reges
825 2847 859 2906 et
877 2841 1025 2928 populus
1043 2840 1141 2906 lsrael
1163 2839 1376 2905 vocabantur
1395 2838 1458 2903 filii
1478 2839 1552 2920 Dei,
1577 2839 1666 2905 nihil
1681 2839 1809 2906 diceret

473 2965 537 3034 pro
557 2943 689 3011 ludaeis
702 2945 763 3033 qui
777 2945 846 3011 iam
860 2947 988 3035 optimc
1009 2946 1161 3012 sciebant
1180 2944 1381 3011 filiationem
1397 2944 1592 3033 adoptivam
1609 2945 1808 3011 hominibus

473 3072 611 3139 quoque
628 3073 649 3117 a
669 3056 735 3118 Deo
760 3051 893 3118 donari.
918 3053 1066 3120 Gentiles
1085 3060 1201 3118 autem
1222 3073 1262 3117 ex
1288 3052 1368 3140 ipsis
1388 3051 1530 3117 deorum
1552 3051 1675 3117 fabulis
1698 3053 1808 3139 magis

473 3159 572 3247 proni
582 3159 856 3224 erantvocemdc
871 3159 1028 3225 verofilio
1040 3159 1095 3224 [lei
1107 3159 1319 3245 intelligere3
1334 3158 1401 3223 illis
1413 3159 1503 3224 enim
1515 3156 1634 3225 filiatio
1646 3157 1808 3247 adoptiva

473 3270 548 3330 erat
564 3264 764 3353 explicanda
783 3287 870 3354 quae
893 3266 951 3332 siat
967 3288 1028 3355 per
1045 3267 1206 3352 gratiam.
1232 3264 1385 3331 Declarat
1407 3265 1522 3353 itaque
1546 3267 1674 3330 llarcus
1694 3266 1805 3331 statim

474 3374 654 3460 utramque
666 3371 701 3436 in
719 3376 791 3437 lesu
806 3379 980 3455 naturam,
999 3373 1149 3438 tlessiam
1166 3373 1188 3437 i.
1206 3394 1235 3437 c.
1255 3370 1508 3459 redemptorem
1522 3376 1555 3437 et
1567 3371 1666 3458 regni
1683 3372 1739 3437 Dei
1754 3371 1808 3436 in-

474 3475 662 3544 stitutorem
684 3498 753 3544 esse
778 3482 886 3544 lesum
907 3480 966 3569 qui
983 3501 1082 3545 verus
1103 3481 1147 3543 sit
1163 3479 1266 3544 homo
1281 3476 1453 3566 simulque
1472 3499 1571 3543 verus
1587 3483 1687 3558 heus,
1705 3484 1807 3566 atque

475 3581 540 3650 hoc
555 3603 625 3650 esse
645 3583 812 3672 evangelii
830 3592 1093 3672 argumentum;
1109 3585 1200 3651 idem
1218 3585 1412 3670 assignatur
1431 3588 1528 3649 Rom.
1551 3590 1641 3663 1‚1-t
1658 3605 1809 3669 evange-

473 3688 558 3755 lium
582 3689 640 3756 nei
663 3689 706 3757 de
732 3691 813 3757 Filio
836 3714 913 3773 suo,
939 3691 999 3781 qui
1023 3692 1212 3758 exsemine
1238 3691 1343 3757 David
1368 3698 1417 3757 est
1438 3689 1628 3756 secundum
1650 3713 1805 3772 carnem,

475 3794 578 3862 Filius
597 3797 653 3862 Dei
672 3797 861 3863 secundum
882 3798 1040 3888 spiritum
1064 3797 1352 3865 sanctificationis.
1380 3803 1436 3864 Est
1454 3796 1569 3885 itaque
1589 3797 1806 3883 evangelium

474 3905 547 3969 lesu
567 3902 689 3970 Christi
709 3903 800 3970 idem
820 3905 912 3994 quod
930 3906 1113 3970 Matthaeus
1131 3904 1213 3971 dicit
1234 3903 1451 3990 evangelium
1470 3904 1566 3989 regni
1581 3905 1672 3992 (¹⁵33
1685 3926 1693 3984 3
1708 3910 1805 3985 9353

475 4008 592 4097 thile)
613 4011 709 4097 regni
731 4012 797 4092 Dei,
819 4011 915 4077 cuius
934 4018 1053 4077 auctor
1072 4023 1105 4076 et
1125 4011 1298 4076 institutor
1316 4018 1364 4076 est
1383 4009 1544 4076 Christus,

514 4207 628 4267 Verum
649 4207 741 4267 aliter
759 4208 798 4266 ab
816 4207 885 4266 aliis
907 4207 964 4267 hae
986 4208 1161 4266 sententiae
1180 4206 1330 4283 aquibus
1351 4205 1476 4265 libellus
1496 4205 1588 4264 Marci
1606 4205 1718 4284 incipit
1732 4223 1807 4266 con·

476 4302 658 4381 iunguntur.
685 4305 747 4365 Alii
783 4306 868 4364 enim
900 4323 928 4363 v.
963 4309 975 4365 l
1006 4305 1126 4363 initiam
1156 4322 1201 4364 ec.
1234 4304 1259 4361 Ι.
1283 4303 1556 4362 t.'h.consi‹lerant
1581 4308 1739 4380 tamquam
1760 4304 1808 4363 in-

476 4400 695 4480 scriptionem,
711 4420 791 4480 quae
806 4403 837 4462 iu
857 4421 890 4462 se
912 4402 1135 4474 concludatur;
1154 4402 1229 4461 dein
1251 4419 1278 4459 r.
1298 4404 1316 4459 2
1338 4407 1369 4460 et
1388 4404 1406 4460 3
1426 4400 1577 4459 exhibent
1596 4405 1632 4460 ut
1652 4402 1806 4478 protasin,

476 4499 564 4560 cuius
578 4498 725 4576 epodosis
740 4501 894 4561 habeatur
912 4502 984 4560 inv.
1004 4505 1038 4571 t;
1056 4501 1147 4578 proin
1164 4519 1171 4559 :
1190 4501 1272 4559 sicut
1287 4500 1540 4575 scriptumest...
1559 4497 1627 4575 (ital
1643 4498 1704 4559 luit
1718 4500 1806 4558 loan-

476 4615 545 4667 nes,
568 4598 612 4657 ita
633 4598 753 4657 exstitit
776 4600 906 4658 loannes
934 4599 964 4657 in
986 4599 1111 4658 deserto
1139 4597 1337 4676 praedicans.
1367 4597 1403 4654 Et
1422 4595 1481 4655 hoc
1504 4596 1599 4655 modo
1624 4597 1806 4674 concipiunt

476 4694 557 4756 lans.
572 4696 697 4775 Sempe,
714 4694 773 4755 Fit.
792 4698 874 4769 Keil,
900 4695 990 4756 Weiss
1005 4697 1135 4773 aliique,
1154 4697 1202 4756 vel
1220 4697 1316 4754 etiam
1326 4698 1445 4753 initiam
1457 4693 1528 4772 ἀρχή
1539 4695 1716 4772 concipitur
1731 4711 1766 4753 ac
1781 4695 1808 4752 si

475 4793 636 4855 diceretur
648 4796 756 4871 incipit
770 4796 961 4874 euangelium
982 4797 1003 4855 l.
1021 4796 1093 4864 Cn..
1113 4795 1158 4854 uti
1175 4813 1192 4854 a
1207 4795 1226 4852 b
1244 4811 1353 4853 revera
1368 4793 1536 4870 praebent;
1554 4809 1611 4869 pro
1632 4810 1694 4868 qua
1708 4792 1808 4867 expli-

475 4892 598 4953 catione
620 4898 792 4971 proiocaut
811 4893 850 4952 ad
876 4895 929 4954 Os,
953 4897 996 4966 l,l
1024 4898 1056 4953 ct
1078 4893 1215 4971 exempli
1242 4910 1337 4952 causa
1360 4891 1489 4951 atlertur
1508 4889 1697 4968 quandoque
1721 4889 1810 4967 quod

1700 5062 1872 5296 Γ
