3960 5654
9 91 46 129 “e'‘
64 82 191 135 ·4'.;·'-'²''','2¹=
201 84 236 140 '1'1
302 88 358 105 ²
374 89 598 139 ‘'flsssfz·
658 121 669 129 .,
796 94 819 130 Ν
839 95 854 139 ἴε
879 88 1148 141 ⁶¹¹·‘..·.‘:.-.⁷.''·.'‘jicuisse&
1168 86 1356 137 {kilmsirw'v'sss
1380 111 1384 120 ‹
1407 82 1444 118 Μ’
1471 116 1487 139 ··.
1504 117 1509 124 .
1585 124 1590 137 ,

1 108 94 196 :qu
113 97 224 175 “gat-¹1⁵*
265 136 278 156 ·“
294 126 612 171 ,αρ’.,“·ιίι-“.“ν·“.,ι“ᾅκ’.’ν.’κὲ’·ι
630 136 694 164 ·›=„..·
740 133 759 153 'l
773 128 952 172 ”Pasti-”rs
966 132 1007 166 .··.’
1051 152 1054 157 -
1093 142 1098 149 ·
1129 158 1136 165 .
1174 137 1220 175 ,ῖ«”
1258 124 1300 169 ..l
1317 147 1324 155 ι
1340 137 1364 162 '1
1418 136 1449 167 ι’»
1470 160 1474 168 .
1497 132 1512 153 ‘³
1526 130 1597 179 ,qq-,-

6 249 18 259 21
32 243 35 249 ¹
87 253 90 257 .
362 235 365 240 ’
1054 244 1058 253 ,
1577 243 1580 251 Ι
1599 236 1600 243 r

691 509 782 555 uano.
808 493 949 564 cnam.
1417 500 1473 560 175

145 647 286 734 protecti
304 648 337 709 et
352 643 527 711 Iordanem
542 645 760 730 transgressi,
780 642 850 708 sive
864 650 968 733 ponte
985 643 1044 731 qui
1062 665 1168 733 prope
1186 647 1309 713 ostium
1326 645 1475 713 lluminis

146 751 211 820 luit
225 749 427 841 (Lr'qtrtsoot,
452 750 591 840 disquis.
611 749 771 836 chorogr.
796 751 831 814 in
854 754 945 817 toan.
964 771 1040 838 cap.
1071 748 1140 837 1,2)
1160 750 1231 817 sive
1259 761 1347 835 rate,
1365 775 1474 842 neque

147 861 237 927 enim
269 857 419 925 fluminis
439 856 592 924 traiectio
622 858 734 925 obstat
758 857 944 946 quominus
961 855 1120 945 pedestre
1146 857 1279 924 dicatur
1302 859 1388 926 illud
1411 861 1475 926 iter

148 961 242 1055 quod
259 963 336 1051 quis
354 965 499 1053 pedibus
518 962 615 1045 iacit,
634 964 669 1030 in
685 966 877 1051 oppositam
900 963 1080 1049 regionem
1103 964 1193 1031 ultra
1217 964 1328 1031 lacum
1345 967 1475 1033 concito

146 1069 257 1159 gradu
280 1069 460 1159 pervenire
479 1075 557 1134 ante
576 1070 683 1159 ipsam
704 1069 819 1135 navim
841 1068 960 1157 utique
979 1077 1167 1159 potuerunt
1185 1099 1201 1132 »
1218 1071 1356 1160 (Potr·.);
1379 1095 1410 1139 v.
1431 1079 1473 1140 3t

144 1189 178 1244 et
202 1175 332 1258 coiens,
349 1199 430 1244 num
450 1198 489 1242 ex
503 1177 601 1243 navit
614 1178 664 1243 ita
683 1176 790 1264 aliqui
806 1182 947 1242 censent
967 1176 1105 1265 (Pata),
1125 1177 1184 1244 sed
1199 1176 1277 1244 vide
1296 1178 1340 1244 ad
1357 1180 1470 1246 llatth.

146 1290 246 1363 1t‚13
264 1291 296 1352 et
311 1291 401 1350 loan.
416 1289 484 1361 6,3.
505 1289 536 1364 5,
554 1283 639 1349 vidit
653 1281 789 1349 turbam
808 1282 954 1348 metltom
975 1284 1066 1349 lesus
1085 1296 1120 1349 et
1134 1284 1288 1350 misertus
1308 1298 1356 1351 est
1373 1307 1474 1376 super

144 1410 198 1456 eos
211 1386 457 1480 ἐσπλαγχνίσθη,
475 1391 605 1456 viscera
627 1410 716 1477 quae
742 1388 838 1455 sedes
866 1389 1122 1455 misericordiae
1150 1391 1361 1478 putabantur
1380 1413 1471 1459 com-

144 1502 234 1564 mota
245 1504 339 1580 sunt,
355 1498 437 1585 quio
448 1496 639 1563 eruntsieut
649 1517 725 1562 ones
739 1517 808 1562 non
826 1493 986 1562 tabentes
1000 1509 1175 1585 pastorem
1181 1496 1285 1578 ;vvide
1300 1497 1344 1564 ad
1358 1499 1470 1564 llatth.

142 1608 237 1683 9,3t;
255 1626 275 1671 a
294 1602 483 1692 pharisaeis
498 1610 531 1668 et
549 1602 635 1688 legis
652 1601 848 1669 doctoribus
862 1623 932 1667 non
949 1609 1041 1668 recte
1060 1602 1339 1684 instituebantur,
1351 1627 1472 1672 onera-

141 1709 463 1799 banturpraeceptis
476 1714 510 1775 et
518 1708 827 1788 observationibus,
842 1708 1138 1775 abducebantura
1155 1708 1304 1793 Christo,
1323 1725 1355 1776 et
1365 1711 1473 1800 eoepit

140 1815 216 1883 illos
230 1813 348 1882 docere
367 1813 496 1898 multo,·
515 1843 530 1874 «
547 1815 607 1881 ubi
627 1813 842 1881 observanda
856 1814 990 1880 Domini
1003 1814 1198 1900 benignitas
1213 1821 1246 1881 et
1260 1816 1403 1884 facilitas
1416 1840 1472 1885 ex-

144 1922 253 2012 posita
267 1921 311 1989 ud
321 1921 515 1987 docendum
528 1927 562 1988 et
574 1921 779 2002 iuvandum3
796 1942 864 1987 non
880 1921 973 1987 enim
985 1919 1234 2007 indignabatur
1245 1944 1313 1989 non
1324 1923 1472 2015 relinqui

141 2028 251 2095 sibiet
264 2030 333 2095 suis
346 2029 496 2116 quietem
510 2029 713 2116 quaesitam,
731 2048 795 2093 nec
810 2049 845 2093 se
859 2049 880 2094 a
895 2027 1005 2093 turbis
1014 2027 1258 2117 quaerentibus
1273 2031 1382 2114 magis
1392 2030 1472 2097 sub-

141 2134 238 2202 duxit
255 2141 314 2202 aut
328 2136 543 2223 importunos
556 2156 578 2201 a
600 2156 636 2200 se
650 2134 783 2220 abegit,
806 2133 864 2199 scd
884 2156 902 2199 e
921 2155 1055 2200 secessu
1068 2155 1130 2201 suo
1150 2135 1252 2201 etiam
1277 2135 1411 2204 obviam
1432 2136 1473 2203 iis

142 2241 235 2308 venit
248 2249 281 2309 et
299 2243 398 2308 solita
419 2241 483 2307 illis
502 2240 675 2307 doctrinae
695 2245 729 2306 et
750 2240 935 2306 sanitatum
955 2239 1124 2307 beneficia
1142 2241 1327 2330 impendit,
1349 2242 1472 2310 docens

137 2370 214 2416 suos
222 2369 407 2439 omnesque
417 2348 631 2433 evangelicos
641 2346 982 2436 doctorespromptos
993 2369 1063 2413 esse
1071 2346 1196 2414 debere
1207 2347 1279 2415 sine
1289 2349 1470 2418 cessatione

139 2454 183 2522 ad
195 2455 465 2544 promovendum
481 2454 721 2541 evangelicum
733 2454 929 2540 negotium,
948 2475 1029 2520 cum
1043 2452 1139 2520 adest
1151 2455 1282 2521 occasio
1299 2483 1316 2516 »
1334 2456 1467 2545 (loru).

138 2562 288 2629 Christus
305 2568 437 2640 autem,
459 2567 496 2627 nt
517 2559 609 2627 Beda
627 2559 785 2643 adnotat,
810 2566 989 2649 tamquam
1012 2566 1132 2649 potens
1155 2562 1299 2651 piusque
1322 2563 1470 2630 salvator

137 2690 177 2735 ac
197 2668 348 2735 medicus
366 2667 564 2756 excipiendo
588 2663 764 2753 fatigatos,
782 2666 935 2733 docendo
957 2667 1096 2747 inscios,
1119 2667 1272 2735 sanando
1295 2677 1467 2755 aegrotos,

137 2774 320 2842 recreando
333 2775 479 2854 ieiunos,
496 2779 661 2863 quantum
674 2773 855 2840 devotione
871 2772 1087 2839 credentium
1099 2772 1287 2841 delectetur
1305 2776 1466 2843 insinuat.

181 2881 330 2948 Christus
343 2881 429 2947 adeo
443 2880 596 2947 sollerter
610 2878 711 2946 docet
721 2878 841 2945 turbas
855 2884 888 2946 et
905 2873 1028 2946 turbae
1044 2880 1092 2946 ita
1106 2881 1179 2947 cius
1193 2881 1349 2949 doctrina
1363 2883 1469 2950 delec·
1494 2903 1498 2913 ·

139 2994 265 3068 tantur,
288 2994 326 3054 ut
343 3010 454 3076 neque
476 2988 565 3076 ipse,
590 3007 701 3076 neque
722 2985 843 3052 turbae
863 2985 1040 3053 advertere
1054 2984 1235 3054 videantur
1257 2989 1324 3055 iam
1346 3012 1468 3080 appro-

136 3096 302 3184 pinquare
313 3113 507 3185 vesperam,
521 3115 627 3183 quare
637 3115 716 3159 eum
733 3098 874 3159 monent
892 3092 1053 3181 discipuli
1065 3115 1097 3159 v.
1112 3099 1153 3161 35
1167 3107 1200 3160 et
1212 3117 1290 3161 cum
1304 3096 1373 3162 iam
1386 3096 1468 3164 Ιιονα

135 3202 244 3268 rnrclto
260 3202 359 3290 fieret
376 3203 400 3267 i.
417 3224 446 3268 e.
463 3200 517 3267 die
539 3201 606 3267 iam
624 3199 668 3266 ad
681 3220 859 3289 vesperam
873 3201 1191 3289 appropinquante,
1210 3223 1294 3284 non,
1311 3210 1350 3268 ut
1362 3203 1467 3294 aliqui

135 3316 270 3375 vertunt
289 3331 297 3376 ε
316 3331 394 3375 curn
409 3308 478 3374 iam
490 3313 623 3397 tempus
637 3307 788 3373 multum
800 3306 1001 3389 effluxisset,
1019 3328 1059 3373 ex
1073 3328 1142 3396 quo
1157 3308 1279 3375 docere
1292 3319 1465 3400 coeperat3

135 3415 193 3482 sed
210 3438 218 3484 :
234 3437 311 3482 cum
329 3416 397 3482 iam
421 3436 546 3502 magna
558 3435 638 3504 pars
652 3415 817 3502 temporis
836 3412 905 3479 diei
919 3419 1005 3479 esset
1022 3413 1149 3481 factal.
1166 3437 1196 3481 e.
1218 3418 1463 3504 praeteriisset,

135 3523 198 3611 ὥρα
211 3524 339 3613 quippe
362 3522 405 3589 de
422 3527 576 3610 tempore
598 3520 666 3586 diei
686 3520 813 3586 dicitur
833 3520 891 3606 (ci.
909 3519 1057 3610 Sekepp)
1078 3520 1131 3587 vel
1147 3528 1184 3587 ut
1198 3522 1463 3613 alii'explicant,

135 3631 298 3697 horarum
312 3650 457 3695 numero
471 3628 539 3694 iam
555 3634 665 3706 aucto,
683 3628 767 3715 quia
781 3627 825 3693 ab
844 3634 922 3693 ortu
937 3627 1018 3693 solis
1030 3626 1075 3693 ad
1090 3648 1246 3695 occasum
1262 3650 1369 3720 usquc
1382 3631 1467 3699 duo·

133 3736 241 3804 decim
253 3716 492 3817 numerantur;
505 3745 718 3801 accesserunt
728 3733 890 3816 discipuli
897 3733 970 3800 eius
979 3732 1127 3800 dieentes
1139 3733 1307 3803 :desertus
1317 3750 1365 3804 est
1374 3736 1467 3806 loeus

134 3844 190 3910 hie
204 3855 236 3909 et
249 3845 319 3909 ium
334 3842 418 3908 toro
430 3842 608 3930 proeteriit
622 3841 685 3929 ὥρα
699 3839 822 3919 πολλή,
839 3840 912 3906 dies
927 3841 997 3907 iam
1012 3840 1157 3908 multum
1173 3845 1350 3930 processit,
1368 3867 1399 3914 v.
1423 3853 1465 3913 36

135 3951 266 4018 dimitte
279 3948 367 4030 illos,
380 3961 418 4014 ut
428 3962 544 4015 euntes
558 3948 594 4014 ia
601 3947 783 4038 proximas
794 3945 893 4013 vittas
903 3960 936 4014 et
945 3947 1055 4028 vicos,
1070 3946 1174 4030 κύκλῳ
1187 3952 1465 4020 circumiacentes

134 4058 226 4145 (vide
241 4056 316 4124 lect.
330 4057 420 4145 var.)
436 4069 552 4122 emant
564 4053 728 4122 sibieibos
740 4076 825 4145 quos
836 4054 1056 4121 manducent.
1075 4055 1233 4122 [lominus
1245 4062 1360 4125 autem
1371 4059 1465 4127 dives

134 4171 169 4232 et
181 4164 351 4249 benignus
369 4163 472 4229 etiam
494 4161 611 4228 cibum
626 4161 841 4251 corporalem
860 4162 901 4226 iis
918 4160 1002 4228 dare
1025 4161 1121 4229 iubet
1140 4163 1311 4253 apostolos
1331 4165 1461 4255 (Visa),

133 4277 265 4340 tentans
286 4276 319 4337 et
333 4271 483 4359 probans
507 4290 589 4335 num
609 4289 706 4335 suam
725 4275 954 4354 agnoscerent
970 4268 1132 4335 virtutem
1152 4269 1245 4359 quod
1264 4272 1371 4360 possit
1389 4273 1464 4341 illos

134 4380 224 4446 alere
239 4375 416 4465 (theoph.)
431 4376 484 4442 vel
499 4377 612 4465 potius
625 4374 804 4441 insinuans
818 4379 984 4465 quantam
1000 4375 1065 4465 ipsi
1080 4374 1248 4443 haherent
1266 4383 1463 4467 potestatem

133 4487 160 4553 si
170 4485 363 4562 crederent,
376 4488 414 4547 ut
423 4483 549 4572 quibus
556 4483 675 4551 datum
684 4489 769 4549 esset
783 4488 913 4549 tantam
925 4503 1063 4571 pascere
1072 4483 1329 4551 multitudinem
1344 4487 1462 4574 (lons.)

133 4618 164 4660 v.
184 4600 227 4659 3¹1
242 4603 274 4657 et
287 4589 491 4680 respondens
514 4588 643 4657 aitr'llis
663 4589 769 4656 :date
787 4587 856 4657 iltis
876 4612 934 4656 nos
953 4587 1183 4673 manducare·
1202 4597 1237 4657 nt
1253 4595 1409 4680 quamvis
1428 4596 1461 4661 in

133 4700 288 4767 missione
303 4721 323 4765 a
340 4719 408 4786 qua
423 4697 523 4763 modo
538 4697 678 4764 reduces
695 4703 773 4764 sunt
787 4697 976 4786 potentiam
997 4698 1130 4763 Domini
1151 4697 1215 4763 sibi
1229 4702 1462 4768 communica·

133 4813 200 4874 tam
219 4806 348 4895 experti
364 4811 490 4885 essent,
515 4808 630 4870 tamen
648 4804 734 4872 adeo
750 4805 830 4871 lenti
850 4812 982 4871 suntet
1001 4803 1130 4871 debiles
1149 4805 1183 4870 in
1209 4805 1293 4889 fide,
1317 4813 1354 4873 ut
1371 4809 1461 4897 quod

135 4913 293 4981 Dominus
306 4913 376 4981 suis
396 4912 508 4979 verbis
526 4910 676 4980 insinuet
694 4911 790 4981 nullo
809 4911 913 4979 modo
928 4913 1078 5003 capiant.
1096 4910 1204 4978 atilli
1224 4914 1410 4982 nescientes
1427 4937 1461 4984 se
