3960 5654
755 397 845 442 urae.
863 382 912 448 lt,
936 380 1044 442 33-36.
1507 383 1565 444 385

239 532 272 588 ut
287 533 449 606 pateretur
464 535 496 588 et
511 529 640 590 Petrum
657 529 839 593 timiditatis
857 538 1014 608 arguerat,
1032 532 1088 590 sed
1101 536 1231 608 propter
1247 533 1499 593 infelicissimum
1516 535 1567 592 lu-

237 624 312 686 dam
326 632 357 686 et
372 627 555 688 scandalum
567 627 710 688 omnium
722 628 939 707 apostolorum
954 636 986 689 et
998 629 1198 688 eversionem
1211 630 1345 689 miserae
1359 633 1527 692 ierusalem
1541 657 1568 689 o.

236 721 397 784 Putabant
419 723 518 802 aliqui
542 730 684 804 spectare
708 727 746 786 ad
766 727 916 804 pietatem
936 733 968 786 et
988 726 1027 785 ad
1048 725 1162 784 Christi
1185 728 1332 804 gloriam,
1355 734 1387 786 ut
1408 736 1571 789 censeatur

237 821 324 880 lesus
339 838 401 879 non
417 821 557 884 doluisse
576 822 689 883 timore
709 822 864 902 patiendi,
886 825 941 883 sed
960 825 1065 882 solum
1081 825 1309 896 misericordia,
1328 832 1362 883 ut
1378 826 1402 882 si
1420 828 1569 902 possibile

237 917 320 978 foret
334 918 442 979 nullus
458 923 590 1000 periret,
610 920 880 996 quemadmodum
897 922 1013 980 dicitur
1028 940 1045 979 a
1062 923 1154 980 l'etro
1172 923 1247 981 Polo
1265 924 1455 999 qllansiones
1471 941 1572 982 inora-

239 1015 322 1076 lest.
339 1016 473 1077 amans.
492 1021 528 1078 ll
545 1036 576 1095 p.
594 1019 668 1090 33l;
686 1019 801 1097 hlatriti
819 1021 911 1090 173·st
926 1019 978 1095 qui
997 1019 1038 1076 ibi
1055 1019 1134 1076 alios
1147 1037 1277 1096 qouque
1294 1038 1350 1098 pro
1366 1038 1402 1078 ea
1418 1021 1572 1080 sententia

236 1111 376 1192 allegat).
393 1117 508 1176 Verum
525 1114 698 1175 cavendum
721 1121 767 1175 est
786 1132 824 1174 ne
844 1117 971 1193 pietatis
989 1122 1020 1175 et
1034 1115 1154 1192 gloriae
1176 1115 1290 1176 Christi
1310 1118 1337 1176 id
1357 1135 1424 1174 esse
1441 1119 1572 1177 arbitre-

237 1227 312 1270 mur
326 1212 411 1288 quod
426 1232 451 1273 s,
469 1213 584 1273 litteris
599 1230 663 1272 non
676 1212 856 1273 concordat.
877 1215 927 1275 Uti
943 1215 1004 1272 iam
1020 1215 1140 1283 monui,
1159 1213 1234 1291 quid
1252 1216 1339 1273 lesus
1356 1216 1482 1274 nomine
1497 1216 1572 1274 cali-

237 1307 285 1369 cis
308 1308 479 1389 intelligat,
503 1309 635 1370 indubie
659 1316 782 1371 constat
808 1311 892 1369 loan.
919 1313 1008 1376 18,st
1036 1317 1067 1370 et
1086 1312 1185 1370 etiam
1207 1311 1393 1388 metaphora
1413 1313 1518 1371 calicis
1542 1314 1572 1371 in

238 1406 310 1467 aliis
330 1407 425 1480 locis;
445 1407 515 1467 vide
531 1407 570 1467 ad
590 1410 690 1480 10,38.
711 1411 746 1468 Et
760 1407 838 1468 dum
856 1427 954 1468 unum
970 1410 1148 1468 affirmatur
1162 1411 1299 1469 alterum
1315 1427 1377 1469 non
1396 1417 1443 1468 est
1459 1428 1574 1488 negan-

237 1503 328 1565 dum.
345 1506 458 1565 'lhistis
472 1510 541 1565 erat
556 1512 685 1584 propter
700 1513 835 1566 mortem
855 1523 991 1583 eamque
1011 1506 1090 1566 adeo
1111 1507 1297 1566 horribilem
1315 1514 1346 1566 et
1364 1513 1410 1567 tot
1425 1509 1572 1567 cruciati-

236 1601 297 1662 bus
311 1607 444 1680 septam,
462 1619 545 1679 quae
561 1605 672 1680 utique
688 1604 817 1663 tristitia
832 1605 1027 1681 permultum
1042 1606 1217 1682 augebatur
1233 1605 1461 1682 ingratitudine
1475 1606 1574 1665 bomi-

236 1716 315 1761 num
329 1705 363 1760 et
375 1700 556 1777 perditione
570 1701 745 1762 multorum
767 1702 911 1780 praevisa
926 1709 958 1761 et
975 1703 1095 1779 ingenti
1117 1703 1247 1762 horrore
1265 1703 1304 1762 de
1326 1709 1371 1761 tot
1387 1705 1572 1775 sceleribus,

235 1814 316 1874 quae
333 1798 426 1874 quasi
442 1798 475 1856 in
490 1816 523 1858 se
538 1815 701 1861 assumere
717 1805 749 1858 et
764 1817 821 1877 pro
837 1801 955 1876 quibus
971 1800 1154 1859 satistacere
1168 1800 1280 1859 voluit.

275 1897 320 1955 De
342 1913 380 1955 ea
404 1896 531 1955 tristitia
551 1896 669 1968 ¹Christi
694 1895 835 1975 disputat
858 1898 972 1958 Sume:
1001 1898 1040 1956 ad
1066 1900 1084 1956 3
1112 1915 1142 1975 p.
1167 1897 1278 1958 'l'bom
1304 1916 1357 1975 qu.
1383 1901 1432 1967 46,
1454 1899 1572 1975 disput.

235 1994 274 2054 33
292 1999 371 2053 sect.
393 1995 413 2052 2
437 2012 468 2053 n.
491 1995 521 2064 6,
541 1994 638 2054 luisse
661 2011 729 2053 eam
752 2011 913 2054 summam
941 1997 970 2053 in
997 1997 1173 2054 intensione
1192 2001 1223 2055 et
1245 1997 1433 2065 acerbitate;
1462 2021 1476 2048 «
1503 2014 1573 2055 nam

235 2090 398 2151 obiectum
425 2091 494 2150 eius
516 2091 691 2151 secundum
715 2109 748 2151 se
775 2093 950 2152 maximum
978 2100 1060 2161 eral;
1083 2094 1223 2171 primum
1250 2111 1350 2161 mors,
1377 2094 1461 2170 quod
1494 2095 1575 2153 inter
1635 2138 1639 2145 .

236 2188 344 2249 omnia
357 2187 500 2248 humana
520 2189 602 2248 mala
622 2178 769 2249 censetur
784 2191 962 2249 maximum
984 2199 1011 2251 et
1036 2192 1066 2248 in
1084 2191 1207 2252 Christo
1227 2192 1401 2269 augebatur
1416 2209 1452 2250 ex
1468 2192 1573 2269 digui-

239 2291 302 2346 tate
318 2286 403 2346 vilae
420 2286 489 2346 eius
509 2304 590 2364 quae
612 2287 719 2347 divina
736 2293 802 2347 erat
821 2294 951 2367 propter
971 2289 1133 2348 unionem.
1153 2288 1315 2359 Secundo,
1331 2290 1446 2348 modus
1464 2291 1575 2348 mortis

237 2383 567 2463 ignominiosissimus
583 2390 615 2444 et
629 2386 852 2446 acerbissimus
872 2393 904 2445 et
922 2404 997 2445 cum
1016 2387 1085 2444 allis
1101 2386 1298 2463 gravissimis
1314 2386 1477 2446 doloribus
1499 2404 1573 2446 con·

237 2481 425 2555 iunctus...;
453 2484 558 2553 tertio,
590 2483 713 2544 accedit
742 2483 879 2562 perlecta
915 2491 947 2543 et
979 2484 1194 2543 intensissima
1226 2482 1435 2560 apprehensio
1464 2485 1574 2544 horum

238 2580 396 2652 omnium,
412 2597 494 2657 quae
511 2581 649 2640 maxime
665 2580 745 2640 solet
758 2582 921 2640 tristitiam
937 2582 1086 2640 excitare.
1104 2581 1233 2651 Quarto,
1250 2581 1393 2640 voluntas
1408 2587 1440 2640 et
1453 2584 1573 2660 appeti·

237 2682 290 2738 tus
308 2677 422 2738 Christi
443 2679 619 2755 permissus
638 2684 687 2738 est
706 2684 838 2738 naturae
855 2697 949 2742 suae.
965 2685 999 2738 ut
1013 2680 1096 2739 circa
1114 2680 1175 2738 tale
1191 2680 1352 2738 obiectum
1372 2680 1416 2739 sic
1433 2681 1575 2758 proposi-

237 2781 324 2854 tum,
338 2781 494 2852 quantum
509 2781 640 2836 naturae
660 2778 873 2853 propensione
895 2783 927 2836 et
945 2778 1085 2836 nlllcacia
1105 2784 1212 2854 posset
1230 2778 1470 2836 contristaretur
1484 2785 1514 2837 et
1529 2778 1575 2836 di-

238 2874 360 2934 vinitus
375 2874 491 2934 lactum
507 2879 570 2942 est,
589 2878 626 2933 ut
639 2890 720 2934 unus
736 2880 824 2934 actus
840 2875 938 2934 alium
955 2893 1018 2932 non
1037 2875 1224 2951 impediret,
1243 2891 1302 2934 nec
1313 2875 1465 2952 gaudium
1480 2876 1574 2935 unius

237 2972 338 3051 partis
354 2973 385 3031 in
401 2972 494 3031 aliam
509 2971 703 3032 redundaret
719 2989 776 3031 nec
794 2972 933 3049 denique
955 2972 1085 3049 aliquod
1104 2972 1192 3031 aliud
1208 2972 1356 3032 solatium
1373 2973 1573 3033 adhiberetur

165 3094 167 3098 ⁸
238 3069 324 3148 quod
347 3069 507 3128 tristitiam
529 3069 617 3128 illam
637 3077 741 3146 posset
761 3070 903 3130 minuere
925 3070 974 3128 vel
996 3070 1137 3129 levare...
1162 3071 1233 3129 l'uit
1253 3077 1362 3129 autem
1382 3072 1573 3130 corrreniens

238 3167 399 3229 Christum
419 3171 536 3227 tantam
558 3167 720 3226 tristitiam
741 3185 904 3226 assumere
926 3174 1057 3244 propter
1077 3169 1233 3227 maiorem
1254 3169 1472 3228 excellentiam
1496 3186 1571 3229 suae

238 3264 465 3326 satisfactionis
487 3265 583 3324 etiam
604 3282 640 3324 ex
665 3270 752 3342 parte
774 3283 893 3342 poenae
916 3272 1096 3342 assumptae
1117 3273 1149 3324 ct
1169 3270 1297 3343 propter
1315 3266 1495 3343 creinplum
1515 3284 1572 3326 no-

239 3367 339 3424 strum
361 3367 392 3423 el
409 3365 572 3440 praeterea
590 3367 624 3422 ut
644 3362 823 3423 evidentius
844 3364 1009 3422 raritatem
1028 3369 1158 3423 naturae
1178 3369 1356 3440 assumptae
1378 3364 1571 3424 ilernonstra-

238 3464 288 3521 ret
304 3484 332 3520 o,
351 3458 512 3520 Eiusmodi
533 3460 672 3519 rationes
687 3477 742 3520 cur
760 3460 895 3520 voluerit
917 3462 1033 3519 tristari
1056 3461 1200 3538 pluribus
1220 3468 1382 3538 exponunt
1399 3461 1482 3519 Inns.
1501 3481 1568 3540 cap.

239 3559 297 3619 137
318 3557 469 3618 Concord.
493 3555 572 3639 Lep.
590 3557 628 3618 ad
650 3558 756 3616 hlatth.
778 3560 827 3621 ab.
850 3556 938 3635 Spin.
959 3558 1012 3616 lili.
1031 3562 1049 3616 8
1067 3577 1136 3636 rap.
1156 3561 1175 3617 ᾖ
1195 3576 1249 3635 qu.
1272 3562 1373 3635 bseq.
1396 3565 1454 3619 etc.
1476 3562 1517 3619 lle
1535 3561 1570 3618 ti·

238 3673 327 3716 more
343 3662 375 3715 et
389 3655 518 3715 tristitia
537 3656 606 3715 lesu
625 3656 690 3732 agit
708 3655 821 3715 Serere:
842 3673 968 3732 quoquc
990 3659 1021 3714 in
1037 3661 1054 3713 :l
1073 3675 1102 3733 p.
1125 3658 1155 3716 S.
1175 3657 1285 3716 thom.
1302 3675 1353 3733 qu.
1374 3660 1408 3717 15
1430 3662 1484 3717 art.
1506 3661 1568 3718 let

238 3772 292 3832 qu.
311 3756 349 3813 18
364 3753 483 3831 disput.
505 3753 543 3813 38
559 3757 635 3813 sect.
650 3754 681 3812 3.
700 3753 869 3813 Decedam
887 3771 918 3813 re
937 3754 1075 3832 theologi
1093 3755 1270 3814 scholastici
1291 3760 1424 3814 tractant
1441 3757 1470 3813 in
1487 3773 1569 3815 com-

239 3852 407 3913 mentariis
421 3851 460 3910 ad
476 3853 493 3911 3
510 3851 628 3911 librum
650 3852 877 3911 sententiarum
898 3852 973 3909 dist.
998 3855 1049 3917 lh:
1069 3870 1105 3911 ex
1122 3853 1351 3912 recentioribus
1367 3853 1404 3911 cl.
1424 3851 1568 3932 llnppen-

238 3949 360 4024 bucher,
384 3951 440 4009 Die
470 3949 716 4027 lloerperleiden
744 3949 807 4009 und
831 3950 1204 4029 Gemiithsbcwegungeu
1228 3951 1359 4018 Christi,
1387 3951 1573 4011 Diisseldorl

238 4048 333 4121 18783
346 4049 507 4127 Stentrrqn
525 4047 564 4106 de
582 4046 685 4106 Verbo
700 4048 862 4106 incarnato
879 4048 903 4105 ll
918 4065 948 4123 p.
967 4050 1026 4107 aaa
1042 4066 1108 4124 seq.
1126 4049 1303 4125 tteniponte
1321 4052 1406 4108 lililz’.

279 4146 371 4206 llisce
387 4145 463 4205 locis
483 4150 605 4204 veteres
621 4161 745 4221 quoque
763 4145 934 4204 utebantur
952 4146 990 4204 ad
1012 4146 1210 4223 probandam
1231 4164 1337 4205 veram
1355 4152 1497 4205 naturam
1513 4147 1568 4207 hu·

238 4261 365 4306 rnanarn
384 4244 416 4302 in
431 4242 570 4314 Christo,
585 4242 630 4301 ita
648 4242 678 4302 S.
698 4244 834 4302 lustinus
854 4260 880 4302 c.
903 4244 1019 4321 'l'rypb
1041 4263 1070 4302 n.
1090 4247 1128 4303 titt
1141 4243 1195 4320 (tl.
1210 4246 1323 4311 unuin,
1339 4243 1369 4303 S.
1388 4245 1521 4303 llilarins
1536 4247 1568 4305 in

238 4343 420 4413 Ps.138‚3;
445 4340 484 4400 de
511 4340 621 4399 Trinil.
652 4342 740 4409 tout
764 4339 817 4418 (Ji.
841 4344 953 4410 uati-n
980 4346 1028 4404 lb.
1052 4343 1138 4418 :16132
1167 4342 1318 4420 origenes
1343 4360 1369 4400 c.
1397 4343 1475 4401 Cels,
1499 4346 1568 4411 2:³5

241 4437 295 4519 (ll.
314 4439 449 4517 lla-ts),
466 4439 496 4498 S.
518 4439 625 4497 Ambr.
644 4438 727 4497 llier.
750 4440 857 4516 Chrys.
875 4441 954 4498 l'ict.
973 4447 1004 4497 et
1027 4439 1108 4498 Beda
1123 4441 1221 4499 multa
1235 4440 1419 4517 complexus
1436 4441 1567 4500 scribit:

241 4537 302 4599 hoc
316 4537 395 4598 dixit
414 4536 509 4594 tristis
531 4543 573 4594 cst
594 4535 696 4594 mainan
714 4556 776 4595 rnen
798 4545 826 4596 ct
847 4537 1045 4596 llauiclracus
1067 4556 1129 4597 non
1151 4538 1299 4606 credidit,
1319 4538 1500 4597 l'arlcntinus
1518 4557 1569 4598 ne-

242 4638 338 4717 gavit,
356 4635 492 4695 hlarcion
511 4632 697 4713 phantasma
713 4635 876 4706 indicat-tn
896 4637 935 4694 cl.
961 4634 992 4692 S.
1012 4635 1096 4694 loau.
1115 4636 1249 4695 damasc.
1267 4636 1304 4696 de
1322 4636 1381 4696 side
1397 4638 1479 4696 ortlr.
1500 4639 1570 4708 3,·23

241 4735 296 4812 qui
312 4735 408 4795 etiam
421 4735 452 4794 S.
471 4732 675 4793 ¹ltbanasiunr
689 4750 745 4810 pro
760 4750 794 4793 ea
811 4750 842 4793 re
857 4733 971 4792 laudat.

696 4839 882 4888 lirinensium
902 4852 926 4887 m
945 4841 1023 4887 Mine.
1044 4846 1129 4889 -1!5.
