3960 5654
999 461 1091 506 uuac-
1110 446 1140 516 3,
1163 440 1269 500 2333.

473 597 535 647 cim.
553 599 595 652 td.
613 603 646 652 Et
658 601 747 650 lucrat
763 603 849 652 multa
860 615 1019 667 perpessas
1033 616 1109 652 com·

474 687 598 749 pluribus
627 689 742 740 medicis
767 694 795 741 ct
824 693 989 755 erogaverat
1015 693 1110 742 omnia

472 791 536 840 sua;
552 795 604 831 nec
624 778 775 843 quidquam
795 782 962 846 proiecerat,
985 782 1034 831 sed
1054 794 1108 830 ma·

472 871 514 931 gis
529 871 650 920 deterius
664 868 792 922 habebat.

507 960 550 1011 27.
575 960 666 1017 Quum
690 961 813 1011 audisset
832 961 866 1009 de
886 959 963 1016 lesu,
985 959 1108 1009 venitin

472 1050 552 1099 turba
566 1052 654 1106 retro,
673 1054 701 1099 et
719 1052 810 1112 tetigit
824 1050 1018 1098 vestimentum
1033 1049 1106 1104 eius;

472 1137 515 1189 38.
532 1136 647 1187 Dicebat
658 1140 753 1188 enim:
770 1138 843 1198 Quia
856 1139 880 1186 si
894 1139 939 1187 vel
958 1139 1107 1188 vestimen·

473 1231 530 1276 tum
545 1226 606 1274 eius
618 1227 750 1290 tetigero,
767 1226 845 1276 salva
856 1239 914 1277 ero.
932 1227 974 1278 tit.
992 1226 1026 1276 Et
1040 1237 1108 1274 con-

473 1314 564 1364 leslim
574 1315 695 1366 siccatus
707 1319 750 1366 est
760 1314 976 1378 lonssanguinis
989 1315 1064 1373 eirrs;
1081 1315 1109 1362 et

472 1404 561 1452 sensit
572 1416 687 1468 corpore
702 1406 768 1467 quia
782 1406 881 1453 sanata
895 1406 970 1455 essct
983 1417 1001 1453 a
1013 1403 1106 1467 plaga.

508 1491 550 1543 30.
573 1492 608 1542 Et
628 1494 721 1543 statim
740 1492 818 1542 iesus
842 1495 870 1541 in
891 1494 1042 1555 semetipso
1061 1504 1109 1541 oo·

471 1594 609 1643 gnoscens
621 1583 750 1632 virtulem
769 1594 841 1644 quae
862 1583 969 1632 exierat
991 1580 1026 1631 de
1045 1580 1107 1641 ilio,

471 1683 621 1720 conversus
634 1670 670 1720 ad
685 1669 808 1729 turbam,
826 1671 919 1720 aiebat
936 1684 942 1718 :
960 1669 1030 1729 Quis
1044 1671 1109 1720 teti·

471 1760 511 1822 git
529 1759 695 1808 vestimenta
719 1758 797 1808 mea?
816 1758 860 1808 31.
883 1759 917 1808 Et
936 1759 1065 1809 dicebant
1083 1760 1108 1809 ei

470 1847 597 1910 discipuli
611 1848 655 1896 sui
674 1861 682 1895 τ
698 1847 783 1898 Vides
799 1848 909 1897 turbam
923 1848 1108 1910 comprimen-

471 1942 526 1986 tem
541 1940 581 1992 te,
598 1940 626 1985 et
639 1936 730 1986 dicis:
747 1936 817 1995 Quis
832 1949 877 1986 me
892 1935 999 1999 tetigit?

506 2024 550 2075 it.
580 2025 614 2074 Et
642 2025 881 2088 circumspiciebat
910 2025 1005 2075 videre
1030 2037 1106 2083 eam,

469 2126 541 2177 quae
553 2112 729 2165 bocleoerat.
747 2114 789 2164 33.
808 2115 907 2164 Mulier
920 2126 987 2164 vero
1008 2115 1109 2164 timens

471 2205 498 2251 ct
512 2208 647 2260 tremens,
664 2204 755 2253 sciens
776 2202 970 2265 quodiacrum
987 2205 1061 2252 esset
1079 2205 1107 2251 in

470 2304 514 2349 se,
530 2294 607 2341 venii
621 2294 649 2341 et
670 2291 787 2354 procidit
803 2297 868 2342 ante
890 2304 967 2349 eum,
990 2296 1019 2341 et
1040 2291 1109 2340 dixit

469 2381 495 2429 oi
507 2392 619 2431 omnem
631 2383 785 2432 veritatem.
804 2380 848 2430 33.
863 2380 914 2430 ilio
928 2383 1021 2433 autem
1039 2380 1109 2430 dixit

469 2470 494 2518 ei
512 2482 517 2516 :
533 2469 616 2532 Filia,
631 2468 699 2520 sides
714 2472 762 2519 tua
776 2474 803 2520 te
817 2470 923 2520 salvam
939 2468 1023 2519 leoli:
1038 2468 1108 2519 vade

471 2560 498 2606 in
520 2571 603 2621 pace,
626 2563 654 2608 et
676 2562 737 2609 esto
756 2571 826 2608 sana
845 2571 862 2607 a
881 2558 965 2622 plaga
988 2561 1045 2608 tua.

505 2647 548 2696 35.
568 2647 667 2697 Adbuc
684 2648 865 2711 obloquente
882 2648 998 2698 veniunt
1014 2646 1048 2696 ab
1066 2659 1108 2695 ar·

469 2736 673 2799 chisynagogo.
700 2736 824 2786 dicentes
848 2749 853 2784 :
880 2735 952 2795 Quia
976 2734 1033 2784 filia
1061 2737 1108 2785 tua

467 2828 579 2875 mortua
591 2829 647 2880 est;
662 2825 728 2887 quid
740 2825 813 2874 ultra
826 2838 912 2874 vexas
927 2824 1108 2887 magistrum?

505 2913 548 2963 36.
576 2913 654 2963 lesus
678 2921 771 2964 autom
799 2912 896 2964 audito
924 2914 1009 2963 verbo
1033 2913 1108 2976 quod

469 3003 620 3061 dicebatur,
645 3004 684 3051 ait
703 3003 953 3065 archisynagogo:
979 3002 1044 3052 Noli
1072 3004 1108 3051 ti-

470 3105 559 3151 mere;
578 3092 770 3142 tantummodo
793 3091 884 3141 crede.
915 3091 958 3140 37.
992 3090 1027 3141 Et
1052 3104 1108 3141 non

469 3181 581 3231 admisit
591 3194 758 3244 quemquam
770 3182 904 3245 sesequi,
919 3181 973 3229 nisi
984 3180 1106 3239 Petrum,

470 3273 497 3318 ei
512 3269 655 3327 iacobum,
672 3272 701 3318 et
720 3269 854 3320 ioannem
875 3269 987 3319 lrairem
1004 3269 1106 3319 lacobi.

506 3358 548 3407 38.
571 3358 605 3407 Et
623 3359 739 3408 veniunt
759 3360 787 3407 in
811 3358 925 3408 domum
946 3359 1109 3419 archisyna-

469 3450 549 3510 ποθὴ
570 3452 599 3496 et
616 3447 691 3497 ridet
714 3448 879 3503 tumultum,
896 3450 924 3497 et
943 3445 1056 3505 tientes,
1081 3452 1108 3497 et

469 3537 605 3586 eiulantes
619 3536 745 3586 multum.

506 3625 548 3675 39.
570 3624 604 3675 Et
627 3627 770 3688 ingressus
790 3625 828 3674 ait
852 3624 907 3674 iilis
927 3638 934 3672 :
957 3624 1029 3683 Quid
1052 3631 1107 3673 tur-

469 3715 587 3773 bamini,
604 3718 632 3764 et
647 3712 777 3777 ploratis?
796 3713 891 3777 puella
904 3726 960 3763 non
980 3715 1022 3762 est
1036 3725 1107 3762 mor·-

471 3813 531 3858 ιιια,
547 3802 595 3852 sed
606 3803 718 3853 dormit.

506 3892 550 3942 iil.
567 3891 601 3940 Et
616 3891 767 3942 irridebant
779 3905 853 3941 eum.
866 3890 929 3954 Ipse
944 3903 1026 3950 vero,
1037 3894 1107 3941 eiec-

471 3981 660 4037 lisomnibus,
682 3983 798 4031 assumit
820 3985 926 4043 patrem
949 3983 977 4030 et
991 3984 1107 4029 matrem

470 4069 579 4133 puellae
589 4072 616 4119 et
630 4072 677 4133 qui
695 4083 789 4120 secum
804 4071 898 4129 erant,
912 4072 940 4118 et
955 4069 1109 4132 ingreditur·

469 4159 515 4208 ubi
528 4158 621 4221 puella
632 4162 695 4208 brat
706 4161 809 4209 iacens.

507 4247 548 4296 ii.
568 4247 601 4296 Et
622 4250 720 4297 tenens
737 4261 850 4297 manum
864 4246 974 4311 puellae
994 4248 1033 4295 ait
1048 4247 1106 4297 iiii:

470 4336 594 4395 Talium,
615 4337 702 4394 cumi;
720 4337 795 4399 quod
813 4339 856 4387 est
874 4338 1106 4399 interpretatum:

470 4426 564 4489 puelia
579 4425 637 4483 iiibi
652 4423 724 4488 dico)
740 4439 833 4489 surge.
851 4426 894 4476 it.
911 4425 945 4474 Et
961 4424 1108 4475 conlestim

471 4517 591 4564 surrexit
602 4514 710 4578 puella,
723 4520 750 4564 et
761 4515 922 4565 ambulabat
936 4512 1003 4578 (erat
1015 4519 1108 4564 autem

471 4616 607 4654 annorum
617 4602 771 4663 duodecimi
782 4617 788 4662 ;
801 4609 828 4653 ci
838 4604 1109 4668 obstupuerunistu·

471 4706 539 4755 pore
564 4706 675 4756 magno.
699 4692 740 4742 it.
764 4692 797 4741 Et
821 4695 962 4756 praecepit
982 4692 1038 4741 iliis
1063 4704 1109 4740 ve-

1744 445 1802 508 145

1159 589 1219 641 δεκα
1251 593 1310 658 ε’τη,
1345 593 1389 643 36.
1422 590 1465 642 καί
1497 590 1581 644 πολλά
1613 591 1723 644 παθοῦσα
1755 590 1803 646 lai

1159 677 1261 731 πολλῶν
1290 678 1395 748 ίατρῶν,
1420 679 1463 730 καί
1496 680 1658 736 δαπανήσασα
1679 680 1710 734 τὰ
1741 679 1804 752 παρ’

1159 767 1234 835 αὐτῆς
1251 770 1346 833 πάντα,
1366 766 1409 817 καὶ
1434 766 1511 836 μηδίν
1537 769 1709 838 ὠφεληθεῖσα,
1736 768 1803 822 άλλά

1159 857 1256 926 μᾶλλον
1286 854 1319 916 είς
1347 856 1376 907 τ“ο
1400 857 1486 926 χεῖρον
1510 854 1633 921 ἐλθοῦσα,
1657 863 1701 913 37.
1726 859 1803 913 ιίκού·

1157 964 1222 998 σασα
1250 945 1280 997 τά
1306 945 1361 1014 περὶ
1383 949 1427 996 τοῦ
1454 944 1553 1012 Ἰησοῦ,
1580 944 1685 999 ἐλθοῦσα
1716 947 1740 1000 έν
1766 954 1804 1020 τῷ

1157 1034 1230 1104 ὄχλῳ
1248 1034 1361 1097 ὄπισθεν,
1380 1034 1459 1104 isbaab
1473 1038 1517 1086 τοῦ
1533 1033 1632 1104 ἱματίου
1651 1033 1736 1088 atrot-
1755 1041 1802 1092 28.

1158 1123 1245 1193 έλεγεν
1263 1122 1321 1194 γάρ,
1339 1124 1378 1174 ὅτι
1392 1121 1434 1174 tin
1450 1123 1558 1194 ἅψωμαι,
1574 1124 1619 1175 κᾶν
1634 1129 1683 1177 τῶν
1697 1124 1803 1195 ipatius

1157 1211 1233 1265 αύτού
1251 1212 1408 1281 σωθήσομαι.
1427 1215 1473 1266 29.
1498 1212 1541 1264 καί
1563 1211 1631 1274 alib<
1649 1213 1768 1284 έξηράνθη
1787 1213 1802 1280 i]

1157 1299 1226 1371 πηγὴ
1241 1306 1286 1353 τοῦ
1300 1302 1406 1371 αἵματος
1418 1300 1506 1367 σύτής,
1522 1301 1564 1353 καί
1578 1300 1645 1369 ἔγνω
1658 1307 1694 1373 τῷ
1707 1305 1804 1373 σώματι

1157 1392 1197 1443 δτι
1215 1388 1283 1442 ίαται
1301 1389 1350 1443 άπδ
1368 1394 1412 1456 τῆς
1428 1391 1557 1459 Ιοιάστιγος.
1578 1394 1622 1445 30.
1643 1390 1690 1442 Καί
1703 1389 1804 1454 εύθύςθ

1159 1479 1254 1545 Ἰησοῦς
1287 1477 1401 1549 έπιγυοὶις
1433 1478 1459 1532 έν
1498 1477 1578 1550 ίαυτῷ
1604 1478 1649 1545 τήν
1681 1480 1704 1542 i}
1729 1480 1804 1534 αύτοῦ

1157 1567 1262 1639 δύναμιν
1305 1567 1468 1633 ἐξελθοῦσαν,
1508 1567 1659 1640 ἐπιστραφείς
1698 1569 1723 1623 έν
1769 1576 1805 1642 τῷ

1158 1656 1246 1727 ὄχλῳ,
1272 1655 1359 1727 ίλιγε,
1378 1657 1421 1718 Τίς
1444 1675 1492 1726 μου
1515 1657 1591 1728 ήψατο
1614 1663 1663 1711 τῶν
1682 1657 1802 1730 ίριατίωνς

1160 1750 1204 1800 tl.
1235 1745 1278 1798 καί
1306 1745 1395 1816 ίλιγον
1424 1744 1491 1817 αύτῷ
1518 1747 1542 1799 οί
1576 1748 1685 1818 μαθηταί
1712 1747 1802 1812 αύτού,

1160 1834 1260 1896 Βλέπεις
1278 1834 1322 1887 τὀν
1340 1835 1421 1905 ὄχλον
1445 1834 1612 1888 συνθλίδοντά
1635 1855 1677 1904 σε,
1701 1838 1743 1889 καί
1759 1836 1804 1891 λί-

1158 1943 1222 1993 γεις,
1242 1925 1287 1985 Τίς
1310 1943 1357 1993 μου
1376 1924 1469 1994 atara
1498 1927 1542 1978 33.
1567 1924 1609 1977 καί
1633 1925 1804 1995 πιριεθλύπετο

1159 2011 1220 2065 ίδεῖν
1239 2010 1285 2077 τήν
1309 2017 1383 2065 τοῦτο
1408 2012 1558 2077 ποιήσασαν.
1589 2017 1632 2069 33.
1651 2013 1667 2080 ἡ
1686 2013 1713 2067 oi
1739 2014 1802 2082 γυνὴ

1157 2101 1296 2171 φοθηθεῑσα
1323 2102 1366 2153 καί
1387 2103 1523 2173 τρέμουσα,
1554 2101 1632 2154 εἰδυῖα
1653 2105 1668 2156 δ
1697 2105 1800 2174 γέγονεν

1158 2188 1234 2261 αὕτη,
1259 2187 1335 2258 ήλθεν
1363 2191 1405 2242 τισὶ
1427 2191 1572 2261 προσέπεσεν
1594 2191 1674 2264 αύτῷ,
1698 2193 1740 2245 καί
1764 2191 1802 2247 εἷ·

1158 2298 1202 2332 πεν
1227 2278 1295 2350 αύτῷ
1318 2283 1400 2332 πᾶσαν
1435 2277 1480 2344 τήν
1514 2278 1642 2345 άλήθειαν.
1673 2285 1717 2335 al.
1740 2282 1755 2335 θ
1777 2283 1804 2336 oi

1158 2366 1228 2421 εἶπεν
1252 2368 1329 2439 αὐτῇ,
1354 2368 1483 2438 θυγάτηρ,
1508 2367 1524 2435 ἡ
1548 2370 1625 2431 πίστις
1649 2389 1692 2423 σου
1715 2373 1804 2427 σέσωκέ

1158 2475 1196 2510 σε·
1216 2457 1295 2527 ύπκγε
1320 2456 1353 2519 εἰς
1377 2456 1488 2528 εἰρήνην,
1518 2457 1561 2509 καὶ
1584 2456 1634 2511 ἴσθι
1660 2458 1729 2531 ύγιὴς
1752 2460 1803 2515 άπδ

1158 2551 1201 2612 τῆς
1220 2548 1341 2616 μάστιγάς
1360 2566 1416 2601 σου.
1438 2550 1482 2601 35.
1509 2545 1567 2600 Ἔτι
1590 2547 1664 2601 σύτοῦ
1691 2548 1803 2602 λαλοῦν·

1157 2655 1213 2697 τος,
1239 2635 1357 2705 ἔρχονται
1380 2633 1429 2688 άπδ
1453 2640 1494 2688 τοῦ
1518 2635 1738 2708 άρχισυνσγώγου,
1758 2639 1802 2693 λέ-

1157 2743 1257 2795 γοντες,
1278 2723 1350 2790 tab
1371 2725 1480 2794 θυγάτηρ
1499 2744 1542 2778 σου
1569 2724 1698 2780 ἀπέθανεν·
1724 2727 1747 2780 τί
1766 2726 1803 2781 ίτι

1157 2813 1273 2875 σκύλλεις
1294 2815 1338 2867 τίον
1361 2813 1513 2866 διδάσκαλον
1520 2831 1527 2878 ;
1555 2818 1598 2869 36.
1623 2815 1637 2867 θ
1660 2815 1687 2868 δὲ
1708 2816 1803 2882 Ἰησοῦς

1157 2903 1314 2973 παρακούσας
1332 2904 1375 2955 τὀν
1395 2904 1470 2973 λόγον
1490 2903 1533 2956 τδν
1556 2902 1711 2974 λαλούμενον
1734 2905 1803 2977 λέγει

1159 2999 1195 3063 τῷ
1216 2991 1433 3063 ἀρχισυναγώγῳ,
1458 2990 1502 3057 Μή
1532 2992 1624 3062 podda,
1651 2998 1728 3064 μόνον
1757 2996 1801 3048 πί-

1159 3100 1239 3134 στευε.
1257 3086 1301 3136 37.
1322 3083 1364 3134 καὶ
1382 3081 1425 3133 ούκ
1438 3079 1530 3151 άρῆκεν
1549 3079 1635 3136 ούδένσ
1655 3082 1712 3152 μετ’
1727 3083 1801 3138 αὐτοῦ

1158 3170 1387 3237 συνακολουθῆσαι,
1407 3168 1428 3221 εί
1451 3167 1485 3240 μή
1509 3169 1552 3222 τδν
1576 3171 1667 3242 Πέτρον
1686 3173 1727 3225 καί
1749 3171 1800 3225 Ἰά-

1158 3260 1240 3312 autor
1264 3260 1306 3312 καὶ
1328 3258 1449 3326 Ἰωάννην
1468 3260 1512 3312 τδν
1537 3259 1642 3330 άδελρδν
1671 3259 1799 3318 Ἰακώθου.

1159 3353 1202 3404 38.
1233 3349 1273 3401 καί
1298 3348 1415 3419 ἔρχονται
1441 3347 1475 3410 είς
1493 3348 1537 3401 τὸν
1562 3347 1634 3403 οἶκον
1661 3355 1704 3403 τοῦ
1729 3351 1802 3422 άρχι·

1157 3441 1319 3508 συναγώγου,
1337 3439 1379 3489 καὶ
1393 3439 1484 3508 θεωρεῖ
1499 3438 1619 3507 θάρυθον,
1635 3440 1677 3492 καὶ
1699 3440 1802 3494 κλαίον-

1158 3546 1201 3589 τας
1231 3527 1273 3580 καί
1300 3525 1472 3589 ἀλαλάζοντας
1494 3527 1587 3582 πολλά.
1614 3533 1658 3584 39.
1686 3528 1728 3582 καί
1750 3529 1802 3584 εἰσ-

1158 3616 1236 3668 ελθὼν
1277 3616 1346 3686 λέγει
1387 3615 1483 3680 αύτοῖς,
1522 3616 1553 3668 Τι’
1589 3617 1729 3688 θορυδιῖσθε
1761 3622 1803 3672 καί

1157 3704 1271 3767 κλαίετε;
1307 3706 1334 3757 :i
1371 3706 1468 3758 παιδίον
1499 3703 1543 3758 oba
1571 3705 1701 3771 ἀπέθανεν,
1735 3707 1802 3761 αἰλλά

1157 3790 1281 3848 καθεύδει.
1312 3798 1355 3848 iii.
1384 3794 1425 3846 καὶ
1452 3794 1594 3864 κατεγέλων
1621 3797 1702 3849 αὑτοῦ.
1731 3796 1804 3860 οὗτος

1157 3882 1184 3934 δέ
1210 3880 1323 3935 έκθαλὼν
1342 3883 1449 3947 πάντας,
1474 3883 1663 3954 παραλαρθάνει
1685 3886 1727 3937 τδν
1753 3905 1802 3940 πα·

1158 3972 1215 4040 τέρα
1243 3977 1287 4024 τοῦ
1315 3973 1413 4025 παιδίου
1441 3971 1483 4023 καὶ
1509 3972 1551 4037 τὴν
1577 3975 1669 4044 μητέρα
1688 3975 1729 4026 καὶ
1746 3976 1803 4039 τούς

1159 4058 1218 4131 μετ’
1252 4059 1345 4124 αὺτοῦ,
1374 4061 1416 4112 καὶ
1445 4060 1610 4132 εἰσπορεύεται
1639 4064 1699 4116 ύπου
1727 4060 1755 4131 ήν
1773 4066 1803 4119 τὸ

1158 4150 1266 4203 παιδίον.
1297 4153 1341 4204 li.
1367 4150 1408 4201 zai
1431 4150 1554 4220 κρατήσας
1580 4155 1623 4217 τῆς
1650 4153 1732 4222 χειρὸς
1760 4160 1804 4207 τοῦ

1158 4239 1271 4300 παιδίου,
1300 4237 1370 4303 λέγει
1406 4237 1485 4310 αύτῇ,
1515 4240 1640 4303 Ταλειθά,
1681 4242 1754 4314 κούμ·
1788 4246 1802 4298 ὅ

1158 4325 1211 4380 έστι
1247 4328 1508 4398 μεθερμηνευόμενον,
1536 4329 1572 4381 Τδ
1595 4332 1724 4399 κοράσιον,
1754 4334 1804 4402 (σοί

1158 4417 1253 4488 λέγω,)
1287 4416 1376 4486 ἔγειρε.
1413 4420 1455 4473 it.
1493 4418 1535 4470 καί
1562 4417 1631 4479 rita
1658 4420 1745 4488 άνέστη
1774 4425 1804 4477 τδ

1158 4508 1275 4576 κοράσιον
1316 4506 1359 4557 καὶ
1393 4507 1542 4576 περιεπάτει·
1586 4504 1615 4574 ἧν
1654 4510 1702 4580 γὰρ
1740 4510 1802 4566 έτῶν

1158 4596 1264 4648 δώδεκα·
1281 4594 1323 4646 καὶ
1338 4593 1464 4662 ἐξέστησαν
1480 4595 1548 4658 εύθύς
1564 4596 1675 4651 ἐκστάσει
1694 4600 1802 4674 μεγάλη,

1160 4689 1205 4740 li.
1244 4685 1285 4736 καὶ
1322 4683 1476 4738 διεστείλατο
1514 4685 1597 4748 αύτοῖς
1636 4687 1733 4754 πολλὰ,
1760 4691 1804 4744 ἵνα

472 4781 618 4831 irenrenter
643 4786 674 4833 ut
701 4793 783 4831 nemo
809 4781 837 4831 ld
868 4783 965 4841 sciret;
991 4784 1018 4830 et
1041 4780 1111 4830 dixit
1160 4775 1244 4844 μηδεὶς
1272 4777 1334 4842 γνοῖ
1366 4779 1449 4827 τοῦτο·
1480 4775 1522 4827 καὶ
1544 4773 1613 4828 εἶπεν
1643 4778 1744 4844 δοθῆναι
1763 4780 1803 4834 αὗ-

471 4870 531 4920 dari
554 4871 594 4920 illi
616 4871 791 4922 manducare.

1159 4867 1192 4934 τῇ
1209 4866 1309 4934 ραγεῖν.

921 4967 1106 5015 Knanmmuen
1124 4975 1149 5013 m
1166 4963 1252 5012 Hanc.
1270 4989 1301 4998 —
1321 4968 1356 5011 io,
