3960 5654
1046 481 1141 529 aare.
1165 469 1262 538 aaa
1780 464 1817 522 ev

488 626 551 680 non
574 622 733 701 potuisse;
755 635 828 678 cum
850 623 936 684 enim
959 623 1107 695 sequatur
1126 618 1213 688 καθώς
1227 626 1313 694 sicut,
1335 618 1367 677 id
1389 618 1477 697 quod
1496 618 1529 678 in
1548 614 1654 694 priore
1674 618 1819 677 membro

487 720 662 780 sententiae
683 717 898 794 supplendum
914 723 961 779 est
980 733 1037 793 per
1055 734 1089 777 se
1107 717 1296 797 intelligitur
1315 721 1347 775 et
1367 716 1436 794 ipsa
1455 717 1514 776 hac
1529 730 1607 776 voce
1624 712 1730 772 statim
1744 731 1819 793 sug-

485 817 615 894 geritur·
633 817 799 877 Praeterea
818 821 947 896 propter
961 813 1047 881 καθώς
1062 816 1171 877 locum
1188 813 1361 895 praedicati
1379 830 1443 886 non
1459 814 1583 873 obtinet
1597 812 1730 892 verbum
1745 828 1817 883 cue,

485 915 541 975 sed
556 912 662 991 potius
673 911 704 972 id
715 915 800 992 quod
816 933 854 974 ex
868 910 955 976 καθώς
968 912 1001 971 in
1015 916 1134 990 protasi
1153 931 1210 991 per
1226 929 1260 972 se
1280 910 1464 989 suppletur3
1479 928 1565 980 narn,
1578 915 1613 970 ut
1625 912 1707 970 hene
1720 905 1751 967 Ε
1752 907 1817 966 uti.

486 1010 591 1081 habet,
609 1008 731 1089 integra
748 1010 904 1073 sententia
920 1014 1022 1071 esset:
1035 1011 1165 1092 ἀρχὴτῆς
1178 1009 1237 1075 νέας
1249 1007 1403 1084 νομοθεσίας
1418 1005 1488 1066 οὕτω
1500 1004 1614 1084 γέγονεν,
1625 990 1661 1072 ire
1671 1008 1820 1083 γέγραπται

483 1109 510 1165 iv
530 1113 584 1171 τοῖς
604 1108 761 1189 προφήταις,
781 1106 830 1167 vel
852 1107 971 1167 utiam
993 1107 1072 1170 Inar.
1097 1108 1142 1168 ait
1162 1126 1169 1167 :
1191 1107 1320 1167 initium
1347 1104 1505 1183 evangelii
1527 1104 1588 1164 tale
1609 1104 1683 1177 luit,
1705 1105 1820 1182 inqua

483 1206 640 1266 sententia
653 1226 715 1268 esse
730 1209 839 1266 manet
858 1205 973 1282 copula
989 1205 1238 1285 grammaticalis
1257 1222 1338 1283 quae
1357 1204 1469 1264 deesse
1485 1207 1591 1280 potest
1607 1205 1638 1261 et
1655 1200 1818 1278 praedica-

484 1305 554 1361 tum
567 1305 756 1384 exprimitur
776 1303 808 1362 in
827 1300 894 1359 otro
909 1303 980 1363 rate.
995 1303 1096 1375 Quare
1113 1305 1212 1382 tleyer
1231 1300 1315 1362 haud
1336 1301 1500 1362 immerito
1516 1299 1651 1360 advertit
1670 1296 1819 1378 supplere

483 1388 515 1469 ἦν
530 1416 599 1462 esse
613 1417 882 1481 supervacaneum
897 1406 929 1460 et
943 1401 1069 1462 olttcerc
1084 1391 1193 1480 generi
1209 1399 1369 1459 sermonis
1384 1398 1513 1459 conciso
1529 1400 1561 1457 et
1572 1413 1718 1456 nervoso.

526 1577 731 1644 Testimonio
751 1578 948 1643 versionum
968 1583 1001 1644 et
1014 1577 1175 1644 codicum
1196 1576 1268 1642 iere
1285 1574 1441 1642 omnium
1460 1573 1554 1665 (vide
1573 1575 1650 1640 lect.
1670 1571 1758 1660 var.)
1773 1570 1820 1638 le·

484 1683 635 1769 gendum
652 1689 703 1750 est
722 1684 757 1748 in
775 1706 807 1750 v.
829 1691 843 1750 l
861 1682 942 1750 Filii
961 1684 1025 1751 Dei
1029 1703 1044 1767 ;
1066 1684 1157 1750 hanc
1171 1682 1252 1749 addi
1266 1681 1532 1772 appellationem
1547 1701 1683 1748 neeesse
1698 1685 1772 1746 erat
1787 1684 1822 1744 et

485 1811 549 1878 pro
564 1789 697 1857 ludaeis
710 1795 744 1855 et
764 1812 826 1878 pro
843 1789 1046 1876 gentilibuS,
1066 1790 1156 1856 hanc
1167 1789 1249 1856 addi
1266 1811 1286 1855 a
1300 1790 1391 1855 Petri
1405 1788 1527 1855 comite
1544 1787 1604 1876 qui
1617 1786 1705 1853 Petri
1719 1806 1819 1875 prae-

483 1893 687 1962 dicationem
701 1895 823 1962 litteris
838 1897 1091 1983 consignaverit
1106 1918 1145 1963 eo
1160 1895 1291 1985 potiore
1305 1896 1380 1961 iure
1393 1900 1642 1983 exspectamus,
1659 1893 1741 1982 quia
1759 1893 1817 1957 Pe·

482 2006 555 2068 trus
574 2024 656 2091 prae
677 2003 752 2069 aliis
767 2003 836 2068 iam
852 2010 930 2069 ante
945 2007 1016 2070 lesu
1040 2009 1186 2069 mortem
1206 2023 1285 2068 eum
1300 2001 1387 2068 adeo
1401 2001 1611 2067 sollemniter
1625 1998 1744 2065 Filium
1763 1998 1819 2064 Dei

486 2107 653 2196 professus
672 2114 738 2192 est,
765 2108 856 2175 unde
879 2108 1023 2175 eandem
1048 2115 1122 2176 lesu
1141 2114 1303 2176 naturam
1323 2107 1477 2175 divinam
1502 2108 1539 2173 in
1564 2104 1819 2196 praedicatione

482 2214 649 2300 singulari
673 2215 774 2282 modo
796 2215 1015 2305 proposuisse
1035 2222 1167 2282 certum
1188 2237 1324 2305 quoque
1344 2221 1404 2281 est.
1426 2218 1517 2281 Hanc
1536 2212 1688 2280 additam
1707 2232 1778 2278 esse
1798 2233 1820 2278 a

483 2324 590 2386 Marco
604 2344 643 2388 ex
657 2343 697 2388 eo
717 2323 858 2411 insuper
873 2321 1152 2389 concludendum
1167 2327 1232 2405 est,
1248 2323 1331 2411 quia
1346 2328 1436 2387 totus
1453 2322 1487 2386 in
1502 2343 1542 2386 eo
1555 2327 1606 2386 est
1619 2325 1655 2385 ut
1667 2340 1729 2385 sua
1742 2340 1818 2384 nar·

483 2427 612 2494 ratione
624 2428 779 2494 ostendat
790 2450 949 2517 supremo
959 2433 1032 2496 lesu
1044 2427 1200 2495 dominio
1218 2428 1334 2494 omnia
1344 2433 1378 2495 et
1386 2428 1477 2516 ipsos
1489 2440 1625 2515 quoque
1637 2425 1820 2492 daemones

481 2554 552 2599 esse
567 2532 735 2602 subiectos
749 2534 808 2617 (cf.
829 2534 992 2625 Cornely,
1009 2535 1137 2603 lutrod.
1156 2539 1242 2626 lllp.
1262 2535 1353 2623 105),
1371 2533 1514 2624 proinde
1528 2554 1606 2600 eum
1617 2554 1687 2599 esse
1703 2552 1819 2598 revera

485 2639 605 2706 lilium
625 2641 698 2721 Dei;
721 2649 900 2732 praeterea
917 2643 1032 2708 statim
1051 2641 1087 2709 in
1107 2665 1139 2708 v.
1165 2647 1184 2708 3
1204 2654 1332 2731 parate
1353 2640 1448 2707 viam
1467 2638 1608 2707 Domini
1626 2639 1681 2727 (ls.
1707 2644 1785 2720 tua
1806 2620 1815 2706 ἐ

483 2745 573 2813 viam
590 2747 705 2836 lahve)
720 2749 792 2816 eiua
806 2756 931 2815 natura
947 2748 1067 2815 divina
1083 2748 1289 2816 affirmatur.
1309 2753 1440 2814 Novum
1455 2747 1576 2814 foedus
1591 2768 1631 2813 eo
1646 2744 1747 2811 modo
1764 2745 1818 2810 in-

483 2851 620 2920 ducitur
633 2855 724 2920 sicut
738 2855 903 2945 scriptum
918 2867 985 2936 est,
1002 2857 1091 2922 sicut
1107 2855 1254 2922 oraculis
1276 2854 1484 2945 propheticis
1498 2859 1571 2919 erat
1590 2851 1814 2942 praedictum.

482 2958 592 3026 Verba
619 2961 810 3028 afferuntur
830 2984 870 3028 ex
892 2963 965 3030 llal.
988 2968 1044 3044 3‚1
1066 2968 1099 3029 et
1120 2963 1208 3031 inv.
1229 2969 1249 3029 3
1269 2985 1309 3029 ex
1332 2967 1372 3028 ls.
1396 2968 1488 3043 t0,3.
1509 2961 1624 3027 Priore
1640 2959 1715 3024 loco
1732 2958 1816 3043 legi·

481 3069 536 3131 tur
555 3087 564 3134 :
586 3088 662 3133 ecce
681 3089 748 3154 ego
767 3068 866 3134 mitto
886 3068 1050 3155 angelum
1074 3090 1192 3135 meum
1212 3056 1327 3169 (³33³th
1347 3069 1507 3134 nuntium
1523 3067 1652 3151 meum)
1668 3072 1702 3132 et
1716 3086 1818 3154 prae-

479 3182 617 3270 parabit
632 3183 724 3249 viam
739 3194 817 3250 ante
832 3184 954 3251 faeiem
971 3205 1098 3266 meam;
1120 3183 1306 3274 respondet
1323 3183 1397 3251 scil.
1415 3182 1578 3249 Dominus
1594 3182 1719 3273 populo
1733 3202 1817 3247 con·

480 3290 635 3376 querenti
664 3310 671 3356 :
694 3290 754 3356 ubi
774 3295 824 3357 est
850 3296 935 3358 Deus
954 3290 1092 3372 iudicii,
1114 3313 1178 3380 per
1200 3313 1305 3379 quem
1323 3291 1395 3357 scil.
1417 3312 1458 3356 ex
1482 3289 1606 3356 misera
1624 3287 1817 3354 conditione

478 3396 585 3484 erepti
595 3396 768 3484 promissis
780 3398 955 3463 messionis
964 3396 1146 3464 donentur.
1163 3398 1327 3464 Dominus
1339 3402 1455 3464 autem
1465 3394 1817 3483 coufirmatpromissa

479 3501 648 3568 messiane
661 3508 762 3591 atque
779 3503 814 3568 id
835 3502 934 3569 addit
950 3504 1179 3593 praemissum
1199 3504 1242 3570 iri
1261 3524 1520 3593 praecursorem
1535 3503 1594 3591 qui
1608 3501 1817 3568 Dominatori

479 3613 622 3674 venturo
646 3609 736 3675 viam
753 3617 850 3698 paret
869 3609 963 3699 (vide
987 3633 1075 3699 quae
1097 3610 1168 3677 dixi
1190 3611 1225 3677 in
1251 3614 1442 3677 comment.
1467 3610 1505 3675 in
1528 3608 1652 3699 proph.
1679 3609 1763 3673 min.
1789 3611 1815 3672 ll

478 3734 513 3802 p.
532 3715 620 3802 t66).
638 3717 722 3780 Cum
737 3719 845 3783 lesum
861 3717 1074 3803 evangelista
1088 3716 1216 3783 dixerit
1237 3716 1366 3784 Filium
1384 3717 1454 3798 Dei,
1471 3716 1623 3806 apposite
1639 3714 1743 3781 verha
1757 3712 1819 3780 illa

478 3821 527 3886 itu
545 3825 762 3910 attemperat,
792 3830 829 3888 ut
848 3827 946 3889 Pater
966 3824 1025 3912 qui
1046 3824 1149 3890 mittit
1168 3824 1295 3890 Filium
1315 3823 1458 3914 loquens
1476 3823 1535 3889 fiat
1553 3821 1596 3889 ad
1617 3822 1735 3887 Filium
1757 3820 1813 3911 (cf.

478 3913 606 3993 llatth.¹
623 3929 748 4015 ll,10).
778 3929 864 3995 llisit
891 3935 1006 3996 autem
1032 3929 1195 3996 Dominus
1225 3935 1386 3996 loannem
1411 3932 1586 4008 nuntium,
1613 3929 1664 3994 uti
1692 3927 1818 3994 dieitur

480 4038 630 4114 Luc.'3,2
646 4034 771 4100 iactum
792 4043 842 4101 est
857 4036 999 4102 verbum
1017 4037 1150 4103 Domini
1169 4059 1272 4126 super
1287 4042 1469 4119 loannem,
1486 4059 1525 4103 eo
1539 4036 1611 4103 scil.
1631 4034 1733 4101 modo
1748 4056 1816 4123 quo

479 4139 666 4229 prophetae
687 4163 708 4206 a
722 4145 788 4207 Deo
802 4141 885 4228 eligi
908 4164 947 4209 ac
966 4142 1057 4209 mitti
1077 4143 1317 4233 perhibentur,
1343 4151 1376 4210 et
1396 4150 1433 4209 ut
1451 4144 1523 4233 ipse
1544 4147 1686 4208 loannes
1706 4140 1813 4208 dicit:

479 4246 538 4333 qui
550 4245 641 4312 misit
654 4269 706 4313 me
719 4247 894 4338 baptizare
908 4251 1011 4333 (loun.
1028 4251 1132 4340 lau).
1144 4255 1190 4317 Ex
1202 4255 1241 4317 ls.
1257 4256 1336 4333 t0‚3
1348 4251 1516 4340 petiturv.
1529 4257 1626 4316 3va
1636 4247 1817 4315 eluctantis

477 4351 514 4417 in
527 4350 657 4418 deserto
674 4375 685 4419 :
694 4368 818 4444 parate
832 4357 926 4421 viam
943 4357 1094 4436 Domini,
1110 4370 1219 4424 rectus
1231 4358 1337 4446 facite
1350 4357 1487 4424 semitas
1501 4356 1590 4435 eius,
1606 4378 1693 4444 quae
1711 4355 1817 4421 verba

478 4460 523 4539 ab
547 4459 706 4526 omnihus
729 4464 948 4549 evangelistis
975 4462 1017 4530 de
1042 4468 1165 4532 loanne
1190 4465 1407 4554 explicantur
1430 4469 1464 4530 ct
1484 4485 1572 4553 quae
1593 4467 1733 4529 loannes
1746 4463 1816 4551 ipse

478 4566 521 4636 de
534 4588 568 4632 se
581 4565 663 4632 dicit
678 4567 734 4655 (ci.
750 4571 864 4636 llatth.
882 4576 951 4652 3,3.
969 4575 1047 4638 Luc.
1066 4579 1135 4653 3,t.
1153 4576 1243 4639 loen.
1267 4575 1371 4658 133).
1389 4571 1429 4637 lis
1444 4572 1572 4660 quippe
1588 4569 1700 4636 verbis
1714 4569 1815 4636 isaias

480 4675 659 4740 annuntiat
681 4676 859 4742 Dominum
874 4680 932 4765 qui
956 4678 1121 4767 populum
1140 4701 1239 4745 suum
1255 4701 1274 4745 e
1291 4678 1453 4745 servitute
1473 4676 1517 4745 ad
1539 4675 1760 4744 hereditatem
1783 4682 1816 4743 et

480 4779 673 4847 libertatem
688 4780 899 4850 adducturus
914 4785 975 4866 sit;
991 4784 1087 4851 illam
1103 4793 1215 4852 autem
1238 4785 1430 4852 libertatem
1450 4806 1520 4852 esse
1542 4783 1813 4872 redemptionem

480 4887 695 4968 messianum,
718 4890 886 4978 propheta
906 4891 1021 4958 statim
1044 4892 1135 4959 clare
1153 4891 1281 4960 indicat
1305 4916 1338 4958 v.
1361 4900 1380 4960 5
1398 4915 1406 4961 :
1424 4899 1458 4960 et
1480 4891 1687 4958 revelabitur
1703 4892 1816 4978 gloria

1633 5172 1838 5296 Α
