3960 5654
893 330 984 374 rinc.
1008 311 1058 383 lt,
1082 310 1188 371 lure.
1643 310 1701 369 ³13

369 461 487 530 Filium
508 460 671 529 occisione
691 485 759 529 non
779 462 907 551 privari
929 460 1136 538 hereditate3
1163 461 1230 526 hoc
1250 459 1342 524 enim
1357 459 1525 545 siguificat
1539 461 1702 526 adiuncta

370 569 549 659 prophetia
567 565 609 633 de
626 572 741 637 Messia
757 567 821 634 sub
837 567 1039 657 metaphora
1053 565 1178 656 lapidis
1191 589 1223 630 v.
1245 572 1285 631 10
1303 586 1364 630 nec
1383 566 1594 654 Scripturaur
1614 566 1703 633 honr

368 676 520 763 lepr‘stis?
537 664 605 736 οὐδὲ
625 683 689 742 etc.
710 676 786 759 lege
808 697 870 764 per
893 675 1201 760 interrogationem
1222 680 1256 738 et
1276 672 1408 761 explica
1427 695 1434 738 :
1453 694 1532 737 num
1552 695 1593 737 ne
1615 674 1706 739 hunc

368 781 506 871 quidem
533 783 729 871 Scripturae
755 779 869 847 locum
895 781 1047 867 legistis?
1065 777 1167 869 γραφή
1186 781 1289 844 etiam
1319 779 1361 844 de
1385 779 1465 844 locis
1487 779 1632 864 singulis
1652 778 1705 844 di-

367 890 470 965 citur3
502 887 546 954 ci.
581 892 659 955 Luc.
691 892 782 966 tm.
809 892 899 954 loan.
929 893 1041 965 19,37.
1069 892 1141 952 Act.
1172 892 1267 968 1,16;
1300 892 1396 963 8‚35;
1428 885 1574 974 lapidem
1603 906 1704 974 quem

367 991 633 1081 reprobaverunt
659 992 896 1080 aedificantur,
927 991 981 1058 tic
1004 995 1119 1080 factrus
1146 1004 1195 1058 est
1227 992 1263 1056 in
1297 992 1559 1080 caputouquli;
1583 994 1706 1080 inqua

367 1098 593 1187 applicatione
620 1098 841 1167 aedificantes
874 1106 953 1166 suut
988 1099 1012 1164 ii
1046 1100 1105 1188 qui
1135 1099 1361 1164 theocratiam
1388 1105 1536 1164 veterem
1567 1119 1704 1186 promo-

367 1227 446 1271 vere
473 1213 506 1273 et
526 1206 690 1297 populum
715 1204 859 1273 edocere
881 1205 925 1272 ad
948 1206 1111 1295 pietatem
1143 1204 1331 1285 debebant,
1359 1225 1440 1289 ergo
1466 1204 1656 1270 sacerdotes
1670 1211 1703 1269 et

368 1311 522 1379 doctores
551 1312 651 1399 legis;
683 1311 737 1377 isti
761 1313 951 1380 reiecerunt
980 1312 1096 1385 illum,
1114 1310 1157 1377 dc
1179 1331 1248 1399 qno
1266 1317 1441 1398 tamquam
1459 1309 1572 1399 lapide
1592 1331 1704 1395 angu-

369 1416 449 1501 lari,
477 1419 623 1508 pretioso
649 1418 718 1484 iam
742 1420 842 1486 isaias
865 1417 959 1484 haud
987 1418 1131 1485 obscure
1152 1417 1268 1482 innuit
1285 1422 1319 1483 et
1342 1417 1402 1506 qui
1423 1424 1595 1505 tamquam
1616 1415 1703 1504 lupis

368 1525 543 1611 angularis
564 1523 672 1590 divini
696 1523 844 1591 aedilicii
867 1530 901 1591 et
919 1530 1098 1613 tamquam
1118 1521 1382 1590 fundamentum
1409 1524 1505 1609 regni
1527 1523 1581 1588 Dei
1604 1544 1702 1611 prae-

367 1629 502 1696 dicatur
515 1630 614 1719 (Eph.
642 1636 733 1712 ΗΟ.
763 1637 779 1696 1
801 1633 875 1697 Cor.
905 1634 1012 1714 3‚10).
1036 1635 1127 1696 lesus
1147 1650 1268 1696 revera
1282 1629 1391 1695 lactus
1411 1637 1459 1695 est
1474 1630 1508 1694 in
1522 1636 1625 1717 caput
1641 1649 1704 1694 an-

365 1736 455 1820 guli,
482 1734 655 1821 iungendo
680 1741 863 1824 utrumque
882 1736 1049 1826 populum
1077 1736 1114 1802 in
1135 1756 1260 1817 unum,
1296 1734 1436 1802 ludaeos
1464 1744 1496 1801 et
1510 1742 1647 1821 gentes,
1671 1741 1705 1800 et

367 1863 407 1907 ex
426 1848 571 1930 utroque
590 1863 694 1908 unam
713 1840 868 1908 fidelium
888 1843 1080 1922 civitatem,
1103 1862 1211 1908 unum
1232 1843 1399 1930 templum
1418 1841 1626 1907 aedificando
1646 1840 1702 1928 (cl.

374 1948 455 2014 Virt.
478 1947 560 2014 Bed.
586 1948 660 2016 cai.
681 1950 774 2015 lons.
797 1947 880 2036 etc.)
907 1970 929 2014 a
949 1947 1097 2014 Dourino
1114 1949 1249 2035 sactum
1280 1959 1329 2013 est
1351 1946 1455 2027 istud,
1485 1960 1581 2013 erest
1600 1948 1705 2012 meiu-

368 2051 434 2119 tite
468 2054 504 2120 in
535 2055 641 2120 oeulis
672 2055 814 2140 nostris,·
840 2055 962 2123 αὕτη...
998 2051 1161 2142 θαυμαστή
1186 2054 1390 2120 femininum
1418 2062 1465 2120 est
1491 2076 1552 2143 pro
1584 2061 1706 2120 neutro

368 2161 593 2227 Hebraeorum
620 2183 729 2241 more,
759 2168 797 2227 ut
818 2164 927 2250 Lamp
946 2160 1047 2242 dicit;
1079 2165 1166 2227 Deus
1192 2163 1291 2226 Pater
1311 2163 1402 2226 enim
1426 2160 1628 2247 glorificavit
1655 2160 1703 2224 Fi·

367 2265 452 2331 lium
476 2289 591 2347 suum,
622 2289 725 2356 quem
757 2268 809 2333 illi
837 2267 976 2358 quidem
1004 2266 1222 2333 tradiderunt
1248 2273 1282 2332 et
1317 2273 1485 2353 negarunt
1515 2274 1546 2332 et
1567 2265 1705 2331 interle-

368 2379 488 2438 cerunt
503 2374 588 2461 (Act.
608 2374 715 2463 uta).

412 2485 517 2557 Quam
534 2502 613 2547 vere
628 2480 779 2547 Christus
793 2482 875 2547 istos
887 2480 1026 2547 colonos
1036 2480 1271 2569 descripserit,
1287 2480 1401 2546 statim
1413 2481 1474 2568 ipsi
1491 2480 1704 2544 manifestare

367 2585 578 2652 contendunt
597 2593 632 2652 et
652 2588 814 2653 festinant
834 2609 868 2652 v.
893 2593 934 2653 12
954 2600 988 2653 et
1006 2586 1218 2676 quaerebant
1236 2608 1315 2652 eum
1331 2598 1442 2651 tenere
1463 2598 1495 2650 et
1520 2587 1705 2651 tinnuerunt

369 2690 523 2769 turbam·
543 2706 775 2782 eoqnoveruut
791 2694 882 2760 enim
905 2692 1071 2782 quoniam
1091 2692 1140 2759 ad
1157 2714 1212 2758 eos
1226 2690 1432 2782 parabolem
1453 2691 1541 2758 honr
1565 2690 1706 2773 dz'rerit;

367 2798 538 2865 intellecta
550 2799 716 2888 parabola
731 2804 765 2866 et
781 2800 834 2867 ira
851 2799 1101 2866 excandescunt
1113 2800 1148 2865 in
1164 2805 1291 2879 lesum,
1310 2820 1417 2887 quare
1434 2821 1472 2864 eo
1489 2799 1590 2887 potiri
1605 2819 1707 2886 quae·

368 2910 466 2987 runt,
489 2910 522 2972 et
543 2906 680 2972 turbam
707 2906 841 2994 timent,
864 2906 947 2994 quia
965 2910 1056 2972 lesus
1074 2927 1152 2972 cum
1173 2928 1213 2973 ea
1232 2928 1303 2996 qua
1322 2905 1414 2995 apud
1434 2903 1599 2994 populum
1624 2926 1705 2971 airc-

367 3013 503 3079 toritate
519 3013 654 3080 valebat
669 3015 703 3079 in
719 3013 789 3080 illis
803 3014 931 3080 colonis
946 3034 1105 3103 proceres
1120 3013 1285 3102 reprobos
1303 3012 1525 3101 descripserat
1542 3021 1704 3077 eteorum

368 3121 546 3185 consilium
566 3119 608 3186 de
633 3126 742 3186 morte
763 3120 943 3187 inferenda
967 3120 1083 3211 palam
1104 3119 1244 3186 lecerat.
1268 3124 1351 3185 Cum
1372 3120 1461 3184 enim
1482 3128 1598 3183 notum
1619 3131 1706 3185 esset

368 3247 406 3291 ex
427 3227 511 3291 lsaia
530 3225 705 3292 hominem
725 3229 785 3316 qui
804 3227 974 3315 plantavit
996 3227 1130 3292 vineam
1153 3248 1223 3293 esse
1244 3230 1369 3306 Deum,
1393 3231 1479 3290 lesus
1503 3233 1617 3290 etitem
1638 3224 1703 3290 fre·

368 3338 513 3419 quenter
543 3336 646 3398 Deum
675 3353 774 3398 suum
802 3339 951 3399 vocasset
977 3336 1130 3410 Patrem;
1160 3354 1230 3399 non
1260 3332 1375 3421 potuit
1402 3353 1471 3397 csse
1500 3331 1701 3416 ambignum

369 3459 470 3525 quem
496 3439 532 3503 in
561 3437 727 3527 parabola
752 3440 893 3505 nomine
917 3437 981 3505 filii
1009 3437 1218 3526 designaret.
1248 3443 1286 3504 Et
1306 3440 1388 3528 quia
1408 3437 1552 3527 populus
1573 3443 1701 3503 tontum

369 3566 430 3633 pro
450 3549 522 3609 lesu
541 3544 690 3610 studium
711 3547 745 3610 in
770 3545 928 3611 sollemni
949 3545 1108 3632 ingressu
1128 3545 1325 3611 ostenderat
1349 3554 1382 3610 et
1403 3553 1449 3610 tot
1467 3544 1639 3610 beneficiis
1658 3544 1701 3609 ab

369 3672 408 3715 eo
432 3651 576 3739 acceptis
601 3672 681 3717 eum
702 3650 932 3717 venerabatur
950 3657 1129 3741 tamquam
1153 3652 1358 3742 prophetam
1384 3672 1542 3737 magnum
1568 3656 1600 3714 et
1624 3672 1701 3715 eum

369 3757 564 3845 nuperrime
583 3758 734 3823 Messinm
760 3758 979 3840 salutaverat,
1001 3758 1156 3848 prolecto
1176 3764 1249 3824 erat
1271 3780 1333 3823 cur
1351 3759 1512 3846 primates
1531 3779 1550 3821 a
1570 3757 1627 3821 tali
1649 3778 1701 3821 re-

368 3863 594 3950 prehensione
620 3864 760 3952 publice
785 3864 874 3930 lacta
892 3863 958 3930 sibi
982 3865 1145 3930 timerent
1163 3870 1197 3930 et
1222 3887 1262 3931 eo
1288 3886 1425 3952 quoque
1446 3866 1566 3928 timore
1586 3862 1702 3927 odium

366 3991 464 4035 suum
495 3972 529 4035 in
558 3975 667 4036 lesum
697 3972 807 4060 magis
836 3970 1074 4038 accenderent.
1104 4010 1148 4020 —
1175 3971 1243 4037 alii
1268 3970 1474 4060 quandoque
1502 3971 1702 4036 senteutiam

365 4075 531 4141 adiectam
553 4090 784 4165 coqnouerunt
807 4078 898 4143 enim
922 4079 1122 4145 traiectione
1144 4078 1235 4145 lacta
1249 4078 1360 4144 solum
1383 4079 1499 4143 reterri
1522 4077 1640 4141 volunt
1661 4075 1703 4141 acl

368 4183 461 4269 prius
477 4182 560 4248 illud
577 4205 585 4250 t
603 4190 773 4271 quaerunt
785 4206 864 4250 eum
879 4191 1014 4262 tenerr;
1030 4184 1089 4250 alii
1104 4206 1180 4251 eam
1195 4208 1257 4251 sno
1272 4186 1347 4252 loco
1362 4186 1541 4250 retinentes
1554 4191 1703 4270 spectare

368 4289 486 4354 dicunt
511 4295 642 4355 tantum
663 4288 707 4355 ad
727 4291 874 4356 alterum
898 4313 905 4358 :
928 4291 1120 4357 timuerunt
1139 4292 1297 4373 turbam;
1325 4293 1351 4357 si
1377 4291 1465 4356 enim
1489 4291 1646 4355 uiolentia
1669 4292 1701 4355 in

368 4396 536 4461 Christum
558 4395 715 4462 adhibita
731 4396 958 4464 ostendissent
976 4398 1179 4487 parabolam
1200 4399 1265 4465 sibi
1281 4399 1409 4487 aptari,
1428 4399 1579 4462 futurum
1604 4398 1702 4462 luisse

370 4509 406 4568 ut
424 4525 492 4568 sese
512 4504 638 4592 populo
657 4503 858 4570 exhiberent
878 4504 961 4571 tales
978 4507 1096 4593 quales
1116 4505 1239 4571 merito
1257 4505 1523 4595 reprobarentur
1547 4505 1700 4583 ''Srl1uu:·‚

381 4610 507 4694 Weiss).
531 4612 594 4677 hlii
617 4609 757 4677 demum
779 4609 980 4698 intelligunt
993 4608 1128 4698 ἔγνωσαν
1143 4612 1211 4678 dici
1234 4611 1276 4677 de
1302 4612 1416 4692 turha3
1443 4613 1575 4678 turboni
1604 4611 1700 4676 intel-

372 4717 487 4784 lexisse
502 4717 699 4806 parabolam
717 4717 838 4784 referri
849 4716 894 4785 ad
906 4719 1078 4808 principes
1090 4739 1299 4806 synagogae.
1318 4720 1381 4786 Sed
1396 4721 1472 4785 huie
1487 4719 1701 4808 explicationi
