<?xml version="1.0" encoding="UTF-8"?>
<!DOCTYPE html PUBLIC "-//W3C//DTD XHTML 1.0 Transitional//EN"
    "http://www.w3.org/TR/xhtml1/DTD/xhtml1-transitional.dtd">
<html xmlns="http://www.w3.org/1999/xhtml" xml:lang="en" lang="en">
 <head>
  <title>
</title>
<meta http-equiv="Content-Type" content="text/html;charset=utf-8" />
  <meta name='ocr-system' content='tesseract 3.04.00' />
  <meta name='ocr-capabilities' content='ocr_page ocr_carea ocr_par ocr_line ocrx_word'/>
</head>
<body>
  <div class='ocr_page' id='page_1' title='image "./commentariusinq01knabgoog_0441.png"; bbox 0 0 3960 5654; ppageno 0'>
   <div class='ocr_carea' id='block_1_1' title="bbox 93 650 1564 4894">
    <p class='ocr_par' dir='ltr' id='par_1_1' title="bbox 93 650 1564 4894">
     <span class='ocr_line' id='line_1_1' title="bbox 191 650 1515 744; baseline -0.008 -20"><span class='ocrx_word' id='word_1_1' title='bbox 191 653 364 744; x_wconf 79' lang='lat' dir='ltr'>(Theoph.)</span> <span class='ocrx_word' id='word_1_2' title='bbox 392 674 423 717; x_wconf 89' lang='lat' dir='ltr'>v.</span> <span class='ocrx_word' id='word_1_3' title='bbox 451 658 493 718; x_wconf 81' lang='lat' dir='ltr'>t0</span> <span class='ocrx_word' id='word_1_4' title='bbox 515 667 612 721; x_wconf 81' lang='lat' dir='ltr'>erant</span> <span class='ocrx_word' id='word_1_5' title='bbox 630 669 744 722; x_wconf 80' lang='lat' dir='ltr'>autem</span> <span class='ocrx_word' id='word_1_6' title='bbox 769 669 802 723; x_wconf 85' lang='lat' dir='ltr'>et</span> <span class='ocrx_word' id='word_1_7' title='bbox 827 653 985 720; x_wconf 74' lang='lat' dir='ltr'>azalieres</span> <span class='ocrx_word' id='word_1_8' title='bbox 1016 655 1055 721; x_wconf 83' lang='lat' dir='ltr'>de</span> <span class='ocrx_word' id='word_1_9' title='bbox 1080 654 1178 742; x_wconf 69' lang='lat' dir='ltr'>longe</span> <span class='ocrx_word' id='word_1_10' title='bbox 1202 654 1414 739; x_wconf 81' lang='lat' dir='ltr'><em>aspicientes,</em></span> <span class='ocrx_word' id='word_1_11' title='bbox 1444 650 1515 716; x_wconf 90' lang='lat' dir='ltr'>scil.</span> 
     </span>
     <span class='ocr_line' id='line_1_2' title="bbox 186 756 1520 853; baseline -0.006 -23"><span class='ocrx_word' id='word_1_12' title='bbox 186 769 281 830; x_wconf 86' lang='lat' dir='ltr'>extra</span> <span class='ocrx_word' id='word_1_13' title='bbox 307 758 445 824; x_wconf 88' lang='lat' dir='ltr'>turbam</span> <span class='ocrx_word' id='word_1_14' title='bbox 472 758 598 850; x_wconf 79' lang='lat' dir='ltr'>(Ala),</span> <span class='ocrx_word' id='word_1_15' title='bbox 625 764 712 829; x_wconf 82' lang='lat' dir='ltr'>inter</span> <span class='ocrx_word' id='word_1_16' title='bbox 736 784 821 853; x_wconf 84' lang='lat' dir='ltr'>qaas</span> <span class='ocrx_word' id='word_1_17' title='bbox 841 773 916 825; x_wconf 86' lang='lat' dir='ltr'>erat</span> <span class='ocrx_word' id='word_1_18' title='bbox 932 763 1044 828; x_wconf 82' lang='lat' dir='ltr'>Maria</span> <span class='ocrx_word' id='word_1_19' title='bbox 1072 756 1295 849; x_wconf 79' lang='lat' dir='ltr'>Mapdalene,</span> <span class='ocrx_word' id='word_1_20' title='bbox 1319 766 1356 825; x_wconf 91' lang='lat' dir='ltr'>ut</span> <span class='ocrx_word' id='word_1_21' title='bbox 1381 759 1424 825; x_wconf 89' lang='lat' dir='ltr'>ab</span> <span class='ocrx_word' id='word_1_22' title='bbox 1445 757 1520 823; x_wconf 90' lang='lat' dir='ltr'>aliis</span> 
     </span>
     <span class='ocr_line' id='line_1_3' title="bbox 187 863 1517 955; baseline -0.005 -20"><span class='ocrx_word' id='word_1_23' title='bbox 187 865 340 935; x_wconf 88' lang='lat' dir='ltr'>eiusdem</span> <span class='ocrx_word' id='word_1_24' title='bbox 357 865 503 934; x_wconf 92' lang='lat' dir='ltr'>nominis</span> <span class='ocrx_word' id='word_1_25' title='bbox 516 869 638 934; x_wconf 87' lang='lat' dir='ltr'>Mariae</span> <span class='ocrx_word' id='word_1_26' title='bbox 658 868 940 955; x_wconf 80' lang='lat' dir='ltr'><strong>distingueretur,</strong></span> <span class='ocrx_word' id='word_1_27' title='bbox 961 887 1151 954; x_wconf 78' lang='lat' dir='ltr'>cognomen</span> <span class='ocrx_word' id='word_1_28' title='bbox 1167 864 1324 932; x_wconf 88' lang='lat' dir='ltr'>habuita</span> <span class='ocrx_word' id='word_1_29' title='bbox 1348 863 1517 952; x_wconf 81' lang='lat' dir='ltr'>Magdala,</span> 
     </span>
     <span class='ocr_line' id='line_1_4' title="bbox 188 970 1519 1063; baseline -0.001 -25"><span class='ocrx_word' id='word_1_30' title='bbox 188 973 261 1038; x_wconf 88' lang='lat' dir='ltr'>vico</span> <span class='ocrx_word' id='word_1_31' title='bbox 280 973 316 1037; x_wconf 89' lang='lat' dir='ltr'>iu</span> <span class='ocrx_word' id='word_1_32' title='bbox 330 973 477 1041; x_wconf 81' lang='lat' dir='ltr'>Galilaea</span> <span class='ocrx_word' id='word_1_33' title='bbox 490 973 547 1063; x_wconf 89' lang='lat' dir='ltr'>(dc</span> <span class='ocrx_word' id='word_1_34' title='bbox 559 996 600 1040; x_wconf 89' lang='lat' dir='ltr'>ca</span> <span class='ocrx_word' id='word_1_35' title='bbox 616 975 774 1062; x_wconf 91' lang='lat' dir='ltr'>pluribus</span> <span class='ocrx_word' id='word_1_36' title='bbox 786 973 842 1056; x_wconf 85' lang='lat' dir='ltr'>egi</span> <span class='ocrx_word' id='word_1_37' title='bbox 854 973 890 1038; x_wconf 93' lang='lat' dir='ltr'>in</span> <span class='ocrx_word' id='word_1_38' title='bbox 904 977 1090 1040; x_wconf 83' lang='lat' dir='ltr'>Commeat.</span> <span class='ocrx_word' id='word_1_39' title='bbox 1115 971 1227 1038; x_wconf 85' lang='lat' dir='ltr'>Mattb.</span> <span class='ocrx_word' id='word_1_40' title='bbox 1253 975 1278 1036; x_wconf 90' lang='lat' dir='ltr'>ll</span> <span class='ocrx_word' id='word_1_41' title='bbox 1295 994 1329 1059; x_wconf 92' lang='lat' dir='ltr'>p.</span> <span class='ocrx_word' id='word_1_42' title='bbox 1353 980 1416 1039; x_wconf 87' lang='grc'>399</span> <span class='ocrx_word' id='word_1_43' title='bbox 1431 970 1519 1059; x_wconf 86' lang='lat' dir='ltr'>seq.)</span> 
     </span>
     <span class='ocr_line' id='line_1_5' title="bbox 187 1078 1517 1168; baseline -0.001 -24"><span class='ocrx_word' id='word_1_44' title='bbox 187 1091 219 1145; x_wconf 88' lang='lat' dir='ltr'>et</span> <span class='ocrx_word' id='word_1_45' title='bbox 235 1079 346 1145; x_wconf 71' lang='lat' dir='ltr'>Maria</span> <span class='ocrx_word' id='word_1_46' title='bbox 364 1081 479 1145; x_wconf 82' lang='lat' dir='ltr'>larabi</span> <span class='ocrx_word' id='word_1_47' title='bbox 494 1080 635 1145; x_wconf 83' lang='lat' dir='ltr'>minaris</span> <span class='ocrx_word' id='word_1_48' title='bbox 656 1087 708 1142; x_wconf 79' lang='grc' dir='ltr'>τοῦ</span> <span class='ocrx_word' id='word_1_49' title='bbox 724 1085 829 1168; x_wconf 79' lang='grc' dir='ltr'>μικροῦ</span> <span class='ocrx_word' id='word_1_50' title='bbox 849 1079 901 1144; x_wconf 88' lang='lat' dir='ltr'>vel</span> <span class='ocrx_word' id='word_1_51' title='bbox 917 1079 1058 1146; x_wconf 91' lang='lat' dir='ltr'>iunioris</span> <span class='ocrx_word' id='word_1_52' title='bbox 1076 1085 1187 1145; x_wconf 85' lang='lat' dir='ltr'>aetate</span> <span class='ocrx_word' id='word_1_53' title='bbox 1196 1078 1249 1143; x_wconf 92' lang='lat' dir='ltr'>vel</span> <span class='ocrx_word' id='word_1_54' title='bbox 1261 1080 1357 1164; x_wconf 88' lang='lat' dir='ltr'>parvi</span> <span class='ocrx_word' id='word_1_55' title='bbox 1373 1085 1517 1157; x_wconf 82' lang='lat' dir='ltr'>statura;</span> 
     </span>
     <span class='ocr_line' id='line_1_6' title="bbox 189 1182 1520 1273; baseline -0.001 -22"><span class='ocrx_word' id='word_1_56' title='bbox 189 1185 292 1253; x_wconf 88' lang='lat' dir='ltr'>habet</span> <span class='ocrx_word' id='word_1_57' title='bbox 308 1207 500 1273; x_wconf 82' lang='lat' dir='ltr'>cognomen</span> <span class='ocrx_word' id='word_1_58' title='bbox 518 1191 555 1250; x_wconf 89' lang='lat' dir='ltr'>ut</span> <span class='ocrx_word' id='word_1_59' title='bbox 569 1186 614 1252; x_wconf 90' lang='lat' dir='ltr'>ab</span> <span class='ocrx_word' id='word_1_60' title='bbox 629 1187 737 1254; x_wconf 89' lang='lat' dir='ltr'>altero</span> <span class='ocrx_word' id='word_1_61' title='bbox 757 1185 895 1263; x_wconf 82' lang='lat' dir='ltr'>laccho,</span> <span class='ocrx_word' id='word_1_62' title='bbox 914 1186 984 1252; x_wconf 89' lang='lat' dir='ltr'>filio</span> <span class='ocrx_word' id='word_1_63' title='bbox 999 1184 1162 1250; x_wconf 79' lang='lat' dir='ltr'>Zebedaei</span> <span class='ocrx_word' id='word_1_64' title='bbox 1177 1184 1428 1269; x_wconf 84' lang='lat' dir='ltr'>distinguetur;</span> <span class='ocrx_word' id='word_1_65' title='bbox 1444 1182 1520 1250; x_wconf 88' lang='lat' dir='ltr'>vide</span> 
     </span>
     <span class='ocr_line' id='line_1_7' title="bbox 188 1284 1521 1380; baseline 0 -23"><span class='ocrx_word' id='word_1_66' title='bbox 188 1290 232 1357; x_wconf 90' lang='lat' dir='ltr'>ad</span> <span class='ocrx_word' id='word_1_67' title='bbox 259 1299 339 1375; x_wconf 83' lang='lat'><strong>3,18</strong></span> <span class='ocrx_word' id='word_1_68' title='bbox 366 1304 399 1358; x_wconf 85' lang='lat' dir='ltr'>et</span> <span class='ocrx_word' id='word_1_69' title='bbox 420 1291 539 1380; x_wconf 69' lang='lat' dir='ltr'>loseph</span> <span class='ocrx_word' id='word_1_70' title='bbox 566 1307 688 1374; x_wconf 84' lang='lat' dir='ltr'>mater,</span> <span class='ocrx_word' id='word_1_71' title='bbox 710 1314 833 1378; x_wconf 88' lang='lat' dir='ltr'>graece</span> <span class='ocrx_word' id='word_1_72' title='bbox 855 1284 1022 1372; x_wconf 78' lang='grc' dir='ltr'><strong>Ἰωσῆτος,</strong></span> <span class='ocrx_word' id='word_1_73' title='bbox 1044 1291 1139 1374; x_wconf 88' lang='lat' dir='ltr'>losis,</span> <span class='ocrx_word' id='word_1_74' title='bbox 1169 1303 1202 1357; x_wconf 84' lang='lat' dir='ltr'>et</span> <span class='ocrx_word' id='word_1_75' title='bbox 1229 1290 1383 1372; x_wconf 80' lang='lat' dir='ltr'>salome,</span> <span class='ocrx_word' id='word_1_76' title='bbox 1412 1297 1521 1357; x_wconf 88' lang='lat' dir='ltr'>mater</span> 
     </span>
     <span class='ocr_line' id='line_1_8' title="bbox 187 1395 1520 1486; baseline -0.002 -23"><span class='ocrx_word' id='word_1_77' title='bbox 187 1397 335 1465; x_wconf 89' lang='lat' dir='ltr'>filiorum</span> <span class='ocrx_word' id='word_1_78' title='bbox 363 1397 543 1479; x_wconf 78' lang='lat' dir='ltr'>Zebedaei3</span> <span class='ocrx_word' id='word_1_79' title='bbox 565 1422 597 1467; x_wconf 88' lang='lat' dir='ltr'>v.</span> <span class='ocrx_word' id='word_1_80' title='bbox 624 1407 663 1467; x_wconf 79' lang='lat' dir='ltr'>tr</span> <span class='ocrx_word' id='word_1_81' title='bbox 686 1411 718 1464; x_wconf 80' lang='lat' dir='ltr'>et</span> <span class='ocrx_word' id='word_1_82' title='bbox 737 1421 813 1464; x_wconf 79' lang='lat' dir='ltr'>crem</span> <span class='ocrx_word' id='word_1_83' title='bbox 832 1413 915 1466; x_wconf 81' lang='lat' dir='ltr'>esset</span> <span class='ocrx_word' id='word_1_84' title='bbox 938 1399 975 1464; x_wconf 84' lang='lat' dir='ltr'>ia</span> <span class='ocrx_word' id='word_1_85' title='bbox 998 1395 1178 1478; x_wconf 83' lang='lat' dir='ltr'><em>Galilaea,</em></span> <span class='ocrx_word' id='word_1_86' title='bbox 1199 1395 1424 1486; x_wconf 83' lang='lat' dir='ltr'>sequebantur</span> <span class='ocrx_word' id='word_1_87' title='bbox 1443 1419 1520 1462; x_wconf 87' lang='lat' dir='ltr'>cam</span> 
     </span>
     <span class='ocr_line' id='line_1_9' title="bbox 186 1502 1519 1592; baseline -0.002 -21"><span class='ocrx_word' id='word_1_88' title='bbox 186 1517 219 1571; x_wconf 83' lang='lat' dir='ltr'>et</span> <span class='ocrx_word' id='word_1_89' title='bbox 247 1502 488 1571; x_wconf 79' lang='lat' dir='ltr'>ministrabant</span> <span class='ocrx_word' id='word_1_90' title='bbox 510 1506 543 1570; x_wconf 82' lang='lat' dir='ltr'>ei</span> <span class='ocrx_word' id='word_1_91' title='bbox 559 1505 603 1572; x_wconf 90' lang='lat' dir='ltr'>de</span> <span class='ocrx_word' id='word_1_92' title='bbox 624 1505 841 1572; x_wconf 79' lang='lat' dir='ltr'>facultatibus</span> <span class='ocrx_word' id='word_1_93' title='bbox 868 1507 936 1572; x_wconf 92' lang='lat' dir='ltr'>suis</span> <span class='ocrx_word' id='word_1_94' title='bbox 964 1504 1055 1592; x_wconf 84' lang='lat' dir='ltr'>(Luc.</span> <span class='ocrx_word' id='word_1_95' title='bbox 1074 1503 1164 1591; x_wconf 83' lang='grc'><strong>8,3),</strong></span> <span class='ocrx_word' id='word_1_96' title='bbox 1188 1505 1236 1569; x_wconf 88' lang='lat' dir='ltr'>uti</span> <span class='ocrx_word' id='word_1_97' title='bbox 1255 1505 1292 1571; x_wconf 90' lang='lat' dir='ltr'>S.</span> <span class='ocrx_word' id='word_1_98' title='bbox 1315 1504 1407 1568; x_wconf 80' lang='lat' dir='ltr'>Hier.</span> <span class='ocrx_word' id='word_1_99' title='bbox 1429 1502 1519 1568; x_wconf 83' lang='lat' dir='ltr'>Beda</span> 
     </span>
     <span class='ocr_line' id='line_1_10' title="bbox 187 1609 1564 1699; baseline -0.001 -23"><span class='ocrx_word' id='word_1_100' title='bbox 187 1617 324 1693; x_wconf 87' lang='lat' dir='ltr'>notant,</span> <span class='ocrx_word' id='word_1_101' title='bbox 352 1611 605 1677; x_wconf 82' lang='lat' dir='ltr'>consuetudinis</span> <span class='ocrx_word' id='word_1_102' title='bbox 628 1609 783 1677; x_wconf 89' lang='lat' dir='ltr'>iudaicae</span> <span class='ocrx_word' id='word_1_103' title='bbox 807 1612 872 1678; x_wconf 87' lang='lat' dir='ltr'>fuit</span> <span class='ocrx_word' id='word_1_104' title='bbox 896 1633 959 1677; x_wconf 91' lang='lat' dir='ltr'>nec</span> <span class='ocrx_word' id='word_1_105' title='bbox 985 1609 1176 1677; x_wconf 83' lang='lat' dir='ltr'>ducebatur</span> <span class='ocrx_word' id='word_1_106' title='bbox 1200 1610 1235 1675; x_wconf 92' lang='lat' dir='ltr'>in</span> <span class='ocrx_word' id='word_1_107' title='bbox 1263 1609 1401 1699; x_wconf 87' lang='lat' dir='ltr'>culpam</span> <span class='ocrx_word' id='word_1_108' title='bbox 1427 1630 1520 1674; x_wconf 92' lang='lat' dir='ltr'>more</span> <span class='ocrx_word' id='word_1_109' title='bbox 1560 1689 1564 1696; x_wconf 20' lang='grc' dir='ltr'>ι</span> 
     </span>
     <span class='ocr_line' id='line_1_11' title="bbox 188 1716 1519 1805; baseline -0.002 -23"><span class='ocrx_word' id='word_1_110' title='bbox 188 1718 299 1803; x_wconf 84' lang='lat' dir='ltr'>gentis</span> <span class='ocrx_word' id='word_1_111' title='bbox 318 1716 479 1805; x_wconf 85' lang='lat' dir='ltr'>antiqua,</span> <span class='ocrx_word' id='word_1_112' title='bbox 502 1722 540 1783; x_wconf 94' lang='lat' dir='ltr'>ut</span> <span class='ocrx_word' id='word_1_113' title='bbox 561 1717 721 1783; x_wconf 89' lang='lat' dir='ltr'>mulieres</span> <span class='ocrx_word' id='word_1_114' title='bbox 746 1718 788 1783; x_wconf 89' lang='lat' dir='ltr'>de</span> <span class='ocrx_word' id='word_1_115' title='bbox 813 1717 1003 1783; x_wconf 89' lang='lat' dir='ltr'>substantia</span> <span class='ocrx_word' id='word_1_116' title='bbox 1021 1738 1082 1782; x_wconf 85' lang='lat' dir='ltr'>sua</span> <span class='ocrx_word' id='word_1_117' title='bbox 1097 1716 1225 1782; x_wconf 86' lang='lat' dir='ltr'>victum</span> <span class='ocrx_word' id='word_1_118' title='bbox 1244 1722 1346 1804; x_wconf 89' lang='lat' dir='ltr'>atque</span> <span class='ocrx_word' id='word_1_119' title='bbox 1360 1716 1519 1781; x_wconf 85' lang='lat' dir='ltr'>veslitum</span> 
     </span>
     <span class='ocr_line' id='line_1_12' title="bbox 187 1822 1518 1912; baseline -0.002 -24"><span class='ocrx_word' id='word_1_120' title='bbox 187 1823 468 1911; x_wconf 79' lang='lat' dir='ltr'>praeceptoribus</span> <span class='ocrx_word' id='word_1_121' title='bbox 488 1824 736 1902; x_wconf 89' lang='lat' dir='ltr'>ministrarent;</span> <span class='ocrx_word' id='word_1_122' title='bbox 762 1824 829 1890; x_wconf 87' lang='lat' dir='ltr'>hoe</span> <span class='ocrx_word' id='word_1_123' title='bbox 855 1824 937 1912; x_wconf 89' lang='lat' dir='ltr'>quia</span> <span class='ocrx_word' id='word_1_124' title='bbox 960 1822 1156 1889; x_wconf 85' lang='lat' dir='ltr'>scandalum</span> <span class='ocrx_word' id='word_1_125' title='bbox 1179 1822 1292 1888; x_wconf 87' lang='lat' dir='ltr'>facere</span> <span class='ocrx_word' id='word_1_126' title='bbox 1324 1828 1456 1911; x_wconf 89' lang='lat' dir='ltr'>poterat</span> <span class='ocrx_word' id='word_1_127' title='bbox 1484 1822 1518 1886; x_wconf 91' lang='lat' dir='ltr'>in</span> 
     </span>
     <span class='ocr_line' id='line_1_13' title="bbox 93 1915 1519 2015; baseline -0.001 -21"><span class='ocrx_word' id='word_1_128' title='bbox 93 1915 96 1920; x_wconf 42' lang='lat'>⁵</span> <span class='ocrx_word' id='word_1_129' title='bbox 187 1929 385 1994; x_wconf 87' lang='lat' dir='ltr'>nationibus</span> <span class='ocrx_word' id='word_1_130' title='bbox 406 1928 529 1995; x_wconf 88' lang='lat' dir='ltr'>Paulus</span> <span class='ocrx_word' id='word_1_131' title='bbox 552 1929 715 1997; x_wconf 86' lang='lat' dir='ltr'>abiecisse</span> <span class='ocrx_word' id='word_1_132' title='bbox 736 1952 771 1996; x_wconf 90' lang='lat' dir='ltr'>se</span> <span class='ocrx_word' id='word_1_133' title='bbox 789 1935 956 1996; x_wconf 90' lang='lat' dir='ltr'>memorat</span> <span class='ocrx_word' id='word_1_134' title='bbox 979 1930 1007 2014; x_wconf 89' lang='lat'>(1</span> <span class='ocrx_word' id='word_1_135' title='bbox 1034 1933 1111 1996; x_wconf 82' lang='lat' dir='ltr'>Cor.</span> <span class='ocrx_word' id='word_1_136' title='bbox 1134 1929 1205 2015; x_wconf 85' lang='lat'>9,5)</span> <span class='ocrx_word' id='word_1_137' title='bbox 1225 1941 1258 1994; x_wconf 85' lang='lat' dir='ltr'>et</span> <span class='ocrx_word' id='word_1_138' title='bbox 1279 1929 1370 1994; x_wconf 83' lang='lat' dir='ltr'>aliae</span> <span class='ocrx_word' id='word_1_139' title='bbox 1392 1928 1519 1993; x_wconf 75' lang='lat' dir='ltr'>arcellae</span> 
     </span>
     <span class='ocr_line' id='line_1_14' title="bbox 189 2033 1521 2129; baseline 0 -30"><span class='ocrx_word' id='word_1_140' title='bbox 189 2056 277 2123; x_wconf 85' lang='lat' dir='ltr'>qaae</span> <span class='ocrx_word' id='word_1_141' title='bbox 307 2035 412 2101; x_wconf 83' lang='lat' dir='ltr'>simul</span> <span class='ocrx_word' id='word_1_142' title='bbox 441 2058 518 2101; x_wconf 86' lang='lat' dir='ltr'>cam</span> <span class='ocrx_word' id='word_1_143' title='bbox 551 2058 589 2102; x_wconf 90' lang='lat' dir='ltr'>eo</span> <span class='ocrx_word' id='word_1_144' title='bbox 624 2035 851 2103; x_wconf 73' lang='lat' dir='ltr'>ascataderaat</span> <span class='ocrx_word' id='word_1_145' title='bbox 881 2033 1142 2129; x_wconf 76' lang='lat' dir='ltr'>lerosolymam,·</span> <span class='ocrx_word' id='word_1_146' title='bbox 1167 2034 1275 2123; x_wconf 84' lang='lat' dir='ltr'>aliqui</span> <span class='ocrx_word' id='word_1_147' title='bbox 1304 2035 1416 2101; x_wconf 89' lang='lat' dir='ltr'>mirati</span> <span class='ocrx_word' id='word_1_148' title='bbox 1442 2041 1521 2100; x_wconf 88' lang='lat' dir='ltr'>sunt</span> 
     </span>
     <span class='ocr_line' id='line_1_15' title="bbox 160 2140 1516 2231; baseline -0.001 -25"><span class='ocrx_word' id='word_1_149' title='bbox 160 2185 162 2190; x_wconf 68' lang='lat'>,</span> <span class='ocrx_word' id='word_1_150' title='bbox 188 2140 282 2230; x_wconf 91' lang='lat' dir='ltr'>quod</span> <span class='ocrx_word' id='word_1_151' title='bbox 307 2148 415 2208; x_wconf 88' lang='lat' dir='ltr'>mater</span> <span class='ocrx_word' id='word_1_152' title='bbox 437 2148 509 2208; x_wconf 89' lang='lat' dir='ltr'>lesu</span> <span class='ocrx_word' id='word_1_153' title='bbox 529 2165 597 2210; x_wconf 91' lang='lat' dir='ltr'>non</span> <span class='ocrx_word' id='word_1_154' title='bbox 628 2143 881 2225; x_wconf 89' lang='lat' dir='ltr'>nominaretur;</span> <span class='ocrx_word' id='word_1_155' title='bbox 908 2142 1000 2209; x_wconf 89' lang='lat' dir='ltr'>unde</span> <span class='ocrx_word' id='word_1_156' title='bbox 1023 2146 1191 2231; x_wconf 88' lang='lat' dir='ltr'>putarunt</span> <span class='ocrx_word' id='word_1_157' title='bbox 1209 2143 1245 2209; x_wconf 88' lang='lat' dir='ltr'>S.</span> <span class='ocrx_word' id='word_1_158' title='bbox 1271 2141 1388 2230; x_wconf 70' lang='lat' dir='ltr'>Chrys.</span> <span class='ocrx_word' id='word_1_159' title='bbox 1411 2141 1516 2229; x_wconf 86' lang='lat' dir='ltr'>(hom.</span> 
     </span>
     <span class='ocr_line' id='line_1_16' title="bbox 187 2247 1520 2338; baseline 0.002 -26"><span class='ocrx_word' id='word_1_160' title='bbox 187 2247 226 2313; x_wconf 92' lang='lat' dir='ltr'>iu</span> <span class='ocrx_word' id='word_1_161' title='bbox 251 2248 364 2314; x_wconf 86' lang='lat' dir='ltr'>llatth.</span> <span class='ocrx_word' id='word_1_162' title='bbox 391 2254 446 2327; x_wconf 87' lang='lat'>88,</span> <span class='ocrx_word' id='word_1_163' title='bbox 468 2250 512 2315; x_wconf 90' lang='lat' dir='ltr'>al.</span> <span class='ocrx_word' id='word_1_164' title='bbox 536 2254 596 2329; x_wconf 87' lang='grc'>89;</span> <span class='ocrx_word' id='word_1_165' title='bbox 628 2252 676 2316; x_wconf 89' lang='grc' dir='ltr'>Μ.</span> <span class='ocrx_word' id='word_1_166' title='bbox 699 2249 838 2338; x_wconf 49' lang='grc'>585177)</span> <span class='ocrx_word' id='word_1_167' title='bbox 871 2251 953 2317; x_wconf 80' lang='lat' dir='ltr'>Vict.</span> <span class='ocrx_word' id='word_1_168' title='bbox 979 2247 1124 2338; x_wconf 68' lang='lat' dir='ltr'>Tacape.</span> <span class='ocrx_word' id='word_1_169' title='bbox 1155 2250 1292 2315; x_wconf 86' lang='lat' dir='ltr'>Mariam</span> <span class='ocrx_word' id='word_1_170' title='bbox 1318 2248 1426 2314; x_wconf 83' lang='lat' dir='ltr'>iacobi</span> <span class='ocrx_word' id='word_1_171' title='bbox 1450 2269 1520 2314; x_wconf 88' lang='lat' dir='ltr'>esse</span> 
     </span>
     <span class='ocr_line' id='line_1_17' title="bbox 189 2354 1520 2445; baseline 0.001 -27"><span class='ocrx_word' id='word_1_172' title='bbox 189 2360 334 2420; x_wconf 88' lang='lat' dir='ltr'>matrem</span> <span class='ocrx_word' id='word_1_173' title='bbox 356 2361 427 2421; x_wconf 92' lang='lat' dir='ltr'>lesu</span> <span class='ocrx_word' id='word_1_174' title='bbox 448 2363 481 2421; x_wconf 88' lang='lat' dir='ltr'>et</span> <span class='ocrx_word' id='word_1_175' title='bbox 500 2355 568 2421; x_wconf 89' lang='lat' dir='ltr'>diei</span> <span class='ocrx_word' id='word_1_176' title='bbox 586 2363 730 2422; x_wconf 88' lang='lat' dir='ltr'>matrem</span> <span class='ocrx_word' id='word_1_177' title='bbox 747 2355 868 2436; x_wconf 85' lang='lat' dir='ltr'>iacobi,</span> <span class='ocrx_word' id='word_1_178' title='bbox 888 2356 1148 2445; x_wconf 87' lang='lat' dir='ltr'>quiaquatenus</span> <span class='ocrx_word' id='word_1_179' title='bbox 1163 2356 1304 2444; x_wconf 89' lang='lat' dir='ltr'>losepho</span> <span class='ocrx_word' id='word_1_180' title='bbox 1318 2354 1520 2444; x_wconf 88' lang='lat' dir='ltr'>desponsata</span> 
     </span>
     <span class='ocr_line' id='line_1_18' title="bbox 186 2460 1519 2552; baseline 0.001 -27"><span class='ocrx_word' id='word_1_181' title='bbox 186 2460 250 2526; x_wconf 85' lang='lat' dir='ltr'>luit</span> <span class='ocrx_word' id='word_1_182' title='bbox 271 2462 373 2527; x_wconf 87' lang='lat' dir='ltr'>etiam</span> <span class='ocrx_word' id='word_1_183' title='bbox 391 2462 533 2528; x_wconf 87' lang='lat' dir='ltr'>materi.</span> <span class='ocrx_word' id='word_1_184' title='bbox 553 2485 584 2528; x_wconf 91' lang='lat' dir='ltr'>e.</span> <span class='ocrx_word' id='word_1_185' title='bbox 602 2485 748 2529; x_wconf 89' lang='lat' dir='ltr'>noverea</span> <span class='ocrx_word' id='word_1_186' title='bbox 764 2462 867 2528; x_wconf 88' lang='lat' dir='ltr'>luerit</span> <span class='ocrx_word' id='word_1_187' title='bbox 883 2461 1030 2529; x_wconf 85' lang='lat' dir='ltr'>filiorum</span> <span class='ocrx_word' id='word_1_188' title='bbox 1044 2463 1175 2552; x_wconf 89' lang='lat' dir='ltr'>loseph.</span> <span class='ocrx_word' id='word_1_189' title='bbox 1199 2465 1306 2538; x_wconf 86' lang='lat' dir='ltr'>Quam</span> <span class='ocrx_word' id='word_1_190' title='bbox 1324 2463 1519 2550; x_wconf 89' lang='lat' dir='ltr'>opinionem</span> 
     </span>
     <span class='ocr_line' id='line_1_19' title="bbox 186 2566 1519 2659; baseline 0.001 -27"><span class='ocrx_word' id='word_1_191' title='bbox 186 2566 257 2632; x_wconf 91' lang='lat' dir='ltr'>iam</span> <span class='ocrx_word' id='word_1_192' title='bbox 276 2569 383 2657; x_wconf 90' lang='lat' dir='ltr'>aliqui</span> <span class='ocrx_word' id='word_1_193' title='bbox 394 2569 486 2659; x_wconf 91' lang='lat' dir='ltr'>apud</span> <span class='ocrx_word' id='word_1_194' title='bbox 505 2569 588 2637; x_wconf 79' lang='lat' dir='ltr'>Viae.</span> <span class='ocrx_word' id='word_1_195' title='bbox 606 2571 760 2636; x_wconf 80' lang='lat' dir='ltr'>etanta.</span> <span class='ocrx_word' id='word_1_196' title='bbox 775 2569 944 2635; x_wconf 88' lang='lat' dir='ltr'>reiiciunt.</span> <span class='ocrx_word' id='word_1_197' title='bbox 960 2574 1087 2636; x_wconf 84' lang='lat' dir='ltr'>Marcus</span> <span class='ocrx_word' id='word_1_198' title='bbox 1099 2590 1155 2635; x_wconf 90' lang='lat' dir='ltr'>eas</span> <span class='ocrx_word' id='word_1_199' title='bbox 1167 2569 1307 2635; x_wconf 91' lang='lat' dir='ltr'>nomine</span> <span class='ocrx_word' id='word_1_200' title='bbox 1322 2568 1418 2634; x_wconf 88' lang='lat' dir='ltr'>ellert</span> <span class='ocrx_word' id='word_1_201' title='bbox 1431 2589 1519 2657; x_wconf 87' lang='lat' dir='ltr'>quae</span> 
     </span>
     <span class='ocr_line' id='line_1_20' title="bbox 187 2675 1520 2766; baseline 0 -27"><span class='ocrx_word' id='word_1_202' title='bbox 187 2695 266 2740; x_wconf 89' lang='lat' dir='ltr'>eum</span> <span class='ocrx_word' id='word_1_203' title='bbox 281 2684 415 2742; x_wconf 88' lang='lat' dir='ltr'>secutae</span> <span class='ocrx_word' id='word_1_204' title='bbox 433 2681 513 2742; x_wconf 86' lang='lat' dir='ltr'>sunt</span> <span class='ocrx_word' id='word_1_205' title='bbox 527 2678 563 2742; x_wconf 91' lang='lat' dir='ltr'>in</span> <span class='ocrx_word' id='word_1_206' title='bbox 583 2677 731 2744; x_wconf 86' lang='lat' dir='ltr'>Galilaea</span> <span class='ocrx_word' id='word_1_207' title='bbox 746 2676 845 2766; x_wconf 91' lang='lat' dir='ltr'>eique</span> <span class='ocrx_word' id='word_1_208' title='bbox 859 2678 928 2742; x_wconf 90' lang='lat' dir='ltr'>suis</span> <span class='ocrx_word' id='word_1_209' title='bbox 940 2675 1157 2743; x_wconf 78' lang='lat' dir='ltr'>facultalibus</span> <span class='ocrx_word' id='word_1_210' title='bbox 1169 2676 1416 2754; x_wconf 82' lang='lat' dir='ltr'>ministrarunt,</span> <span class='ocrx_word' id='word_1_211' title='bbox 1432 2675 1520 2740; x_wconf 91' lang='lat' dir='ltr'>inter</span> 
     </span>
     <span class='ocr_line' id='line_1_21' title="bbox 187 2781 1518 2893; baseline 0 -48"><span class='ocrx_word' id='word_1_212' title='bbox 187 2802 272 2869; x_wconf 84' lang='lat' dir='ltr'>quas</span> <span class='ocrx_word' id='word_1_213' title='bbox 289 2790 396 2848; x_wconf 86' lang='lat' dir='ltr'>mater</span> <span class='ocrx_word' id='word_1_214' title='bbox 410 2784 561 2893; x_wconf 78' lang='lat' dir='ltr'>eiuspon</span> <span class='ocrx_word' id='word_1_215' title='bbox 573 2790 659 2849; x_wconf 90' lang='lat' dir='ltr'>erat.</span> <span class='ocrx_word' id='word_1_216' title='bbox 677 2788 802 2849; x_wconf 86' lang='lat' dir='ltr'>Harum</span> <span class='ocrx_word' id='word_1_217' title='bbox 824 2782 1007 2849; x_wconf 91' lang='lat' dir='ltr'>mulierum</span> <span class='ocrx_word' id='word_1_218' title='bbox 1023 2781 1186 2849; x_wconf 83' lang='lat' dir='ltr'>fortitudo</span> <span class='ocrx_word' id='word_1_219' title='bbox 1202 2788 1235 2847; x_wconf 92' lang='lat' dir='ltr'>et</span> <span class='ocrx_word' id='word_1_220' title='bbox 1246 2803 1343 2848; x_wconf 91' lang='lat' dir='ltr'>amor</span> <span class='ocrx_word' id='word_1_221' title='bbox 1359 2784 1393 2847; x_wconf 92' lang='lat' dir='ltr'>in</span> <span class='ocrx_word' id='word_1_222' title='bbox 1412 2785 1518 2846; x_wconf 90' lang='lat' dir='ltr'>lesum</span> 
     </span>
     <span class='ocr_line' id='line_1_22' title="bbox 187 2886 1520 2978; baseline 0.001 -27"><span class='ocrx_word' id='word_1_223' title='bbox 187 2893 220 2952; x_wconf 88' lang='lat' dir='ltr'>et</span> <span class='ocrx_word' id='word_1_224' title='bbox 238 2886 382 2954; x_wconf 82' lang='lat' dir='ltr'>fidelitas</span> <span class='ocrx_word' id='word_1_225' title='bbox 397 2910 622 2977; x_wconf 24' lang='lat' dir='ltr'>summopere·</span> <span class='ocrx_word' id='word_1_226' title='bbox 636 2889 771 2955; x_wconf 87' lang='lat' dir='ltr'>laudari</span> <span class='ocrx_word' id='word_1_227' title='bbox 789 2888 891 2955; x_wconf 87' lang='lat' dir='ltr'>debet</span> <span class='ocrx_word' id='word_1_228' title='bbox 903 2896 936 2954; x_wconf 90' lang='lat' dir='ltr'>et</span> <span class='ocrx_word' id='word_1_229' title='bbox 950 2888 1201 2971; x_wconf 84' lang='lat' dir='ltr'>commendari,</span> <span class='ocrx_word' id='word_1_230' title='bbox 1216 2910 1304 2978; x_wconf 82' lang='lat' dir='ltr'>quae</span> <span class='ocrx_word' id='word_1_231' title='bbox 1324 2887 1406 2953; x_wconf 91' lang='lat' dir='ltr'>dum</span> <span class='ocrx_word' id='word_1_232' title='bbox 1421 2887 1520 2953; x_wconf 88' lang='lat' dir='ltr'>disci-</span> 
     </span>
     <span class='ocr_line' id='line_1_23' title="bbox 186 2993 1520 3084; baseline -0.001 -25"><span class='ocrx_word' id='word_1_233' title='bbox 186 2993 258 3081; x_wconf 91' lang='lat' dir='ltr'>puli</span> <span class='ocrx_word' id='word_1_234' title='bbox 273 3016 390 3060; x_wconf 90' lang='lat' dir='ltr'>omnes</span> <span class='ocrx_word' id='word_1_235' title='bbox 407 2999 531 3060; x_wconf 87' lang='lat' dir='ltr'>Ioanne</span> <span class='ocrx_word' id='word_1_236' title='bbox 548 3003 687 3084; x_wconf 85' lang='lat' dir='ltr'>excepto</span> <span class='ocrx_word' id='word_1_237' title='bbox 702 3018 770 3061; x_wconf 92' lang='lat' dir='ltr'>non</span> <span class='ocrx_word' id='word_1_238' title='bbox 790 3017 825 3062; x_wconf 90' lang='lat' dir='ltr'>se</span> <span class='ocrx_word' id='word_1_239' title='bbox 844 2996 1000 3061; x_wconf 86' lang='lat' dir='ltr'>sisterent</span> <span class='ocrx_word' id='word_1_240' title='bbox 1016 2995 1060 3062; x_wconf 86' lang='lat' dir='ltr'>ad</span> <span class='ocrx_word' id='word_1_241' title='bbox 1080 3017 1215 3061; x_wconf 89' lang='lat' dir='ltr'>crucem</span> <span class='ocrx_word' id='word_1_242' title='bbox 1234 2995 1383 3073; x_wconf 78' lang='lat' dir='ltr'>Domini,</span> <span class='ocrx_word' id='word_1_243' title='bbox 1400 2993 1520 3083; x_wconf 87' lang='lat' dir='ltr'>spretis</span> 
     </span>
     <span class='ocr_line' id='line_1_24' title="bbox 186 3100 1519 3191; baseline 0 -25"><span class='ocrx_word' id='word_1_244' title='bbox 186 3100 401 3166; x_wconf 88' lang='lat' dir='ltr'>contumeliis</span> <span class='ocrx_word' id='word_1_245' title='bbox 426 3123 493 3167; x_wconf 91' lang='lat' dir='ltr'>non</span> <span class='ocrx_word' id='word_1_246' title='bbox 516 3102 724 3168; x_wconf 88' lang='lat' dir='ltr'>verebantur</span> <span class='ocrx_word' id='word_1_247' title='bbox 744 3124 828 3191; x_wconf 86' lang='lat' dir='ltr'>prae</span> <span class='ocrx_word' id='word_1_248' title='bbox 852 3124 887 3168; x_wconf 90' lang='lat' dir='ltr'>se</span> <span class='ocrx_word' id='word_1_249' title='bbox 909 3102 997 3169; x_wconf 85' lang='lat' dir='ltr'>serre</span> <span class='ocrx_word' id='word_1_250' title='bbox 1018 3108 1147 3191; x_wconf 88' lang='lat' dir='ltr'>quanta</span> <span class='ocrx_word' id='word_1_251' title='bbox 1169 3101 1385 3168; x_wconf 83' lang='lat' dir='ltr'>veneratione</span> <span class='ocrx_word' id='word_1_252' title='bbox 1405 3122 1519 3189; x_wconf 91' lang='lat' dir='ltr'>prose·</span> 
     </span>
     <span class='ocr_line' id='line_1_25' title="bbox 185 3207 1517 3297; baseline 0.001 -26"><span class='ocrx_word' id='word_1_253' title='bbox 185 3213 372 3296; x_wconf 82' lang='lat' dir='ltr'>querentur</span> <span class='ocrx_word' id='word_1_254' title='bbox 392 3230 469 3273; x_wconf 91' lang='lat' dir='ltr'>eum</span> <span class='ocrx_word' id='word_1_255' title='bbox 491 3230 594 3296; x_wconf 89' lang='lat' dir='ltr'>quem</span> <span class='ocrx_word' id='word_1_256' title='bbox 607 3209 793 3297; x_wconf 88' lang='lat' dir='ltr'>primores,</span> <span class='ocrx_word' id='word_1_257' title='bbox 812 3208 953 3290; x_wconf 87' lang='lat' dir='ltr'>milites,</span> <span class='ocrx_word' id='word_1_258' title='bbox 975 3208 1098 3295; x_wconf 89' lang='lat' dir='ltr'>vulgus</span> <span class='ocrx_word' id='word_1_259' title='bbox 1117 3215 1295 3297; x_wconf 63' lang='lat' dir='ltr'>umquam</span> <span class='ocrx_word' id='word_1_260' title='bbox 1319 3207 1517 3272; x_wconf 90' lang='lat' dir='ltr'>vilissimum</span> 
     </span>
     <span class='ocr_line' id='line_1_26' title="bbox 186 3313 579 3380; baseline 0.005 -2"><span class='ocrx_word' id='word_1_261' title='bbox 186 3313 364 3380; x_wconf 91' lang='lat' dir='ltr'>hominem</span> <span class='ocrx_word' id='word_1_262' title='bbox 377 3313 579 3380; x_wconf 88' lang='lat' dir='ltr'>illudebant.</span> 
     </span>
     <span class='ocr_line' id='line_1_27' title="bbox 229 3420 1520 3510; baseline 0 -25"><span class='ocrx_word' id='word_1_263' title='bbox 229 3420 307 3485; x_wconf 87' lang='lat' dir='ltr'>lllas</span> <span class='ocrx_word' id='word_1_264' title='bbox 326 3427 493 3509; x_wconf 88' lang='lat' dir='ltr'>quantum</span> <span class='ocrx_word' id='word_1_265' title='bbox 518 3421 616 3487; x_wconf 87' lang='lat' dir='ltr'>licuit</span> <span class='ocrx_word' id='word_1_266' title='bbox 641 3421 744 3488; x_wconf 90' lang='lat' dir='ltr'>etiam</span> <span class='ocrx_word' id='word_1_267' title='bbox 771 3443 894 3509; x_wconf 91' lang='lat' dir='ltr'>corpus</span> <span class='ocrx_word' id='word_1_268' title='bbox 919 3425 992 3487; x_wconf 90' lang='lat' dir='ltr'>lesu</span> <span class='ocrx_word' id='word_1_269' title='bbox 1020 3421 1064 3487; x_wconf 89' lang='lat' dir='ltr'>ad</span> <span class='ocrx_word' id='word_1_270' title='bbox 1085 3421 1296 3510; x_wconf 88' lang='lat' dir='ltr'>sepulturam</span> <span class='ocrx_word' id='word_1_271' title='bbox 1326 3442 1458 3487; x_wconf 87' lang='lat' dir='ltr'>curasse</span> <span class='ocrx_word' id='word_1_272' title='bbox 1487 3427 1520 3485; x_wconf 86' lang='lat' dir='ltr'>et</span> 
     </span>
     <span class='ocr_line' id='line_1_28' title="bbox 185 3525 1519 3616; baseline 0.001 -26"><span class='ocrx_word' id='word_1_273' title='bbox 185 3525 361 3591; x_wconf 82' lang='lat' dir='ltr'>comitates</span> <span class='ocrx_word' id='word_1_274' title='bbox 376 3549 445 3592; x_wconf 86' lang='lat' dir='ltr'>esse</span> <span class='ocrx_word' id='word_1_275' title='bbox 461 3549 501 3591; x_wconf 84' lang='lat' dir='ltr'>ex</span> <span class='ocrx_word' id='word_1_276' title='bbox 521 3550 552 3591; x_wconf 92' lang='lat' dir='ltr'>v.</span> <span class='ocrx_word' id='word_1_277' title='bbox 577 3534 617 3594; x_wconf 72' lang='lat' dir='ltr'>le&#39;l</span> <span class='ocrx_word' id='word_1_278' title='bbox 637 3528 717 3592; x_wconf 89' lang='lat' dir='ltr'>satis</span> <span class='ocrx_word' id='word_1_279' title='bbox 736 3527 923 3613; x_wconf 81' lang='lat' dir='ltr'>colligitur.</span> <span class='ocrx_word' id='word_1_280' title='bbox 951 3530 1021 3603; x_wconf 83' lang='lat' dir='ltr'>Qua</span> <span class='ocrx_word' id='word_1_281' title='bbox 1043 3526 1078 3591; x_wconf 93' lang='lat' dir='ltr'>in</span> <span class='ocrx_word' id='word_1_282' title='bbox 1102 3549 1138 3593; x_wconf 90' lang='lat' dir='ltr'>re</span> <span class='ocrx_word' id='word_1_283' title='bbox 1155 3528 1272 3616; x_wconf 88' lang='lat' dir='ltr'>utique</span> <span class='ocrx_word' id='word_1_284' title='bbox 1292 3526 1368 3592; x_wconf 90' lang='lat' dir='ltr'>aliis</span> <span class='ocrx_word' id='word_1_285' title='bbox 1387 3525 1519 3612; x_wconf 90' lang='lat' dir='ltr'>indige-</span> 
     </span>
     <span class='ocr_line' id='line_1_29' title="bbox 184 3632 1519 3723; baseline -0.001 -26"><span class='ocrx_word' id='word_1_286' title='bbox 184 3632 269 3698; x_wconf 88' lang='lat' dir='ltr'>bant</span> <span class='ocrx_word' id='word_1_287' title='bbox 283 3632 496 3699; x_wconf 87' lang='lat' dir='ltr'>adiutoribus</span> <span class='ocrx_word' id='word_1_288' title='bbox 522 3633 582 3723; x_wconf 91' lang='lat' dir='ltr'>qui</span> <span class='ocrx_word' id='word_1_289' title='bbox 607 3655 670 3722; x_wconf 89' lang='lat' dir='ltr'>pro</span> <span class='ocrx_word' id='word_1_290' title='bbox 685 3656 726 3701; x_wconf 87' lang='lat' dir='ltr'>ee</span> <span class='ocrx_word' id='word_1_291' title='bbox 749 3632 861 3720; x_wconf 87' lang='lat' dir='ltr'>gloria</span> <span class='ocrx_word' id='word_1_292' title='bbox 879 3656 966 3722; x_wconf 89' lang='lat' dir='ltr'>quae</span> <span class='ocrx_word' id='word_1_293' title='bbox 988 3638 1061 3700; x_wconf 86' lang='lat' dir='ltr'>lesu</span> <span class='ocrx_word' id='word_1_294' title='bbox 1078 3634 1258 3699; x_wconf 90' lang='lat' dir='ltr'>demortuo</span> <span class='ocrx_word' id='word_1_295' title='bbox 1277 3633 1466 3700; x_wconf 89' lang='lat' dir='ltr'>debebatur</span> <span class='ocrx_word' id='word_1_296' title='bbox 1481 3654 1519 3697; x_wconf 87' lang='lat' dir='ltr'>ex</span> 
     </span>
     <span class='ocr_line' id='line_1_30' title="bbox 184 3733 1516 3829; baseline -0.001 -25"><span class='ocrx_word' id='word_1_297' title='bbox 184 3738 322 3804; x_wconf 88' lang='lat' dir='ltr'>oraculo</span> <span class='ocrx_word' id='word_1_298' title='bbox 343 3741 446 3806; x_wconf 88' lang='lat' dir='ltr'>lsaiae</span> <span class='ocrx_word' id='word_1_299' title='bbox 460 3739 552 3826; x_wconf 85' lang='grc'><strong>(53,9</strong></span> <span class='ocrx_word' id='word_1_300' title='bbox 569 3733 686 3827; x_wconf 87' lang='lat' dir='ltr'>hebr.)</span> <span class='ocrx_word' id='word_1_301' title='bbox 707 3763 776 3806; x_wconf 89' lang='lat' dir='ltr'>uon</span> <span class='ocrx_word' id='word_1_302' title='bbox 798 3739 950 3806; x_wconf 85' lang='lat' dir='ltr'>deerant.</span> <span class='ocrx_word' id='word_1_303' title='bbox 975 3740 1115 3807; x_wconf 90' lang='lat' dir='ltr'>Ponitur</span> <span class='ocrx_word' id='word_1_304' title='bbox 1138 3741 1252 3829; x_wconf 84' lang='lat' dir='ltr'>itaque</span> <span class='ocrx_word' id='word_1_305' title='bbox 1275 3742 1342 3806; x_wconf 86' lang='lat' dir='ltr'>iam</span> <span class='ocrx_word' id='word_1_306' title='bbox 1367 3763 1388 3806; x_wconf 91' lang='lat' dir='ltr'>a</span> <span class='ocrx_word' id='word_1_307' title='bbox 1409 3763 1439 3806; x_wconf 84' lang='lat' dir='ltr'>v.</span> <span class='ocrx_word' id='word_1_308' title='bbox 1463 3746 1516 3816; x_wconf 78' lang='lat' dir='ltr'>to,</span> 
     </span>
     <span class='ocr_line' id='line_1_31' title="bbox 185 3845 1519 3936; baseline -0.001 -26"><span class='ocrx_word' id='word_1_309' title='bbox 185 3845 235 3910; x_wconf 90' lang='lat' dir='ltr'>uti</span> <span class='ocrx_word' id='word_1_310' title='bbox 251 3847 372 3911; x_wconf 87' lang='lat' dir='ltr'>merito</span> <span class='ocrx_word' id='word_1_311' title='bbox 389 3845 471 3912; x_wconf 90' lang='lat' dir='ltr'>dicit</span> <span class='ocrx_word' id='word_1_312' title='bbox 486 3846 578 3927; x_wconf 78' lang='lat' dir='ltr'>Ala,</span> <span class='ocrx_word' id='word_1_313' title='bbox 596 3846 779 3935; x_wconf 84' lang='lat' dir='ltr'>descriptio</span> <span class='ocrx_word' id='word_1_314' title='bbox 793 3868 911 3913; x_wconf 88' lang='lat' dir='ltr'>eorum</span> <span class='ocrx_word' id='word_1_315' title='bbox 932 3848 991 3936; x_wconf 92' lang='lat' dir='ltr'>qui</span> <span class='ocrx_word' id='word_1_316' title='bbox 1008 3847 1161 3913; x_wconf 90' lang='lat' dir='ltr'>ollicium</span> <span class='ocrx_word' id='word_1_317' title='bbox 1179 3847 1292 3912; x_wconf 84' lang='lat' dir='ltr'>funeri</span> <span class='ocrx_word' id='word_1_318' title='bbox 1309 3846 1439 3912; x_wconf 81' lang='lat' dir='ltr'>[lamini</span> <span class='ocrx_word' id='word_1_319' title='bbox 1455 3845 1519 3910; x_wconf 92' lang='lat' dir='ltr'>im-</span> 
     </span>
     <span class='ocr_line' id='line_1_32' title="bbox 185 3952 1515 4042; baseline -0.002 -25"><span class='ocrx_word' id='word_1_320' title='bbox 185 3952 379 4040; x_wconf 86' lang='lat' dir='ltr'>penderunt</span> <span class='ocrx_word' id='word_1_321' title='bbox 398 3953 532 4042; x_wconf 86' lang='lat' dir='ltr'>pietatis</span> <span class='ocrx_word' id='word_1_322' title='bbox 549 3977 581 4020; x_wconf 94' lang='lat' dir='ltr'>v.</span> <span class='ocrx_word' id='word_1_323' title='bbox 607 3960 649 4019; x_wconf 67' lang='lat'>&#39;⁴2</span> <span class='ocrx_word' id='word_1_324' title='bbox 673 3965 707 4017; x_wconf 86' lang='lat' dir='ltr'>et</span> <span class='ocrx_word' id='word_1_325' title='bbox 723 3975 800 4017; x_wconf 85' lang='lat' dir='ltr'>cam</span> <span class='ocrx_word' id='word_1_326' title='bbox 824 3952 894 4017; x_wconf 86' lang='lat' dir='ltr'>iam</span> <span class='ocrx_word' id='word_1_327' title='bbox 913 3975 985 4018; x_wconf 84' lang='lat' dir='ltr'>sero</span> <span class='ocrx_word' id='word_1_328' title='bbox 1004 3967 1088 4019; x_wconf 83' lang='lat' dir='ltr'>esset</span> <span class='ocrx_word' id='word_1_329' title='bbox 1112 3954 1265 4039; x_wconf 77' lang='lat' dir='ltr'>sactum,</span> <span class='ocrx_word' id='word_1_330' title='bbox 1289 3961 1422 4041; x_wconf 92' lang='lat' dir='ltr'>tempus</span> <span class='ocrx_word' id='word_1_331' title='bbox 1445 3952 1515 4017; x_wconf 88' lang='lat' dir='ltr'>scil.</span> 
     </span>
     <span class='ocr_line' id='line_1_33' title="bbox 183 4058 1519 4148; baseline 0.001 -25"><span class='ocrx_word' id='word_1_332' title='bbox 183 4066 258 4147; x_wconf 88' lang='lat' dir='ltr'>post</span> <span class='ocrx_word' id='word_1_333' title='bbox 280 4059 400 4126; x_wconf 89' lang='lat' dir='ltr'>horam</span> <span class='ocrx_word' id='word_1_334' title='bbox 421 4081 547 4126; x_wconf 90' lang='lat' dir='ltr'>nonam</span> <span class='ocrx_word' id='word_1_335' title='bbox 569 4061 638 4126; x_wconf 88' lang='lat' dir='ltr'>iam</span> <span class='ocrx_word' id='word_1_336' title='bbox 660 4058 825 4145; x_wconf 87' lang='lat' dir='ltr'>vergebat</span> <span class='ocrx_word' id='word_1_337' title='bbox 843 4058 1005 4126; x_wconf 87' lang='lat' dir='ltr'>adfinem</span> <span class='ocrx_word' id='word_1_338' title='bbox 1033 4059 1121 4142; x_wconf 85' lang='lat' dir='ltr'>diei,</span> <span class='ocrx_word' id='word_1_339' title='bbox 1145 4060 1226 4148; x_wconf 83' lang='lat' dir='ltr'>qaia</span> <span class='ocrx_word' id='word_1_340' title='bbox 1247 4074 1322 4124; x_wconf 83' lang='lat' dir='ltr'>erac</span> <span class='ocrx_word' id='word_1_341' title='bbox 1335 4080 1519 4148; x_wconf 80' lang='lat' dir='ltr'>parasceve</span> 
     </span>
     <span class='ocr_line' id='line_1_34' title="bbox 183 4154 1520 4254; baseline -0.001 -24"><span class='ocrx_word' id='word_1_342' title='bbox 183 4165 280 4254; x_wconf 85' lang='lat' dir='ltr'>qaod</span> <span class='ocrx_word' id='word_1_343' title='bbox 293 4179 341 4231; x_wconf 83' lang='lat' dir='ltr'>est</span> <span class='ocrx_word' id='word_1_344' title='bbox 361 4179 439 4231; x_wconf 84' lang='lat' dir='ltr'>ante</span> <span class='ocrx_word' id='word_1_345' title='bbox 458 4164 636 4231; x_wconf 82' lang='lat' dir='ltr'>sabbatum</span> <span class='ocrx_word' id='word_1_346' title='bbox 654 4154 867 4254; x_wconf 65' lang='grc' dir='ltr'>προσάὸἕατον</span> <span class='ocrx_word' id='word_1_347' title='bbox 883 4166 925 4232; x_wconf 89' lang='lat' dir='ltr'>cl.</span> <span class='ocrx_word' id='word_1_348' title='bbox 948 4165 1060 4232; x_wconf 90' lang='lat' dir='ltr'>ludith</span> <span class='ocrx_word' id='word_1_349' title='bbox 1085 4171 1160 4247; x_wconf 88' lang='grc'>8,6;</span> <span class='ocrx_word' id='word_1_350' title='bbox 1180 4165 1336 4233; x_wconf 91' lang='lat' dir='ltr'>redditur</span> <span class='ocrx_word' id='word_1_351' title='bbox 1356 4166 1438 4232; x_wconf 89' lang='lat' dir='ltr'>ratio</span> <span class='ocrx_word' id='word_1_352' title='bbox 1459 4187 1520 4230; x_wconf 93' lang='lat' dir='ltr'>cur</span> 
     </span>
     <span class='ocr_line' id='line_1_35' title="bbox 186 4271 1518 4361; baseline 0 -25"><span class='ocrx_word' id='word_1_353' title='bbox 186 4276 294 4337; x_wconf 90' lang='lat' dir='ltr'>lesum</span> <span class='ocrx_word' id='word_1_354' title='bbox 321 4272 444 4361; x_wconf 88' lang='lat' dir='ltr'>deponi</span> <span class='ocrx_word' id='word_1_355' title='bbox 470 4273 513 4338; x_wconf 91' lang='lat' dir='ltr'>de</span> <span class='ocrx_word' id='word_1_356' title='bbox 535 4295 636 4339; x_wconf 86' lang='lat' dir='ltr'>cruce</span> <span class='ocrx_word' id='word_1_357' title='bbox 657 4280 690 4339; x_wconf 90' lang='lat' dir='ltr'>et</span> <span class='ocrx_word' id='word_1_358' title='bbox 709 4271 775 4338; x_wconf 87' lang='lat' dir='ltr'>cito</span> <span class='ocrx_word' id='word_1_359' title='bbox 803 4272 939 4361; x_wconf 88' lang='lat' dir='ltr'>sepeliri</span> <span class='ocrx_word' id='word_1_360' title='bbox 963 4294 1097 4339; x_wconf 88' lang='lat' dir='ltr'>necesse</span> <span class='ocrx_word' id='word_1_361' title='bbox 1124 4272 1242 4355; x_wconf 76' lang='lat' dir='ltr'>luerit3</span> <span class='ocrx_word' id='word_1_362' title='bbox 1262 4273 1412 4339; x_wconf 89' lang='lat' dir='ltr'>instabat</span> <span class='ocrx_word' id='word_1_363' title='bbox 1428 4272 1518 4338; x_wconf 89' lang='lat' dir='ltr'>enim</span> 
     </span>
     <span class='ocr_line' id='line_1_36' title="bbox 183 4377 1520 4468; baseline 0.001 -26"><span class='ocrx_word' id='word_1_364' title='bbox 183 4377 252 4443; x_wconf 90' lang='lat' dir='ltr'>iam</span> <span class='ocrx_word' id='word_1_365' title='bbox 268 4378 450 4445; x_wconf 89' lang='lat' dir='ltr'>sabbatum</span> <span class='ocrx_word' id='word_1_366' title='bbox 466 4379 560 4466; x_wconf 93' lang='lat' dir='ltr'>quod</span> <span class='ocrx_word' id='word_1_367' title='bbox 575 4379 619 4444; x_wconf 90' lang='lat' dir='ltr'>ab</span> <span class='ocrx_word' id='word_1_368' title='bbox 634 4401 754 4445; x_wconf 87' lang='lat' dir='ltr'>occasu</span> <span class='ocrx_word' id='word_1_369' title='bbox 768 4377 848 4443; x_wconf 92' lang='lat' dir='ltr'>solis</span> <span class='ocrx_word' id='word_1_370' title='bbox 863 4379 1067 4467; x_wconf 86' lang='lat' dir='ltr'>incipiebet;</span> <span class='ocrx_word' id='word_1_371' title='bbox 1085 4379 1258 4468; x_wconf 77' lang='lat' dir='ltr'>aapaaaeon&#39;</span> <span class='ocrx_word' id='word_1_372' title='bbox 1276 4378 1447 4466; x_wconf 84' lang='lat' dir='ltr'>significat</span> <span class='ocrx_word' id='word_1_373' title='bbox 1461 4400 1520 4466; x_wconf 89' lang='lat' dir='ltr'>ap-</span> 
     </span>
     <span class='ocr_line' id='line_1_37' title="bbox 184 4473 1519 4575; baseline 0.002 -27"><span class='ocrx_word' id='word_1_374' title='bbox 184 4486 416 4573; x_wconf 87' lang='lat' dir='ltr'>parationem,</span> <span class='ocrx_word' id='word_1_375' title='bbox 438 4485 750 4575; x_wconf 85' lang='lat' dir='ltr'>praeparationem;</span> <span class='ocrx_word' id='word_1_376' title='bbox 776 4507 815 4550; x_wconf 87' lang='lat' dir='ltr'>eo</span> <span class='ocrx_word' id='word_1_377' title='bbox 844 4473 984 4551; x_wconf 87' lang='lat' dir='ltr'>nomine</span> <span class='ocrx_word' id='word_1_378' title='bbox 1012 4485 1211 4573; x_wconf 88' lang='lat' dir='ltr'>designatur</span> <span class='ocrx_word' id='word_1_379' title='bbox 1234 4485 1307 4552; x_wconf 88' lang='lat' dir='ltr'>dies</span> <span class='ocrx_word' id='word_1_380' title='bbox 1330 4509 1398 4575; x_wconf 85' lang='lat' dir='ltr'>quo</span> <span class='ocrx_word' id='word_1_381' title='bbox 1421 4508 1519 4574; x_wconf 87' lang='lat' dir='ltr'>prae-</span> 
     </span>
     <span class='ocr_line' id='line_1_38' title="bbox 184 4589 1519 4681; baseline 0 -25"><span class='ocrx_word' id='word_1_382' title='bbox 184 4589 398 4678; x_wconf 87' lang='lat' dir='ltr'>parabantur</span> <span class='ocrx_word' id='word_1_383' title='bbox 415 4614 503 4679; x_wconf 88' lang='lat' dir='ltr'>quae</span> <span class='ocrx_word' id='word_1_384' title='bbox 518 4591 562 4657; x_wconf 92' lang='lat' dir='ltr'>ad</span> <span class='ocrx_word' id='word_1_385' title='bbox 579 4592 761 4658; x_wconf 91' lang='lat' dir='ltr'>sabbatum</span> <span class='ocrx_word' id='word_1_386' title='bbox 777 4591 968 4656; x_wconf 88' lang='lat' dir='ltr'>necessaria</span> <span class='ocrx_word' id='word_1_387' title='bbox 982 4599 1089 4658; x_wconf 88' lang='lat' dir='ltr'>erant.</span> <span class='ocrx_word' id='word_1_388' title='bbox 1111 4593 1184 4659; x_wconf 81' lang='lat' dir='ltr'>[ties</span> <span class='ocrx_word' id='word_1_389' title='bbox 1203 4593 1320 4681; x_wconf 90' lang='lat' dir='ltr'>itaque</span> <span class='ocrx_word' id='word_1_390' title='bbox 1339 4615 1407 4681; x_wconf 87' lang='lat' dir='ltr'>quo</span> <span class='ocrx_word' id='word_1_391' title='bbox 1423 4591 1519 4656; x_wconf 86' lang='lat' dir='ltr'>Chri-</span> 
     </span>
     <span class='ocr_line' id='line_1_39' title="bbox 183 4696 1517 4788; baseline -0.001 -26"><span class='ocrx_word' id='word_1_392' title='bbox 183 4703 253 4762; x_wconf 89' lang='lat' dir='ltr'>stus</span> <span class='ocrx_word' id='word_1_393' title='bbox 268 4696 447 4762; x_wconf 85' lang='lat' dir='ltr'>crucifixus</span> <span class='ocrx_word' id='word_1_394' title='bbox 468 4705 516 4763; x_wconf 88' lang='lat' dir='ltr'>est</span> <span class='ocrx_word' id='word_1_395' title='bbox 533 4697 730 4788; x_wconf 91' lang='lat' dir='ltr'>appellatur</span> <span class='ocrx_word' id='word_1_396' title='bbox 743 4696 919 4784; x_wconf 68' lang='grc' dir='ltr'><em>παρασκευή</em></span> <span class='ocrx_word' id='word_1_397' title='bbox 927 4697 1146 4787; x_wconf 41' lang='grc' dir='ltr'>χάἰεαορὶααῖ</span> <span class='ocrx_word' id='word_1_398' title='bbox 1162 4706 1274 4765; x_wconf 90' lang='lat' dir='ltr'>utrum</span> <span class='ocrx_word' id='word_1_399' title='bbox 1291 4721 1332 4765; x_wconf 88' lang='lat' dir='ltr'>ea</span> <span class='ocrx_word' id='word_1_400' title='bbox 1352 4720 1432 4764; x_wconf 85' lang='lat' dir='ltr'>voce</span> <span class='ocrx_word' id='word_1_401' title='bbox 1447 4704 1517 4763; x_wconf 89' lang='lat' dir='ltr'>tnm</span> 
     </span>
     <span class='ocr_line' id='line_1_40' title="bbox 183 4803 1519 4894; baseline 0 -27"><span class='ocrx_word' id='word_1_402' title='bbox 183 4803 347 4891; x_wconf 88' lang='lat' dir='ltr'>temporis</span> <span class='ocrx_word' id='word_1_403' title='bbox 374 4803 483 4867; x_wconf 90' lang='lat' dir='ltr'>solum</span> <span class='ocrx_word' id='word_1_404' title='bbox 504 4805 697 4890; x_wconf 87' lang='lat' dir='ltr'>significata</span> <span class='ocrx_word' id='word_1_405' title='bbox 719 4806 761 4870; x_wconf 90' lang='lat' dir='ltr'>sit</span> <span class='ocrx_word' id='word_1_406' title='bbox 784 4804 869 4870; x_wconf 90' lang='lat' dir='ltr'>feria</span> <span class='ocrx_word' id='word_1_407' title='bbox 897 4811 990 4869; x_wconf 86' lang='lat' dir='ltr'>sexta</span> <span class='ocrx_word' id='word_1_408' title='bbox 1008 4805 1231 4872; x_wconf 87' lang='lat' dir='ltr'>hebdomadis</span> <span class='ocrx_word' id='word_1_409' title='bbox 1249 4827 1292 4870; x_wconf 91' lang='lat' dir='ltr'>an</span> <span class='ocrx_word' id='word_1_410' title='bbox 1322 4807 1432 4894; x_wconf 84' lang='lat' dir='ltr'>potius</span> <span class='ocrx_word' id='word_1_411' title='bbox 1447 4804 1519 4869; x_wconf 89' lang='lat' dir='ltr'>dies</span> 
     </span>
    </p>
   </div>
   <div class='ocr_carea' id='block_1_2' title="bbox 67 4909 1519 4997">
    <p class='ocr_par' dir='ltr' id='par_1_2' title="bbox 67 4909 1519 4997">
     <span class='ocr_line' id='line_1_41' title="bbox 67 4909 1519 4997; baseline -0.001 -23"><span class='ocrx_word' id='word_1_412' title='bbox 67 4918 71 4926; x_wconf 82' lang='grc'><em>“</em></span> <span class='ocrx_word' id='word_1_413' title='bbox 184 4909 455 4997; x_wconf 87' lang='lat' dir='ltr'>praeparationis</span> <span class='ocrx_word' id='word_1_414' title='bbox 476 4910 529 4975; x_wconf 90' lang='lat' dir='ltr'>vel</span> <span class='ocrx_word' id='word_1_415' title='bbox 553 4911 596 4976; x_wconf 88' lang='lat' dir='ltr'>ad</span> <span class='ocrx_word' id='word_1_416' title='bbox 622 4911 804 4977; x_wconf 88' lang='lat' dir='ltr'>sabbatum</span> <span class='ocrx_word' id='word_1_417' title='bbox 831 4911 884 4977; x_wconf 90' lang='lat' dir='ltr'>vel</span> <span class='ocrx_word' id='word_1_418' title='bbox 910 4909 955 4976; x_wconf 88' lang='lat' dir='ltr'>ad</span> <span class='ocrx_word' id='word_1_419' title='bbox 988 4910 1078 4977; x_wconf 92' lang='lat' dir='ltr'>diem</span> <span class='ocrx_word' id='word_1_420' title='bbox 1107 4913 1230 4978; x_wconf 83' lang='lat' dir='ltr'>festum</span> <span class='ocrx_word' id='word_1_421' title='bbox 1256 4912 1457 4997; x_wconf 84' lang='lat' dir='ltr'>generatim.</span> <span class='ocrx_word' id='word_1_422' title='bbox 1482 4913 1519 4973; x_wconf 82' lang='lat' dir='ltr'>Et</span> 
     </span>
    </p>
   </div>
   <div class='ocr_carea' id='block_1_3' title="bbox 0 0 1984 5653">
    <p class='ocr_par' dir='ltr' id='par_1_3' title="bbox 0 0 1984 5653">
     <span class='ocr_line' id='line_1_42' title="bbox 0 0 1984 5653; baseline 0 0"><span class='ocrx_word' id='word_1_423' title='bbox 0 0 1984 5653; x_wconf 95' lang='lat' dir='ltr'> </span> 
     </span>
    </p>
   </div>
  </div>
 </body>
</html>
