3960 5654
758 379 848 425 nanc.
872 367 921 433 lt,
945 364 1052 422 68-71.
1514 365 1570 423 tot

287 518 402 580 Petrus
422 510 543 579 merito
562 514 685 579 timens
708 534 750 578 ue
768 516 827 580 alii
849 511 966 579 audito
987 513 1131 578 ancillae
1156 534 1310 578 sermone
1332 513 1396 578 sibi
1420 526 1573 580 crearent

241 619 430 686 molestiam
460 618 542 684 exiit
565 622 661 709 foros
682 633 761 687 unte
786 619 912 686 atrium
930 608 989 691 ἔξω
1008 616 1098 691 rixi
1117 618 1277 705 προαύλιον
1297 619 1385 684 toras
1415 622 1449 684 iu
1476 620 1573 685 vesti-

240 724 377 806 bulum,
401 718 778 796 atramentarium.
802 732 921 806 26,7l;
946 727 1020 792 scil.
1047 726 1321 811 ingredientibus
1339 724 1476 789 obvium
1502 734 1573 791 erat

240 831 285 899 ad
307 833 447 898 ianuam
474 832 697 914 vestibulum,
716 830 877 921 προαύλιον
898 855 979 920 pars
1005 830 1145 898 aedium
1172 840 1250 897 ante
1278 831 1409 903 aulam3
1434 830 1508 894 vide
1531 833 1572 895 ad

241 937 355 1004 llattb.
378 943 497 1019 aaut,
528 954 560 1006 ct
581 935 692 1026 pallus
711 939 882 1020 cantooc't;
904 941 951 1003 uti
980 941 1011 1003 in
1033 939 1266 1027 praedictione
1286 938 1328 1002 de
1344 937 1470 1024 duplici
1493 937 1573 1022 galli

239 1051 341 1111 cantu
359 1048 487 1113 mentio
509 1047 599 1112 saeta
616 1053 683 1126 est,
705 1047 752 1113 ila
774 1048 808 1110 in
829 1047 1026 1111 narratione
1047 1052 1203 1110 accurate
1224 1045 1417 1130 assignatur
1433 1044 1484 1108 bis
1499 1043 1573 1129 gal-

239 1151 311 1216 lum
327 1151 507 1235 cecinisse;
529 1152 572 1220 ci.
589 1174 622 1216 v.
645 1159 698 1219 72.
721 1152 813 1220 Adeo
832 1160 987 1218 accurate
1006 1157 1153 1217 Marcum
1182 1152 1308 1216 referre
1325 1150 1373 1215 ait
1398 1151 1478 1215 Viet.
1495 1151 1574 1236 quia

238 1254 274 1321 id
295 1279 316 1323 a
338 1262 435 1326 Petro
457 1258 632 1339 didicerit;
659 1260 743 1346 galli
765 1265 867 1324 cautu
892 1267 1161 1323 commemorato
1182 1280 1221 1322 eo
1239 1257 1349 1342 magis
1368 1257 1574 1321 manifestari

239 1365 328 1430 Petri
349 1365 584 1431 infirmitatem
608 1372 642 1431 et
662 1366 830 1432 declarari
856 1372 986 1452 quanto
1008 1367 1131 1430 timore
1152 1365 1364 1430 exanimatus
1388 1363 1499 1428 luerit.
1529 1367 1575 1427 lta

239 1469 331 1536 enim
355 1473 491 1538 animus
514 1470 586 1536 eius
606 1479 871 1561 praeoccupatus
900 1476 988 1550 erat,
1017 1479 1053 1535 ut
1080 1470 1166 1555 galli
1191 1477 1308 1535 cantus
1329 1469 1520 1534 nullatenus
1543 1468 1575 1533 ei

237 1577 344 1644 verba
369 1577 502 1643 Domini
526 1577 562 1643 in
595 1587 744 1644 mentem
763 1586 953 1643 revocaret.
982 1581 1097 1665 Neque
1119 1577 1262 1642 aedibus
1284 1576 1437 1656 excessit,
1468 1575 1576 1641 voluit

239 1682 310 1750 scil.
333 1682 450 1749 videre
467 1683 572 1750 finem
596 1685 723 1772 (Matth.
749 1687 876 1770 26,58).
903 1688 986 1749 Cum
1012 1691 1082 1749 toto
1110 1683 1230 1748 babitu
1256 1691 1290 1748 et
1313 1682 1408 1748 vultu
1424 1682 1575 1746 dillerret

238 1789 283 1855 ab
298 1788 389 1870 aliiS,
405 1789 529 1856 iterum
549 1791 785 1880 interpellatur
809 1791 853 1856 ab
866 1790 933 1856 alia
957 1790 1083 1856 ancilla
1108 1812 1197 1877 (prae
1213 1812 1253 1855 oo
1274 1791 1346 1877 ipso
1368 1788 1461 1878 quod
1482 1790 1576 1853 novit

238 1917 317 1961 cum
337 1918 407 1963 non
427 1919 496 1963 esse
520 1919 560 1963 er
581 1899 685 1963 servis
713 1906 746 1963 et
767 1897 932 1963 ministris
958 1896 1128 1986 pontificis
1151 1897 1315 1984 suspicari
1344 1903 1477 1983 poterat
1497 1918 1574 1959 eum

238 2023 309 2069 esse
332 2001 539 2092 discipulum
561 2007 632 2070 lesu
651 2027 682 2070 v.
709 2011 750 2071 69
774 2025 890 2070 rursus
915 2016 1032 2069 autem
1058 2024 1136 2067 cum
1166 2001 1302 2067 vidisset
1326 2002 1423 2066 illum
1449 2000 1574 2066 ancilla

238 2108 351 2197 coepit
364 2107 475 2175 dicere
493 2109 791 2189 circumstantibus
808 2105 890 2178 καὶὴ
906 2097 1079 2188 παιδίσκη,
1098 2132 1137 2175 ex
1156 2109 1269 2174 ltattb.
1293 2115 1391 2184 rom
1415 2115 1488 2173 erat
1503 2109 1574 2173 alio

238 2215 379 2298 aneilla,
397 2215 492 2283 etita
507 2218 656 2283 narratio
679 2220 778 2283 llarci
804 2240 943 2307 quoque
965 2216 1111 2303 intelligi
1132 2216 1250 2295 ‹lebct;
1269 2238 1378 2304 neque
1394 2216 1503 2280 obstat
1518 2239 1574 2280 ar-

238 2322 362 2389 ticulus
387 2323 544 2413 (propter
569 2345 672 2411 quem
697 2323 853 2412 plerique
877 2324 1124 2402 recentiorum,
1152 2323 1254 2388 etiam
1284 2325 1392 2398 Patr„
1422 2323 1469 2385 uti
1493 2321 1573 2386 olim

237 2433 307 2495 iam
322 2428 485 2519 Theopla,
502 2451 577 2496 eam
594 2430 739 2496 eandem
766 2453 835 2496 esse
856 2436 992 2518 putant,
1017 2428 1060 2493 dc
1086 2451 1155 2516 qua
1178 2450 1208 2491 v.
1238 2434 1309 2510 oojc
1330 2449 1408 2492 uam
1432 2428 1575 2493 articulo

238 2557 346 2624 aeque
369 2534 459 2602 bene
484 2536 593 2602 solum
618 2537 832 2623 significatur
858 2536 998 2602 aneilla¹
1026 2557 1115 2622 quae
1142 2542 1213 2599 tum
1234 2556 1341 2622 prope
1368 2534 1487 2600 aderat
1515 2535 1571 2622 (cl.

240 2645 332 2708 loen.
355 2641 441 2729 3‚5).
469 2646 584 2730 Neque
604 2643 706 2708 obiici
731 2648 840 2732 potest
863 2642 930 2708 dici
946 2640 1051 2702 πάλιν.
1072 2645 1153 2706 Nam
1174 2644 1265 2700 cetu
1281 2642 1399 2705 saltem
1430 2641 1573 2706 dubium

178 2757 180 2760 ’
238 2752 287 2815 est
304 2747 394 2834 (vide
411 2748 488 2814 leet.
513 2748 619 2836 var.);
642 2771 752 2837 neque
768 2750 795 2815 si
817 2750 996 2828 retinetur,
1013 2748 1059 2813 ita
1074 2755 1207 2834 oportet
1227 2747 1385 2836 explicari
1402 2748 1571 2812 utiterum

236 2854 363 2921 aneilla
379 2854 528 2943 (eadem)
547 2855 660 2921 locuta
675 2856 733 2937 sit,
754 2878 872 2922 verum
890 2855 993 2921 debet
1013 2855 1132 2920 reterri
1149 2854 1191 2918 ad
1208 2852 1319 2918 dicere
1328 2873 1342 2934 ,·
1358 2855 1479 2918 iterum
1497 2854 1569 2919 scil.

236 2960 367 3029 dictum
391 2967 440 3027 est
458 2960 501 3028 de
526 2966 622 3028 Petro
640 2961 732 3051 quod
752 2969 851 3028 antea
872 2963 940 3027 iam
961 2962 1091 3026 dictum
1113 2962 1235 3025 luerat.
1263 2966 1371 3048 Atque
1395 2960 1457 3025 boe
1475 2960 1572 3025 modo

238 3067 364 3134 debere
377 3070 469 3130 mtto
488 3069 653 3155 coniungi
661 3075 754 3158 patet
770 3091 808 3134 ex
820 3092 851 3133 v.
867 3076 922 3147 to,
935 3068 993 3133 ubi
1008 3068 1225 3132 manifestum
1241 3074 1290 3131 est
1306 3062 1401 3127 mito
1418 3074 1571 3154 spectare

238 3173 283 3240 ed
296 3195 338 3240 ea
363 3195 451 3263 quae
475 3174 600 3241 iterum
619 3174 791 3253 dicuntur,
814 3197 881 3240 nou
905 3174 948 3240 ad
975 3197 1032 3239 eos
1052 3175 1112 3261 qui
1132 3174 1287 3240 astabant
1300 3173 1382 3261 quia
1398 3173 1458 3238 bos
1473 3181 1570 3240 antea

145 3338 148 3341 ,
237 3279 368 3347 locutos
383 3300 453 3346 esse
470 3303 540 3347 non
555 3280 692 3346 dieitur.

278 3385 364 3452 uicit
379 3387 487 3473 igitur
500 3388 567 3453 alia
581 3387 704 3453 aneilla
723 3410 730 3454 :
749 3388 831 3476 quic
846 3388 899 3452 lu'c
916 3410 958 3454 er
970 3387 1038 3452 illis
1054 3401 1117 3468 est,
1137 3411 1167 3450 v.
1187 3396 1227 3451 to
1243 3401 1279 3452 ot
1300 3386 1358 3452 ille
1370 3389 1494 3454 iterum
1513 3412 1568 3454 nc-

189 3484 193 3493 ’
235 3493 348 3582 pavi&
370 3506 404 3558 et
426 3504 502 3581 post
516 3493 683 3581 pusillum
708 3516 825 3560 rursus
849 3495 912 3584 qui
933 3497 1091 3559 astabunt
1114 3493 1271 3559 dicebant
1292 3497 1417 3560 Petro:
1439 3518 1511 3561 ecre
1529 3519 1570 3561 cr

238 3600 305 3692 illes
321 3621 374 3681 es,
390 3621 470 3665 nom
486 3612 519 3665 et
540 3598 714 3666 Galilaeae
731 3622 782 3682 es,·
805 3623 882 3665 nam
905 3600 1041 3688 loquela
1065 3623 1142 3665 eum
1165 3601 1381 3666 nranilcstum
1408 3603 1501 3670 lecit.
1522 3605 1568 3669 uti

237 3707 352 3773 llntth.
369 3711 471 3788 2653
496 3703 633 3771 dicitur.
656 3708 814 3782 Quamvis
839 3708 953 3795 itaque
977 3711 1103 3771 llareus
1133 3730 1199 3772 non
1226 3708 1415 3772 narraverit
1431 3710 1494 3774 nisi
1511 3714 1567 3775 l'e-

235 3817 325 3878 trum
342 3833 497 3899 negasse,
516 3834 593 3878 cum
612 3812 735 3878 ancilla
750 3812 877 3878 diceret
890 3814 1209 3890 circumstantibus,
1232 3823 1344 3880 tamen
1363 3838 1401 3880 ex
1417 3838 1457 3880 eo
1475 3817 1566 3904 quod

235 3939 315 3983 eum
329 3923 502 4007 tamquam
517 3918 704 3986 Galilaeum
716 3941 785 3985 esse
794 3920 950 4005 agnitum
968 3921 1071 3985 relert
1085 3921 1238 4007 sequitur
1254 3925 1386 3985 Petrum
1398 3922 1567 4009 colloquia

234 4025 408 4092 miscuisse
423 4047 500 4090 cum
515 4024 581 4090 illis
600 4027 655 4090 vel
668 4025 822 4114 pluribus
836 4049 870 4091 se
890 4026 934 4091 ab
955 4027 1014 4091 illa
1030 4030 1244 4093 accusatione
1260 4027 1460 4094 defendisse.
1486 4033 1566 4093 Rem

234 4129 384 4199 breviter
399 4136 516 4197 narrat
535 4136 662 4197 llarous
677 4132 712 4197 in
727 4132 762 4199 id
782 4134 891 4199 solum
903 4134 1052 4199 intentus
1069 4141 1103 4198 ut
1120 4141 1170 4198 ter
1187 4137 1320 4198 l‘ctrum
1339 4156 1476 4220 negasse
1491 4158 1566 4200 era-

234 4236 294 4304 dat
313 4238 546 4318 manifestum3
568 4261 597 4302 v.
619 4246 657 4303 rt
677 4238 734 4305 ille
746 4253 861 4306 uectem
878 4241 989 4328 eoepit
1004 4239 1316 4320 urcntltrrnutae'mrc,
1333 4263 1408 4306 cum
1431 4244 1566 4327 negatio

235 4344 378 4433 simplex
400 4345 466 4408 iam
497 4366 564 4409 non
588 4345 759 4411 sullicerot
777 4346 894 4435 illique
920 4348 1088 4411 instarent
1108 4355 1141 4412 et
1167 4348 1234 4412 alia
1251 4370 1387 4435 quoquc
1407 4348 1565 4415 afferrent

269 4563 290 4605 1.
304 4557 420 4605 Fortasse
435 4555 526 4604 arodus
539 4556 661 4619 loquendi
675 4560 690 4619 ἡ
704 4560 820 4616 παιδίσκη
835 4558 867 4607 arl
880 4559 948 4607 Petri
966 4560 1138 4609 narrationem
1154 4561 1302 4607 rrt'rrrmtus
1312 4565 1360 4621 cst,
1376 4562 1420 4624 qni
1436 4562 1489 4610 srtl.
1505 4563 1565 4610 dum

235 4637 338 4687 tristem
356 4635 426 4684 illum
444 4638 564 4684 eventum
578 4642 841 4698 commemorantem
856 4642 987 4695 παιδίσκη-ι
1003 4643 1077 4687 errius
1094 4656 1152 4687 rore
1169 4647 1222 4688 tum
1236 4643 1431 4702 prrtrrrct'aetus
1444 4649 1479 4691 est
1492 4643 1565 4704 «quasi

236 4721 320 4767 mente
334 4729 440 4765 cernens
459 4716 492 4765 ita
508 4715 610 4766 locutus
624 4718 666 4767 sit.
690 4719 727 4767 lta
743 4721 808 4768 enim
827 4722 850 4769 in
868 4735 897 4769 eo
920 4721 990 4782 quod
1009 4721 1055 4782 ipsi
1072 4723 1170 4783 rqrrrtt
1194 4726 1254 4769 sunt
1272 4721 1386 4771 hommes
1402 4724 1468 4785 toqui
1486 4725 1566 4773 solent

235 4796 412 4848 determinate.

688 4892 870 4940 littnuexnauan
889 4905 913 4941 m
930 4894 1010 4941 ilinc.
1040 4919 1061 4928 -
1079 4901 1116 4940 243.
