3960 5654
1046 527 1136 571 nanc,
1159 513 1189 583 2,
1214 514 1262 571 17.
1783 516 1821 576 79

491 665 602 733 verbis
621 664 767 753 explicat
783 663 911 732 addens
929 688 936 730 :
959 684 1027 727 non
1049 662 1166 752 (onim)
1182 662 1263 729 veni
1275 683 1397 727 vocare
1416 662 1520 729 iustos
1538 661 1597 730 scd
1608 674 1822 752 pcccatorcs;

489 793 606 840 sensus
626 777 676 837 est
698 768 804 852 idem;
827 793 911 861 quos
927 774 1027 834 anteo
1047 791 1145 836 sanos
1165 775 1343 836 vocaverat
1364 790 1455 833 nunc
1478 778 1574 836 vocat
1593 773 1715 850 iustos,
1736 791 1821 858 quos

490 879 579 946 male
601 874 762 943 habentes
784 899 874 943 nuuc
896 875 1045 963 appellat
1067 882 1275 966 peccatores;
1299 882 1337 941 ut
1356 874 1506 941 medicus
1521 898 1639 942 curam
1658 874 1822 967 impendit

488 985 650 1073 aegrotis,
675 989 710 1048 ut
729 984 878 1050 salvator
894 982 1001 1047 salvat
1021 1006 1077 1048 eos
1100 984 1158 1070 qui
1177 982 1330 1047 interitui
1353 981 1492 1047 obnoxii
1511 989 1589 1046 sunt
1608 983 1630 1047 i.
1650 1006 1679 1048 e.
1701 1005 1820 1073 pecca·

488 1099 586 1158 tores.
606 1092 671 1154 lam
691 1113 769 1157 vero
792 1111 830 1155 ex
846 1096 986 1176 peccato
1003 1089 1110 1155 Adam
1131 1110 1249 1154 omnes
1271 1095 1461 1154 nascuntur
1479 1094 1690 1177 peccatores,
1711 1095 1819 1155 totum

489 1217 596 1284 genus
616 1197 806 1264 humanum
824 1196 910 1260 male
930 1195 1082 1262 habetet
1104 1194 1285 1283 multiplici
1308 1195 1429 1260 morbo
1445 1194 1593 1277 laborat,
1613 1197 1661 1262 uti
1677 1196 1713 1263 S.
1728 1198 1817 1285 Auq.

488 1303 594 1370 dicit:
615 1334 629 1363 «ι
647 1308 802 1389 aegrotat
816 1301 1008 1367 humanum
1025 1323 1151 1388 genus,
1167 1323 1233 1366 non
1251 1301 1381 1366 morbis
1397 1301 1563 1389 corporis,
1581 1300 1638 1367 sed
1653 1302 1816 1391 peccatis;

486 1410 571 1475 iacet
584 1417 655 1476 toto
669 1410 752 1476 orbe
766 1414 934 1476 terrarum
948 1408 992 1474 ab
1006 1409 1135 1473 oriente
1150 1430 1254 1497 usque
1272 1409 1308 1472 in
1321 1408 1531 1473 occidentem
1547 1408 1687 1494 grandis
1702 1431 1821 1496 aegro-

488 1524 556 1598 tus;
574 1517 617 1584 ad
637 1514 828 1582 sanandum
844 1515 1011 1602 grandem
1028 1520 1210 1600 aegrotum
1231 1514 1407 1580 descendit
1420 1516 1635 1602 omnipotens
1654 1514 1819 1597 medicus;

487 1621 680 1689 humiliavit
700 1644 735 1688 se
754 1644 860 1710 usque
879 1621 924 1687 ad
950 1620 1128 1686 mortalem
1147 1642 1285 1686 carnem
1308 1627 1486 1708 tamquam
1508 1643 1615 1709 usque
1634 1622 1676 1687 ad
1698 1623 1821 1688 lectum

486 1728 692 1815 aegrotantis
708 1756 724 1789 υ
738 1733 850 1817 (serm.
866 1732 921 1806 87,
936 1750 1009 1816 cap.
1027 1734 1064 1792 tt
1079 1749 1087 1808 ;
1102 1727 1148 1793 al.
1164 1726 1206 1793 de
1217 1726 1332 1793 verbis
1345 1731 1382 1792 D.
1396 1735 1457 1808 59;
1475 1729 1522 1792 M.
1536 1727 1686 1815 38,537).
1702 1731 1823 1796 Omnes

487 1837 578 1902 enim
592 1841 816 1926 peccaverunt
831 1841 979 1921 etegent
997 1833 1109 1919 gloria
1127 1834 1200 1914 liei,
1219 1838 1255 1899 ut
1271 1834 1318 1899 ait
1336 1834 1509 1922 apostolus
1525 1836 1633 1921 (ltom.
1651 1835 1754 1919 3,·23).

524 2103 661 2164 Proinde
677 2119 740 2163 non
759 2120 839 2180 opus
862 2107 910 2162 est
932 2118 1085 2179 quaerore
1110 2103 1241 2178 quinam
1262 2100 1325 2160 sint
1345 2100 1414 2160 sani
1439 2104 1471 2162 et
1489 2101 1580 2172 iusti,
1596 2101 1644 2162 vel
1664 2102 1824 2180 quomodo

485 2201 625 2264 Christus
638 2201 723 2261 dicat
735 2218 769 2261 se
786 2218 848 2260 non
865 2200 990 2260 venisse
1006 2216 1118 2260 vocare
1133 2200 1245 2270 iustos,
1263 2216 1337 2259 cum
1352 2203 1462 2259 tamen
1475 2198 1551 2259 iusti
1568 2217 1695 2278 quoque
1708 2200 1826 2262 luerint

486 2301 518 2359 in
536 2304 640 2360 vetere
657 2303 848 2359 testamento
869 2303 901 2357 et
913 2285 1060 2375 'tempore
1076 2297 1190 2357 Christi
1212 2313 1292 2374 quos
1307 2314 1384 2357 sane
1400 2297 1439 2357 ad
1458 2315 1492 2357 se
1509 2297 1700 2358 invitaverit.
1717 2301 1824 2377 Neque

486 2415 615 2458 necesse
631 2401 679 2457 est
699 2396 856 2474 explicare
870 2400 926 2456 aut
941 2413 1014 2455 cum
1031 2394 1095 2455 Alo.
1119 2411 1174 2455 eos
1195 2395 1297 2454 vocari
1317 2395 1371 2471 qui
1392 2395 1485 2473 longe
1504 2396 1583 2466 sint,
1601 2396 1704 2457 iustos
1717 2402 1823 2458 autem

486 2496 549 2555 iam
566 2513 633 2555 esse
649 2512 748 2573 prope
769 2499 800 2553 et
819 2511 893 2554 cum
916 2495 985 2554 lesu
1004 2493 1203 2564 coniunctos,
1221 2492 1307 2552 unde
1328 2510 1383 2553 eos
1399 2509 1464 2553 non
1486 2493 1629 2572 indigere
1647 2495 1821 2566 vocatione,

484 2598 537 2653 aut
551 2609 625 2653 cum
641 2592 711 2652 aliis
727 2592 831 2652 lesum
852 2591 938 2668 toqui
962 2592 1082 2652 ironice
1100 2609 1108 2650 ε
1123 2609 1187 2651 non
1203 2590 1274 2650 veni
1298 2593 1335 2650 ut
1352 2607 1499 2652 vocarem
1517 2609 1572 2651 vos
1592 2592 1647 2669 qui
1663 2609 1719 2653 vos
1735 2593 1821 2671 ipsos

484 2691 659 2752 iustificatis
686 2688 848 2769 (Theoph.)
878 2707 973 2767 quam
1003 2689 1223 2767 acceptionem
1252 2687 1344 2748 nata
1376 2693 1522 2750 veterum
1556 2707 1625 2749 esse
1654 2695 1820 2752 auctorum

485 2789 598 2849 merito
615 2788 691 2849 dicit
712 2787 762 2866 (ad
787 2789 894 2848 Matth.
916 2790 1011 2865 etti).
1033 2788 1150 2847 Verum
1168 2786 1378 2846 manifestum
1396 2791 1445 2847 est
1461 2804 1573 2847 omnes
1592 2805 1609 2847 a
1629 2788 1750 2849 Christo
1769 2805 1821 2849 vo-

483 2887 546 2947 cari
568 2888 587 2945 i.
603 2905 631 2946 e.
649 2887 776 2945 invitari
792 2886 831 2946 ad
855 2885 1099 2964 poenitentiam,
1117 2885 1267 2945 omnibus
1281 2884 1391 2944 offerri
1409 2887 1511 2945 varias
1525 2886 1643 2963 gratias
1657 2887 1775 2963 quihus
1788 2904 1821 2949 se

483 2985 608 3063 possint
627 2984 745 3044 salvare
766 2989 797 3044 et
822 2984 934 3042 scribis
958 3000 1086 3060 quoque
1107 2987 1140 3042 et
1156 2981 1328 3060 pharisaeis
1346 2983 1506 3042 Christum
1529 2982 1682 3043 doctrinis
1701 2985 1766 3044 suis
1786 3001 1822 3045 ac

484 3082 785 3162 reprehensionibus
800 3087 832 3141 et
848 3081 1009 3141 miraculis
1024 3080 1141 3140 multas
1156 3079 1310 3140 obtulisse
1330 3083 1586 3158 opportunitates
1601 3081 1822 3160 resipiscendi.

484 3183 591 3258 Neque
606 3184 730 3258 oportet
745 3197 816 3240 cum
836 3179 934 3240 Toleto
947 3177 1087 3253 (adhuc.
1100 3181 1118 3238 5
1132 3181 1241 3238 annot.
1255 3177 1306 3256 63)
1321 3178 1522 3256 interpretari
1537 3196 1544 3238 :
1564 3203 1577 3233 a
1593 3198 1658 3240 nou
1673 3188 1735 3241 tom
1750 3182 1822 3241 veui

483 3296 593 3339 vocare
611 3279 711 3338 iustos
726 3296 815 3355 quom
833 3282 1016 3354 peccatores
1026 3295 1035 3350 ;
1053 3294 1165 3337 omnes
1180 3275 1311 3354 quidem
1326 3277 1399 3336 veni
1415 3294 1539 3346 vocare,
1556 3279 1657 3339 iustos
1673 3284 1704 3339 et
1716 3297 1825 3357 pecca-

484 3382 581 3450 tores,
598 3376 653 3437 sed
673 3376 773 3453 magis
793 3374 976 3452 indigebant
996 3378 1196 3452 peccatores,
1215 3373 1332 3434 idcirco
1349 3375 1420 3435 dico
1438 3376 1541 3454 magis
1556 3376 1681 3437 vonisse
1696 3382 1825 3456 propter

484 3476 553 3546 hos,
569 3475 652 3534 sicut
666 3473 811 3533 medicus
824 3473 925 3550 magis
939 3479 1070 3550 propter
1085 3476 1230 3550 aegrotos
1245 3472 1335 3533 venit
1349 3490 1445 3550 quam
1460 3479 1591 3552 propter
1605 3491 1708 3548 sanos,
1725 3476 1822 3537 etiam

484 3573 510 3633 si
526 3572 558 3632 hi
574 3572 699 3631 medico
715 3571 879 3648 indigeant
901 3594 928 3628 υ.
945 3570 1049 3640 Quare
1069 3571 1176 3648 potius
1199 3569 1370 3630 dicendum
1391 3576 1439 3631 est
1457 3589 1533 3631 cum
1555 3573 1622 3632 Coi.
1640 3592 1650 3633 :
1667 3595 1682 3626 a
1699 3573 1819 3651 duplici

481 3670 604 3731 ratione
619 3670 761 3729 confutat
776 3669 974 3746 pharisaeos;
998 3667 1102 3744 prima
1118 3672 1167 3728 est
1182 3684 1219 3728 ea
1234 3668 1340 3728 ollicio
1361 3669 1478 3728 medici
1494 3686 1575 3746 quae
1590 3670 1673 3730 clara
1688 3677 1750 3740 est:
1768 3689 1818 3733 se·

483 3768 584 3828 cunda
599 3769 678 3828 ratio
698 3785 735 3827 ex
751 3767 879 3844 proprio
895 3765 1016 3838 osticio;
1034 3765 1091 3825 ubi
1108 3771 1184 3826 nota
1200 3766 1285 3844 quod
1302 3784 1366 3825 non
1384 3767 1489 3827 solum
1508 3776 1665 3845 quatenus
1677 3769 1817 3831 osticium

483 3866 614 3939 medici,
634 3864 688 3925 sed
704 3866 799 3924 ctiam
813 3872 970 3941 quatenus
991 3863 1137 3924 osticium
1152 3864 1376 3924 annuntiantis
1391 3866 1525 3925 verbum
1542 3867 1597 3927 Dei
1613 3872 1751 3938 exercet,
1768 3885 1817 3928 ra·

484 3964 604 4025 tionem
621 3963 734 4024 reddit.
753 3962 787 4022 ln
803 3979 865 4039 qua
883 3963 1024 4020 insinuat
1038 3962 1145 4022 nullos
1165 3962 1264 4022 iustos
1284 3962 1340 4022 sed
1356 3979 1468 4023 omnes
1483 3970 1665 4041 peccatores
1680 3981 1765 4039 esse;
1781 3984 1818 4026 ex

485 4079 523 4123 eo
545 4063 633 4122 enim
654 4061 736 4138 quod
756 4060 823 4138 ipsc
843 4060 929 4119 venit
950 4077 1060 4120 vocare
1080 4076 1191 4120 omnes
1209 4067 1241 4120 et
1255 4077 1320 4120 non
1334 4061 1423 4121 venit
1442 4079 1556 4121 vocare
1575 4062 1690 4135 iustos,
1708 4080 1819 4125 conse·

482 4177 584 4237 quens
599 4165 646 4220 est
661 4159 746 4237 quod
762 4158 869 4218 nullus
884 4158 925 4216 sit
939 4158 1042 4217 iustus
1061 4181 1088 4216 a.
1102 4158 1240 4218 Proinde
1253 4165 1288 4219 ut
1304 4159 1464 4220 sententia
1480 4159 1533 4219 illa
1548 4177 1620 4230 una,
1635 4162 1737 4221 lesum
1751 4178 1820 4223 esse

482 4259 643 4319 medicum
660 4275 796 4334 eumque
811 4256 936 4316 venisse
956 4262 990 4316 ut
1008 4256 1112 4316 salvos
1127 4255 1244 4317 laceret
1260 4257 1421 4334 perituros
1438 4258 1458 4316 i.
1482 4277 1509 4318 e.
1527 4264 1722 4335 peccatores,
1740 4260 1820 4320 ctare

481 4364 514 4418 et
529 4375 602 4416 cum
613 4355 755 4433 emphasi
769 4355 930 4424 alteratur,
946 4353 1131 4415 enuntiatur
1146 4355 1205 4425 bis,
1217 4354 1406 4415 affirmative
1420 4356 1531 4427 semel,
1549 4358 1647 4416 semel
1663 4358 1817 4435 negative,

481 4455 512 4515 id
529 4455 613 4533 quod
631 4454 756 4532 saepius
772 4455 839 4513 lieri
856 4454 953 4524 solet;
973 4452 1045 4512 vide
1062 4453 1173 4512 Matth.
1192 4455 1275 4526 opt.
1295 4455 1343 4513 15.

521 4553 692 4613 Matthaeus
708 4552 849 4610 scribens
866 4551 996 4628 illisqui
1011 4550 1190 4628 Scripturas
1202 4555 1320 4611 norunt
1333 4552 1421 4612 addit
1433 4571 1440 4610 :
1454 4560 1566 4614 euntes
1579 4559 1688 4614 autem
1705 4554 1817 4617 discite

481 4652 554 4728 quid
577 4658 624 4710 est
641 4669 647 4709 :
666 4649 920 4709 misericordiam
937 4650 1008 4709 volo
1025 4657 1057 4710 et
1072 4666 1136 4708 non
1153 4650 1343 4710 sacrificium
1358 4651 1423 4728 (Os.
1440 4651 1514 4726 6,6).
1534 4654 1654 4713 Marcus
1671 4659 1701 4713 et
1715 4655 1813 4714 Lucas

481 4749 511 4808 id
528 4767 589 4809 non
607 4750 733 4818 hahent,
751 4765 821 4808 cum
838 4749 919 4826 apud
937 4766 990 4808 cos
1006 4748 1123 4826 quihus
1139 4749 1281 4808 scribunt
1295 4748 1395 4808 libros
1410 4755 1471 4808 vet.
1489 4753 1561 4809 test.
1577 4750 1656 4809 adeo
1673 4769 1741 4813 esse
1756 4770 1812 4814 no·

481 4854 529 4907 tos
544 4848 675 4907 minimo
694 4864 871 4925 supponere
890 4847 1022 4923 possint.
1044 4879 1083 4888 —
1103 4847 1273 4924 Perperam
1297 4847 1440 4925 concipit
1457 4846 1560 4926 Meyer
1577 4846 1690 4908 καλέσαι
1708 4870 1813 4913 vocare

479 4944 518 5006 de
546 4947 729 5008 inritatione
753 4945 791 5006 ad
815 4945 1012 5019 conrii-ium,
1041 4950 1077 5006 ut
1101 4947 1215 5024 probet
1238 4946 1425 5009 convivium
1451 4945 1547 5008 luisse
1567 4947 1598 5007 in
1625 4947 1719 5012 domo
1742 4951 1812 5017 lesu
