3960 5654
204 491 264 550 420
343 540 344 544 ,
719 502 822 546 lanc.
844 486 894 553 tt,
917 483 1019 544 :tt-33.

204 638 371 727 templum
391 632 552 699 adventu.
577 631 699 721 Utique
722 634 818 701 inscii
844 632 885 696 iis
906 632 976 699 fere
997 640 1139 700 utuntur
1164 631 1275 697 verbis
1296 632 1421 722 quihus
1448 633 1537 695 lesus

202 765 298 811 suam
317 739 488 830 praedixit
507 741 806 816 resurrectionem
831 761 860 802 v.
884 745 923 804 31
940 740 1093 805 similiter
1107 752 1139 805 et
1157 738 1279 804 sermmi
1292 736 1479 804 sacerdotes
1494 734 1536 799 il-

204 848 357 914 ludentes
376 845 424 911 ud
438 844 644 911 alterutrum
668 870 747 914 cum
768 843 885 912 scribis
904 845 1059 912 dicebant
1083 868 1093 909 .·
1115 846 1199 910 alios
1218 844 1327 908 soloos
1343 844 1444 930 fecit,
1464 847 1538 907 utut

203 953 298 1041 rabie
314 959 347 1018 et
362 951 440 1018 odio
457 953 492 1018 in
513 956 622 1017 lesum
640 953 769 1020 incensi
787 956 881 1027 sunt,
901 958 1015 1018 tamen
1029 959 1160 1017 sanatos
1176 973 1244 1017 esse
1259 957 1413 1035 aegrotos
1429 973 1448 1014 a
1464 955 1536 1015 lesu

203 1082 272 1125 non
286 1059 396 1125 solum
408 1080 476 1124 nou
491 1065 631 1143 negant,
644 1059 705 1126 sed
716 1061 837 1148 sponte
850 1058 1068 1146 profitentur;
1082 1057 1223 1147 proinde
1235 1063 1426 1142 agnoscunt
1437 1057 1536 1120 mira-

201 1167 279 1232 cula
297 1166 342 1232 ab
364 1187 405 1231 eo
421 1187 491 1231 esse
512 1171 665 1254 patrata,
687 1164 788 1231 sicuti
803 1171 951 1254 propter
966 1163 1084 1230 eadem
1102 1163 1267 1229 miracula
1287 1164 1537 1228 constituerunt

202 1273 233 1338 ei
250 1278 395 1338 mortem
416 1270 607 1338 machinari
623 1272 728 1361 (ioan.
751 1270 863 1357 itai)

248 1375 372 1445 Verum
394 1377 457 1443 hac
475 1401 556 1445 voce
575 1401 610 1445 se
628 1380 718 1467 ipsos
732 1376 973 1444 condemnant.
992 1381 1100 1466 Opera
1117 1377 1208 1442 enim
1227 1375 1288 1441 illa
1307 1398 1394 1463 quae
1411 1381 1537 1440 norunt

202 1491 235 1551 et
256 1507 290 1551 se
310 1506 407 1550 nosse
429 1485 634 1574 profitentur
660 1483 889 1550 testimonium
910 1481 1093 1572 perhibent
1117 1482 1159 1548 de
1182 1488 1270 1563 lesu;
1301 1485 1448 1570 seipsam
1469 1504 1537 1547 noa

196 1603 311 1681 potest
324 1592 456 1658 salvum
468 1593 603 1679 sucere;
615 1610 725 1683 ¹quam
741 1589 824 1655 salso
842 1591 906 1655 hoc
922 1589 1088 1667 dicerent,
1107 1595 1263 1678 poterant
1279 1609 1535 1674 cognoscereet

119 1787 122 1791 Α
202 1698 421 1788 responsione
439 1703 513 1765 lesu
528 1693 685 1761 inhorto
702 1702 821 1775 1t‚t9;
841 1718 874 1760 v.
892 1702 935 1760 32
955 1694 1121 1775 Christus,
1139 1717 1198 1760 rec
1213 1695 1335 1775 lsrael,
1356 1694 1537 1760 irridentes

202 1810 363 1894 repetunt
378 1802 446 1870 duo
467 1802 527 1868 illa
541 1809 683 1891 propter
695 1824 783 1890 quae
804 1806 891 1867 lesus
907 1802 1024 1868 mortis
1039 1824 1116 1868 reus
1130 1801 1321 1867 declaratus
1333 1807 1384 1867 est
1399 1824 1420 1867 a
1435 1822 1535 1887 syne-

200 1909 316 1976 dristis
333 1916 366 1976 et
382 1931 403 1975 a
419 1908 545 1986 Pilato,
563 1905 745 1974 descendat
757 1930 847 1973 nunc
863 1906 904 1973 de
920 1929 1036 1988 cruce,
1057 1909 1103 1974 ita
1118 1907 1218 1974 simul
1234 1908 1431 1997 exprimunt
1449 1929 1537 1991 gau-

202 2015 299 2083 dium
317 2014 456 2081 crudele
475 2019 509 2080 et
523 2014 752 2103 voluptatem,
766 2013 856 2101 quod
871 2014 1009 2106 tandem
1025 2036 1103 2080 eum
1116 2021 1261 2080 cernunt
1273 2013 1411 2079 affixum
1427 2014 1535 2091 cruci,

202 2134 239 2187 ut
252 2120 439 2188 <uideamus
459 2119 532 2187 scil.
550 2141 630 2186 eum
652 2141 723 2186 esse
744 2142 864 2187 revera
883 2142 985 2208 quem
1004 2142 1038 2186 se
1055 2119 1157 2197 dixit,
1175 2120 1345 2186 Christum
1368 2127 1401 2185 et
1421 2141 1537 2205 regem

202 2228 317 2307 lsrael,
334 2226 580 2309 etcrcdumus,·
592 2225 653 2316 qui
673 2232 724 2292 tot
734 2227 843 2313 signis
860 2225 963 2292 fidem
979 2233 1160 2312 negarant,
1179 2249 1261 2291 num
1277 2226 1358 2291 huic
1371 2224 1537 2291 credituri

200 2334 387 2400 fuissent¹‘?
407 2345 438 2400 et
453 2333 516 2422 qui
537 2354 669 2399 cumea
690 2332 850 2417 crucifixi
864 2346 962 2399 erunt
983 2330 1261 2398 conviciabantur
1285 2333 1335 2415 ei‚·
1353 2331 1439 2397 adeo
1460 2331 1538 2396 vilis

202 2445 291 2506 lesus
311 2439 470 2517 habetur,
493 2445 530 2505 ut
548 2460 569 2505 a
585 2437 719 2504 latrone
741 2439 921 2519 cruciario,
944 2439 1105 2504 vilissimo
1130 2440 1354 2505 homuncione
1377 2446 1539 2504 oneretur

202 2546 429 2614 contumeliis.
450 2550 519 2612 lam
537 2545 621 2611 Viet.
641 2551 733 2611 notat
747 2549 870 2611 Lucam
881 2547 1069 2612 accuratius
1081 2567 1151 2611 rem
1167 2567 1308 2611 narrare
1319 2545 1370 2610 vel
1383 2546 1427 2610 ab
1443 2545 1538 2610 initio

202 2661 388 2742 utrumque
410 2651 581 2719 latronem
607 2650 761 2718 convicia
785 2652 820 2717 iu
846 2656 955 2717 lesum
979 2653 1117 2718 iactasse
1140 2652 1198 2740 (cl.
1228 2652 1373 2739 Theopd.
1406 2653 1536 2736 Patr.);

202 2781 300 2849 posse
314 2779 499 2826 numerum
514 2757 685 2847 pluralem
700 2757 743 2824 de
759 2779 975 2846 unoquoque
992 2756 1147 2824 adhiberi
1164 2760 1199 2825 S.
1218 2762 1305 2847 Azeq.
1324 2765 1460 2848 praeter
1471 2758 1539 2823 alia

201 2864 358 2953 exempla
377 2886 484 2931 sacra
499 2863 616 2953 (Hebr.
645 2871 758 2945 11,33.
783 2865 837 2952 37)
861 2864 959 2930 modo
976 2864 1137 2953 loquendi
1160 2865 1309 2930 ostendit
1332 2867 1535 2930 communi:

205 3001 220 3031 «
240 2971 326 3060 quid
341 2976 391 3037 est
406 2969 561 3036 usitatius
581 2968 679 3035 verbi
694 2971 806 3056 gratia
820 2991 925 3057 quam
940 2974 977 3035 ut
991 2969 1083 3036 dicat
1094 2970 1217 3059 aliquis
1239 2991 1246 3036 :
1269 2978 1303 3036 et
1318 2972 1434 3036 rustici
1455 2970 1538 3035 mihi

202 3077 387 3155 insultant,
412 3075 543 3142 etiamsi
557 3097 647 3141 unus
661 3075 801 3141 insultet
818 3103 833 3135 »
851 3075 906 3163 (de
924 3098 1015 3142 cons.
1034 3098 1085 3142 ev.
1114 3083 1205 3154 att.
1229 3078 1298 3162 53).
1322 3081 1407 3141 llaec
1424 3085 1537 3142 autem

202 3183 357 3250 convicia
371 3182 406 3248 in
426 3188 534 3248 lesum
550 3203 622 3249 esse
637 3183 728 3248 iacta
742 3181 984 3270 irrisionesque
998 3190 1076 3248 ante
1093 3190 1224 3247 exortas
1240 3183 1398 3263 tenebras
1417 3189 1450 3247 et
1466 3183 1536 3271 ipsa

201 3289 410 3356 narrationis
423 3290 510 3355 serie
521 3287 615 3378 apud
626 3293 697 3354 tres
709 3288 906 3377 synopticos
918 3295 1061 3378 apparet
1073 3289 1225 3375 (loannes
1235 3289 1455 3354 tenebrarum
1471 3312 1538 3355 non

203 3397 284 3463 iacit
306 3395 529 3483 mentionem)
546 3401 580 3460 et
601 3393 706 3461 etiam
727 3395 803 3483 ipsa
821 3417 856 3459 re
879 3394 1050 3461 suadetur.
1074 3396 1244 3461 Tenebrae
1258 3395 1349 3461 enim
1365 3397 1411 3461 ita
1426 3397 1538 3461 subito

202 3509 322 3568 contra
339 3507 484 3567 naturae
504 3522 642 3567 cursum
662 3505 755 3567 ortae
771 3500 930 3566 omnibus
948 3523 1029 3567 sane
1048 3503 1204 3567 timorem
1232 3501 1444 3567 incutiebant
1464 3504 1538 3568 ani-

204 3629 347 3696 mosque
381 3607 545 3674 tenebant
581 3627 760 3696 suspensos
784 3605 866 3695 quid
898 3606 948 3673 rei
983 3615 1068 3674 esset
1097 3616 1130 3673 et
1157 3632 1176 3674 a
1201 3607 1415 3674 coutumeliis
1448 3631 1539 3674 com-

204 3713 400 3802 pescebant.
424 3716 531 3789 Quare
556 3712 659 3779 simul
679 3712 833 3801 sequitur
854 3713 968 3802 aliquo
994 3721 1144 3803 tempore
1168 3720 1245 3781 ante
1268 3715 1387 3780 horam
1412 3725 1538 3781 sextam

205 3824 315 3886 lesum
329 3841 399 3886 esse
412 3818 447 3884 in
461 3840 560 3885 cruce
571 3840 772 3907 suspensum
784 3840 931 3908 eumque
940 3842 1000 3909 per
1010 3821 1087 3910 plus
1097 3828 1164 3886 tres
1175 3821 1276 3886 horas
1286 3824 1456 3887 cruciatus
1466 3823 1540 3888 illos

204 3924 395 3992 horrendos
409 3931 443 3991 et
457 3931 627 3991 tormenta
639 3925 792 3992 omnium
812 3927 1044 3993 membrorum
1062 3927 1308 3994 inenarrabilia
1327 3930 1535 3995 sustinuisse.

249 4037 364 4120 Nuper
377 4032 547 4121 petierant
563 4031 703 4118 signum
721 4031 763 4097 de
778 4032 870 4099 coelo
890 4037 993 4118 (8‚11.
1014 4035 1127 4100 tlatth.
1150 4037 1248 4120 lat),
1267 4035 1333 4100 iam
1352 4035 1418 4100 illis
1437 4035 1539 4101 datur

203 4138 323 4226 (Vico.)
340 4161 373 4205 v,
391 4145 432 4205 33
448 4150 480 4203 et
493 4138 590 4226 foeta
607 4138 692 4203 horu
711 4149 807 4203 sexta
821 4137 977 4205 tenebrae
987 4141 1101 4227 sactae
1118 4153 1195 4205 stent
1208 4161 1270 4228 per
1285 4153 1392 4206 totam
1409 4154 1536 4207 terram

207 4266 314 4334 usque
329 4245 367 4310 in
378 4245 499 4311 boram
515 4264 664 4327 nonam,·
679 4243 849 4333 approbat
860 4245 965 4311 Muld.
981 4247 1181 4312 sententiam
1202 4249 1357 4333 (trigenis
1376 4250 1537 4315 tenebras

205 4350 311 4417 factas
323 4374 392 4418 esse
405 4352 521 4417 insola
536 4351 694 4432 iudaea&
709 4351 791 4438 quia
805 4351 912 4418 laetae
925 4360 1001 4418 sunt
1015 4359 1153 4441 propter
1163 4354 1247 4419 solos
1259 4354 1400 4419 ludaeos
1411 4378 1536 4443 eosque

237 4595 258 4639 t.
275 4591 382 4640 Perorat
395 4591 437 4640 hic
453 4594 497 4640 Ps.
511 4593 584 4640 Hier.
597 4607 607 4640 :
623 4610 635 4637 a
650 4605 695 4641 vos
707 4591 774 4654 ipsos
785 4590 898 4648 consulo,
914 4605 958 4641 vos
970 4592 1037 4654 ipsos
1048 4593 1170 4643 iudicium
1186 4599 1243 4657 peto
1258 4600 1373 4659 :quanto
1390 4595 1536 4645 nriratiitius

206 4674 245 4720 est
257 4673 387 4719 mortuum
402 4685 475 4732 posse
489 4685 628 4735 resurgere.
644 4685 721 4735 quam
735 4672 819 4721 adhuc
833 4672 920 4720 vivum
935 4672 967 4722 de
983 4687 1058 4723 cruce
1071 4674 1134 4724 velle
1149 4675 1314 4726 descendere!
1333 4681 1413 4725 Parra
1429 4679 1536 4738 petistis,

206 4751 267 4800 dum
283 4751 380 4798 maiora
395 4751 568 4812 provenerint.
586 4751 635 4802 Sed
652 4752 787 4803 infidelitas
809 4755 891 4802 restra
911 4765 960 4800 uon
983 4754 1063 4816 potuit
1085 4757 1168 4803 sanari
1188 4756 1265 4818 siguis
1286 4757 1368 4805 nurtto
1391 4757 1537 4807 tortioribus

206 4844 283 4895 quam
297 4829 397 4892 petistis
413 4846 436 4878 o.

238 4919 261 4961 2.
280 4913 314 4959 De
329 4910 385 4959 istis
401 4910 513 4960 tenebris
528 4911 582 4974 lege
596 4916 683 4961 notam
695 4928 772 4977 quam
787 4911 894 4962 vattarst
910 4912 1001 4962 adiecit
1020 4914 1050 4963 ad
1071 4930 1164 4965 anuum
1179 4923 1208 4967 33
1223 4918 1247 4966 S.
1262 4918 1329 4967 llice.
1348 4918 1536 4981 interpretatio·
