3960 5654
980 530 1073 579 nanc.
1096 516 1145 591 l0,
1169 515 1278 577 eaeo.
1737 522 1796 582 273

467 692 566 738 suum
578 676 612 739 et
621 669 728 737 filiam
739 666 902 734 adversus
912 669 1057 733 matrem
1067 685 1164 734 suam
1176 669 1242 733 etc.
1257 666 1385 756 (llatth.
1401 672 1520 749 10‚35;
1540 667 1622 737 Vict.
1636 668 1796 759 Theopls.)

468 778 491 844 i.
504 801 534 846 e.
547 799 624 846 cum
633 772 854 866 praedixisset
861 770 929 838 suis
936 771 1062 840 instare
1072 769 1199 840 multas
1208 773 1462 863 persecutiones
1470 778 1589 840 etcum
1596 776 1799 863 postulasset

468 891 506 951 ut
522 904 606 975 prae
625 879 806 948 adamis
824 877 1019 968 quibusque
1035 880 1108 968 ipse
1127 884 1314 961 amaretur,
1335 877 1542 966 intelligitur
1559 901 1697 969 quoque
1715 905 1798 972 quo

469 991 568 1058 modo
588 985 683 1055 haud
700 987 803 1078 pauci
820 986 850 1051 si
867 983 899 1050 ei
916 982 1033 1052 fideles
1056 1004 1127 1050 esse
1151 985 1261 1052 velint
1279 984 1335 1051 vel
1353 991 1518 1072 cognatos
1536 985 1731 1076 relinquere
1745 990 1800 1056 vel
1907 994 1910 998 ’

468 1094 703 1187 spoliationem
730 1093 899 1160 bonorum
923 1091 1070 1158 tolerare
1100 1088 1259 1158 debeant.
1285 1095 1464 1159 Praeterea
1489 1092 1556 1159 hac
1576 1093 1799 1182 promissione

468 1203 571 1269 etiam
594 1201 716 1268 invitat
732 1206 770 1268 nt
790 1198 946 1288 quamvis
963 1196 1040 1265 talis
1058 1218 1128 1292 non
1145 1196 1235 1265 adsit
1252 1196 1470 1287 relinquendi
1488 1198 1669 1266 necessitas
1686 1207 1800 1268 tamen

468 1308 558 1375 ultro
574 1308 677 1375 rebus
687 1307 759 1374 istis
775 1325 811 1372 se
829 1310 953 1371 exuant
971 1325 1041 1393 quo
1059 1302 1250 1392 expeditius
1267 1309 1302 1371 et
1320 1304 1450 1371 arctius
1467 1304 1533 1371 sibi
1546 1303 1756 1374 adhaereant
1768 1313 1802 1375 et

470 1435 555 1504 opus
570 1412 742 1502 evangelii
759 1414 982 1501 promoveant
999 1410 1036 1476 in
1052 1430 1089 1476 se
1107 1410 1196 1500 ipsis'
1206 1415 1241 1477 et
1258 1410 1297 1477 in
1313 1410 1401 1478 aliis.

515 1525 601 1588 Deus
617 1517 824 1587 liberalitate
840 1538 913 1584 non
933 1515 1093 1597 vincitur,
1117 1537 1239 1584 verum
1252 1517 1438 1603 magnifiee
1455 1524 1694 1586 remuneratur
1708 1544 1740 1587 v.
1761 1526 1803 1587 3⁰

472 1637 537 1728 qui
549 1658 620 1703 non
636 1634 786 1724 accipiat
799 1625 850 1695 iio
867 1632 909 1720 μὴ
922 1621 1005 1720 liin
1023 1632 1136 1698 sinon
1152 1631 1298 1721 recipiat
1315 1632 1338 1698 i.
1356 1653 1387 1699 e.
1404 1654 1507 1700 nemo
1526 1632 1693 1724 relinquit
1704 1635 1753 1702 ita
1765 1640 1803 1702 nt
1841 1642 1847 1654 ‘

473 1766 541 1811 non
559 1741 723 1831 accipiat;
745 1739 930 1808 eertbdme
945 1738 1090 1828 accipiet
1107 1742 1141 1804 et
1161 1737 1192 1804 si
1211 1758 1282 1805 non
1299 1738 1439 1828 accipit,
1457 1740 1613 1830 sequitur
1631 1763 1709 1808 enm
1726 1762 1805 1808 vere

472 1871 541 1918 non
554 1847 745 1937 reliquisse,
762 1845 885 1913 centies
899 1856 1034 1911 tantum
1053 1865 1145 1911 nanc
1163 1843 1201 1910 in
1218 1856 1371 1935 tempore
1384 1846 1449 1913 hoc
1462 1845 1753 1937 domesctsratrcs
1773 1859 1806 1915 et

473 1977 600 2023 sorores
613 1965 646 2020 et
660 1966 784 2020 matres
805 1963 837 2019 et
846 1951 937 2041 filios
951 1964 986 2017 ct
1003 1971 1121 2040 apros·
1136 1950 1316 2041 promissio
1332 1951 1417 2018 baec
1430 1959 1551 2020 mutua
1567 1952 1628 2021 illa
1644 1954 1805 2021 Christia-

474 2082 597 2134 norum
613 2061 755 2128 caritate
765 2057 992 2148 implebatur;
1005 2057 1215 2145 ubicumque
1227 2063 1397 2125 terrarum
1408 2059 1468 2148 qui
1481 2080 1502 2125 a
1515 2059 1585 2126 suis
1597 2065 1671 2128 erat
1683 2062 1807 2128 eiectus

474 2176 508 2236 et
527 2169 689 2259 spoliatus
705 2165 938 2255 excipiebatur
951 2170 986 2230 et
999 2163 1181 2230 fovebatur
1193 2185 1215 2230 a
1231 2162 1408 2248 fidelibus,
1431 2166 1480 2231 ita
1500 2171 1538 2232 ut
1558 2167 1590 2232 ei
1607 2172 1717 2235 essent
1733 2167 1807 2235 loco
1936 2211 1939 2217 ·

474 2277 620 2342 fratrum
634 2279 667 2340 et
678 2292 832 2340 sororum
846 2276 880 2347 et
892 2269 1010 2337 matris
1025 2270 1125 2360 eique
1137 2291 1215 2337 anas
1230 2270 1353 2338 domos
1367 2276 1401 2338 et
1412 2293 1494 2361 opes
1507 2271 1697 2341 liberaliter
1709 2273 1808 2341 offer·

475 2387 569 2464 rent;
587 2380 665 2447 vide
679 2385 752 2447 Act.
770 2384 851 2462 idat
867 2398 984 2444 omnes
999 2378 1059 2466 qui
1074 2376 1262 2446 credebant
1276 2377 1453 2445 habebant
1467 2378 1584 2446 omnia
1599 2382 1806 2461 communia,

475 2496 509 2556 et
521 2493 600 2570 1⁸32
618 2493 652 2554 et
667 2492 784 2569 16‚15;
802 2506 905 2576 porro
920 2505 1038 2551 omnes
1052 2482 1296 2551 christifideles
1310 2484 1533 2574 appellantur
1542 2485 1670 2574 [ratres
1684 2487 1719 2553 in
1735 2488 1809 2578 epi-

476 2594 585 2678 stolis;
602 2598 635 2662 S.
651 2594 773 2661 Paulus
785 2598 824 2659 ut
834 2595 981 2658 matrem
994 2611 1091 2657 suam
1105 2588 1230 2657 salutat
1243 2595 1389 2657 matrem
1405 2590 1483 2658 Ruti
1498 2589 1611 2682 (Rom.
1629 2595 1757 2682 1o,13),
1773 2599 1811 2661 nt

478 2701 563 2769 [ilios
591 2722 669 2767 suns
697 2697 887 2768 carissimos
914 2696 1100 2788 alloquitur
1128 2695 1321 2764 Corinthios
1349 2697 1382 2787 (1
1411 2700 1488 2766 Cor.
1522 2697 1650 2790 ihil),
1679 2699 1810 2769 Galatas

479 2806 588 2898 (t,19)
599 2813 662 2874 etc.
676 2804 826 2875 Eandem
837 2804 1096 2895 promissionem
1108 2825 1248 2894 quoque
1258 2803 1355 2872 cerni
1367 2803 1404 2870 in
1416 2803 1458 2870 iis
1472 2804 1533 2895 qni
1544 2806 1680 2874 saeculo
1692 2805 1810 2876 relicto

478 2917 515 2982 in
534 2899 749 2981 monasteriis
768 2911 899 2998 degunt
920 2909 1139 2977 manifestum
1158 2915 1225 2993 est;
1245 2932 1325 2977 narn
1341 2909 1368 2977 ii
1388 2932 1525 3001 quoque
1542 2934 1607 3001 pro
1622 2934 1691 2981 una
1711 2913 1811 2982 domo

480 3043 584 3112 quam
597 3021 812 3110 reliquerunt
827 3022 875 3084 tot
892 3017 989 3108 quasi
1000 3015 1177 3084 domicilia
1188 3015 1319 3084 habent
1335 3022 1420 3108 quot
1435 3019 1642 3086 monasteria
1659 3026 1724 3087 etc.
1745 3023 1810 3112 0p-

481 3133 625 3219 portune
639 3130 755 3194 monet
775 3128 871 3193 Patr.
891 3125 985 3192 hunc
1001 3143 1136 3190 sensnm
1152 3123 1333 3214 proprium
1353 3145 1424 3191 esse
1438 3124 1676 3208 retinendum
1695 3154 1712 3187 «
1730 3149 1811 3195 nam

482 3235 510 3302 si
525 3235 562 3301 in
573 3231 777 3300 translatum
791 3231 875 3299 haec
888 3235 997 3296 essent
1008 3227 1227 3319 accipienda,
1242 3249 1408 3319 quorsum
1419 3231 1565 3321 repetita
1575 3230 1660 3299 baec
1673 3254 1812 3303 enume-

482 3341 568 3408 ratio
584 3360 699 3407 rerum
708 3339 910 3417 ¹relictarum
922 3341 983 3403 aut
996 3335 1296 3425 recipiendarum?
1309 3357 1426 3404 nonne
1440 3336 1526 3404 illud
1543 3339 1667 3408 centies
1679 3350 1812 3408 tantam

482 3449 528 3515 rei
552 3445 799 3534 significandae
824 3445 905 3510 setis
926 3443 1065 3509 inisset?
1087 3447 1241 3509 attamen
1263 3442 1300 3509 id
1319 3464 1428 3530 genus
1446 3443 1622 3532 [ratresei
1639 3461 1815 3516 sororeset

481 3565 606 3620 matres
627 3564 660 3618 ct
678 3551 767 3641 filios
781 3550 932 3618 Christus
945 3548 1130 3638 promittit,
1147 3569 1216 3615 non
1232 3550 1294 3640 qui
1313 3549 1413 3617 nobis
1427 3552 1737 3638 consanguinitate,
1754 3554 1812 3623 sed

483 3659 542 3749 qui
556 3659 682 3726 horum
700 3658 775 3726 loeo
790 3657 965 3745 multoque
983 3654 1205 3723 excellentius
1223 3654 1291 3723 sint
1310 3655 1450 3750 caritate
1465 3657 1638 3725 ooninneti
1656 3686 1687 3726 ».
1706 3662 1812 3730 Porro

483 3765 623 3833 adverte
645 3764 817 3832 Christum
839 3763 875 3829 in
894 3762 1152 3847 enumeratione
1175 3783 1297 3830 eorum
1325 3784 1413 3853 quae
1432 3762 1658 3853 relinquenda
1673 3764 1741 3834 sint
1763 3768 1814 3836 uti

483 3871 727 3954 disiunctione;
743 3870 843 3961 proin
859 3868 1005 3936 indicari
1020 3868 1214 3959 praemium
1226 3869 1331 3935 etiam
1345 3868 1387 3935 iis
1401 3891 1462 3959 pro
1477 3891 1538 3936 sua
1551 3876 1648 3960 parte
1662 3875 1813 3963 promitti

483 3980 544 4070 qui
562 3999 671 4045 unum
690 3975 822 4069 aliquid
846 3975 970 4044 Christi
989 3995 1090 4042 causa
1108 3973 1322 4065 reliquerint.
1345 3979 1385 4042 Ut
1405 3975 1518 4043 verbis
1544 3976 1667 4044 additis
1686 3980 1814 4067 signifi·

484 4090 591 4168 catur,
615 4084 766 4152 dimissio
790 4083 893 4152 debet
911 4103 983 4150 esse
1000 4081 1191 4149 necessaria
1208 4086 1268 4149 aut
1291 4080 1474 4172 expediens
1496 4081 1541 4150 ad
1560 4082 1723 4152 honorem
1744 4089 1812 4172 Dei,

485 4215 553 4261 non
573 4191 692 4275 stulta,
708 4214 776 4258 non
795 4189 1023 4271 irrationalis,
1043 4210 1113 4255 non
1128 4193 1247 4255 contra
1264 4195 1325 4256 aut
1338 4194 1474 4280 praeter
1488 4190 1665 4258 caritatem
1682 4194 1741 4260 Ilei
1756 4203 1816 4264 aut

486 4298 630 4391 proximi
652 4298 765 4387 (eat).

530 4405 676 4473 Additur
689 4424 767 4471 cum
778 4403 1083 4494 persecutionibus,
1099 4405 1123 4471 i.
1138 4426 1168 4471 e.
1186 4403 1400 4472 haecomnia
1415 4403 1581 4495 accipient
1594 4405 1685 4473 inter
1703 4431 1816 4498 perse·

486 4514 656 4595 cationes,
681 4512 836 4602 quamvis
857 4512 1105 4602 persecutiones
1120 4510 1296 4601 patiantur
1316 4515 1350 4576 et
1366 4510 1579 4598 diligentum
1603 4514 1747 4602 proinde
1762 4539 1819 4585 eos

488 4619 681 4688 consolatur
701 4616 901 4708 praedicens
920 4640 960 4685 ac
975 4619 1176 4709 promittens
1191 4617 1282 4699 fore,
1300 4622 1338 4683 ut
1352 4617 1446 4707 ipsae
1458 4620 1710 4707 persecutiones
1725 4623 1819 4691 nullo

489 4727 591 4794 modo
611 4724 804 4816 impediant
822 4726 1004 4814 quominus
1028 4746 1068 4792 ea
1090 4722 1159 4791 illis
1183 4724 1270 4791 fiant
1287 4745 1377 4815 quae
1397 4723 1567 4814 pollicitus
1585 4726 1640 4795 sit.
1663 4728 1701 4795 ld
1719 4730 1819 4799 simul

489 4839 607 4921 auget,
625 4839 663 4901 nt
674 4835 767 4901 lons.
781 4837 888 4913 notat,
903 4830 1186 4916 admirationem,
1203 4829 1298 4922 quod
1312 4831 1417 4898 etiam
1431 4832 1467 4898 in
1483 4830 1605 4900 mediis
1618 4832 1699 4925 ipsis
1711 4858 1821 4927 perse-

490 4940 684 5008 cutionibus
710 4940 796 5010 baec
819 4939 887 5007 sint
905 4938 1061 5007 habituri
1088 4937 1228 5031 quando
1246 4943 1399 5007 metuere
1423 4945 1575 5031 possent,
1601 4962 1645 5009 ne
1663 4944 1822 5015 omnibns

941 5057 1129 5107 Karnasion
1146 5067 1173 5106 m
1188 5055 1273 5106 Hauc.
1291 5081 1323 5092 -
1341 5059 1378 5106 ta.
