3960 5654
365 453 405 512 54
679 509 681 515 ,
891 468 979 514 usae.
1004 453 1033 522 l,
1055 410 1160 507 98-29.

365 603 479 692 prium
504 601 543 672 a'c
564 595 737 693 peculiare
760 622 830 670 esse
849 602 1051 678 cernebant,
1076 596 1115 663 id
1137 620 1272 690 quoque
1294 592 1536 666 admirabundi
1564 591 1685 658 dixisse

364 712 524 778 censendi
535 713 614 775 suat
622 703 774 797 adeoque
782 732 861 776 cum
869 710 960 798 oalq.
983 693 1189 776 κατ’ἐξουσίαν
1207 707 1249 775 ad
1260 707 1434 792 sequentia
1449 700 1568 770 relcrri
1582 699 1686 764 satius

363 819 442 899 erit,
458 818 507 882 uti
531 820 636 881 Lucas
648 834 783 905 quoqne
796 837 869 883 rem
883 823 1011 882 narrat.

406 929 487 991 Cum
508 923 602 986 tanta
621 923 797 989 exstitisset
815 920 909 1010 apud
927 941 1044 988 ornnes
1062 916 1242 986 admiratio
1262 917 1387 1005 duplici
1407 939 1509 984 causa
1523 914 1683 990 excitata,

359 1053 392 1098 v.
407 1034 449 1094 98
458 1027 622 1116 processit
637 1050 756 1094 rumor
772 1027 842 1093 eius
856 1027 973 1093 statim
988 1027 1025 1093 ia
1042 1045 1175 1090 omrwm
1194 1024 1361 1114 reqioncm
1380 1023 1573 1101 Galilaeae,
1594 1018 1686 1107 quod

359 1135 450 1201 enim
475 1134 629 1201 homines
654 1134 878 1214 admirantur,
905 1134 946 1200 de
972 1155 1012 1199 eo
1036 1130 1129 1221 apud
1151 1134 1315 1222 plurimos
1339 1150 1528 1195 sermonem
1553 1126 1686 1194 assidue

360 1240 518 1322 miscent;
537 1237 703 1330 περίχωρος
715 1245 771 1311 τῆς
790 1234 869 1300 sal.
892 1239 1079 1329 explicetur
1104 1246 1236 1327 oportet
1260 1257 1329 1301 non
1360 1234 1403 1300 de
1428 1235 1568 1320 regione
1599 1254 1686 1324 quae

340 1342 488 1442 'circum'
508 1349 700 1416 Galilaeam‘
715 1344 916 1413 extendatur
935 1343 1105 1435 (Meyer),
1131 1347 1213 1435 quia
1238 1345 1284 1408 ila
1306 1341 1348 1408 de
1371 1343 1461 1407 lama
1482 1341 1517 1405 in
1537 1341 1686 1407 Galilaea

359 1452 561 1541 pervulgate
575 1452 671 1519 nulla
688 1451 787 1517 fieret
810 1453 954 1534 mentio,
976 1449 1036 1518 sed
1052 1450 1094 1517 de
1116 1451 1209 1518 omni
1233 1449 1372 1535 regione
1394 1454 1428 1514 et
1450 1452 1559 1512 tractu
1581 1447 1686 1534 ipsius

360 1559 526 1627 Galilaeae
549 1556 719 1648 (Seiana,
752 1559 857 1626 Weiss
881 1557 976 1646 etc),
1003 1557 1153 1625 declarat
1174 1557 1289 1644 itaque
1319 1553 1495 1622 Galilaeae
1515 1573 1684 1643 quaenam

355 1668 452 1753 regio
471 1665 683 1751 intelligatur
700 1664 961 1743 circumiacens,
983 1665 1033 1731 uti
1048 1671 1126 1732 Luc.
1150 1669 1227 1737 t.3'l
1251 1662 1418 1729 habetur:
1440 1659 1685 1746 divulgabatur

357 1772 449 1839 lama
462 1770 506 1838 de
517 1769 578 1837 illo
593 1772 630 1837 in
643 1792 778 1837 omnem
794 1770 908 1838 locum
924 1769 1074 1856 regionis
1088 1767 1158 1858 (τῆς
1173 1765 1364 1856 περιχώρου).

716 1967 739 2035 ο)
759 1968 994 2047 sacrael’etrt
1013 1970 1157 2021 suatur
1179 1967 1324 2031 lae-ea.

395 2121 467 2182 1,99.
485 2120 520 2171 Iit
533 2122 661 2184 protinus
676 2119 853 2184 egredientes
866 2121 901 2171 de
914 2134 998 2183 syna·
1083 2119 1155 2186 ¹2²9·
1172 2114 1220 2166 la
1234 2113 1301 2176 εθθῑνς
1316 2112 1342 2166 la
1358 2119 1401 2180 τῆς
1410 2117 1557 2183 συναγωγῆς
1566 2111 1682 2173 ἐξελθὼν,

357 2223 446 2274 gage,
469 2214 608 2260 venerunt
631 2212 660 2259 ln
684 2210 797 2260 domum
823 2210 947 2262 Simonis
971 2212 999 2259 et
1043 2200 1120 2272 ἦλθεν
1135 2203 1169 2266 εἰς
1189 2203 1235 2268 τὴν
1255 2204 1332 2255 οἰκίαν
1355 2203 1467 2272 Σίμωνος
1491 2203 1533 2255 καὶ
1559 2201 1683 2272 Ἀνδρέου,

355 2297 489 2350 Andreae
501 2311 564 2349 eum
579 2298 680 2349 laccho
692 2301 720 2348 ct
735 2298 852 2350 Ioanne.
1044 2293 1107 2367 ρεεὶ
1145 2292 1262 2345 'ludios
1296 2296 1336 2345 καὶ
1370 2291 1499 2346 Ἰωάννου.
1532 2295 1575 2345 30.
1610 2291 1625 2357 ἠ
1659 2291 1684 2341 δὲ

392 2387 436 2439 30.
454 2387 749 2439 Decumbebatautem
761 2400 860 2439 seems
876 2387 998 2438 Simonis
1043 2381 1148 2453 πενθερθ
1170 2382 1282 2453 Σίμωνος
1304 2383 1428 2435 κατέκειτο
1452 2383 1615 2451 πυρέσσουσα·
1643 2380 1684 2431 καὶ

356 2475 533 2538 lehrlcllane3
550 2477 688 2543 utstatim
703 2476 887 2528 dicuntcide
901 2477 959 2527 illa'.
1044 2470 1112 2533 aaa
1136 2471 1250 2544 λέγουσιν
1278 2469 1344 2542 alra
1370 2471 1424 2540 πιρὶ
1450 2469 1535 2536 αὐτῆς.
1567 2473 1611 2523 sl.
1643 2469 1685 2521 καὶ

393 2566 437 2618 31.
453 2565 488 2616 Et
502 2565 639 2617 accedens
653 2565 774 2616 clevavit
795 2577 875 2628 eam,
895 2579 997 2630 appre·
1043 2560 1187 2631 προσελθὼν
1223 2559 1319 2633 ἤγειρεν
1356 2559 1444 2626 adtira,
1483 2559 1605 2629 κρατήσας
1642 2562 1685 2625 τῆς

356 2654 446 2705 hensa
471 2667 558 2705 manu
581 2654 657 2717 elue;
685 2656 713 2704 ct
736 2655 870 2705 continuo
895 2654 998 2705 dlrnlelt
1042 2650 1124 2720 χειρὸς
1142 2650 1184 2701 καὶ
1202 2648 1293 2718 ἀφῆκεν
1313 2648 1388 2714 αὐτὴν
1412 2649 1542 2717 impe-{¹04
1561 2649 1602 2699 καὶ
1625 2648 1682 2712 ὀιη-

356 2755 418 2794 cam
434 2742 533 2803 lebrie;
548 2747 577 2794 et
590 2742 767 2793 ministrabat
779 2745 832 2797 eis,
1042 2739 1110 2791 κόνει
1128 2741 1218 2801 αὐτοῖς.
1242 2743 1285 2794 32.
1313 2737 1399 2810 Ὀψίας
1420 2738 1446 2791 δὲ
1465 2739 1614 2808 γενομένης,
1641 2738 1682 2788 ὅτε

391 2831 436 2882 99.
451 2832 681 2896 Vesperoautem
694 2831 768 2883 lacto
781 2845 868 2896 quum
877 2833 995 2884 occidis-
1042 2826 1127 2880 ἔδυσεν
1149 2828 1164 2880 ὁ
1187 2828 1269 2897 ἥλιος,
1301 2827 1385 2898 ἔφερον
1409 2828 1468 2898 πρὸς
1491 2827 1564 2878 αὑτὸν
1591 2829 1683 2887 πάντας

353 2922 461 2981 selsel,
474 2919 854 2972 atterebantedeumomnes
863 2922 995 2972 meleha·
1041 2918 1096 2979 πεὶνς
1125 2923 1206 2979 κακῶς
1233 2916 1336 2987 ἔχοντες
1356 2917 1398 2969 καὶ
1422 2918 1478 2977 τους
1507 2916 1680 2985 carucatam·

354 3008 453 3059 bentes
471 3012 500 3059 et
509 3007 658 3059 daemonia
668 3010 819 3070 habentes,
832 3010 875 3060 99.
893 3015 921 3061 et
936 3016 996 3061 crat
1041 3023 1104 3068 νους·
1127 3011 1171 3061 33.
1191 3006 1233 3058 νεὶ
1252 3002 1281 3072 ἢν
1298 3005 1388 3073 ela-t,
1412 3006 1482 3067 πόλις
1501 3003 1681 3074 ἐπισυνηγμένη

355 3100 446 3147 omnis
460 3098 560 3148 civitas
574 3099 794 3161 congregalead
809 3100 932 3150 ianuam.
1040 3095 1098 3167 πρὸς
1115 3093 1161 3161 τὴν
1182 3095 1265 3164 θύραν.
1305 3098 1348 3149 ol.
1369 3095 1410 3146 καὶ
1438 3093 1596 3164 ἐθεράπευσεν
1622 3091 1681 3146 πολ·

390 3186 432 3236 34.
449 3185 483 3235 nt
505 3188 614 3237 curavit
634 3186 735 3237 multos
750 3188 797 3250 qui
821 3187 996 3239 vexabantur
1039 3183 1098 3246 λοθς
1126 3190 1205 3245 κακῶς
1239 3183 1342 3254 ἔχοντες
1368 3184 1490 3246 ποικίλαις
1522 3185 1611 3243 νόσοις
1641 3182 1683 3234 καὶ

353 3275 439 3325 variis
453 3275 637 3337 languoribus
648 3277 676 3326 et
686 3275 835 3326 daemonia
846 3276 934 3327 multa
943 3278 993 3327 eti·
1039 3274 1156 3344 δαιμόνια
1178 3271 1263 3326 πολλὰ
1285 3273 1396 3339 ἐξέόαλε,
1421 3273 1462 3325 καὶ
1483 3273 1527 3324 οὐκ
1544 3271 1613 3341 ἤφιεν
1633 3273 1681 3322 λα-

353 3362 444 3424 elebat
456 3368 485 3414 et
497 3376 554 3414 non
565 3365 676 3414 sinebat
694 3377 728 3414 ea
748 3364 840 3429 loqui,
862 3367 994 3429 quoniam
1038 3366 1091 3416 λεῖν
1110 3362 1140 3414 τὰ
1159 3362 1289 3432 δαιμόνια,
1309 3364 1349 3414 ὅτι
1367 3363 1464 3434 ᾔδεισαν
1484 3361 1557 3414 αὐτον
1577 3362 1681 3429 Χριστὸν

353 3452 478 3502 sciebant
491 3464 566 3503 eum.
1039 3448 1114 3505 εἶναι.

388 3619 420 3669 In
431 3632 457 3668 v.
472 3619 507 3670 99
522 3615 663 3679 εξελθοντες
674 3616 753 3684 ηλθον
768 3623 797 3670 ln
813 3623 837 3672 A
848 3620 870 3675 (l
882 3619 990 3673 Ll'dll
1000 3636 1055 3674 unc
1068 3625 1084 3675 9
1100 3625 1126 3674 el
1141 3627 1201 3687 pler
1212 3625 1279 3688 vulg
1293 3637 1344 3688 cop
1356 3637 1402 3686 syr
1421 3636 1457 3685 go
1471 3623 1502 3672 Ti
1512 3638 1517 3682 ;
1535 3637 1681 3672 uulnerum

351 3708 524 3772 singularem
543 3708 648 3760 habent
662 3715 682 3759 Β
700 3710 758 3775 aliq
771 3712 881 3762 mlnusc
890 3710 901 3760 l
911 3708 945 3774 g¹
957 3714 1006 3775 'get
1021 3715 1061 3762 ml
1076 3725 1112 3776 eg
1131 3725 1190 3763 arm
1205 3714 1268 3764 aeth
1276 3726 1283 3772 ;
1305 3715 1371 3763 item
1383 3714 1404 3762 D
1416 3713 1434 3762 b
1444 3726 1483 3776 cq
1493 3727 1509 3762 e
1521 3709 1569 3769 ll²;
1580 3711 1614 3762 w
1626 3712 1680 3762 leot

352 3798 534 3861 eoredim-
544 3805 684 3848 comeant.
701 3798 733 3849 ln
747 3812 773 3849 ν.
791 3799 821 3851 tl
836 3800 859 3850 D
877 3798 960 3867 (blql
972 3816 1080 3859 εκτεινας
1094 3817 1139 3864 την
1151 3817 1221 3868 χειρα
1235 3817 1355 3868 amaneus
1368 3817 1466 3866 ηγειρεν
1481 3816 1571 3863 aaran
1585 3802 1682 3851 lebrim

352 3888 478 3936 continuo
492 3900 554 3937 eam
567 3887 707 3938 dimisisse
726 3884 815 3946 ευθεονς
836 3888 954 3940 habetur
969 3891 998 3938 in
1013 3892 1038 3940 Α
1049 3891 1071 3940 D
1082 3893 1100 3940 Γ
1110 3888 1129 3938 Δ
1139 3887 1161 3938 ll
1177 3903 1230 3941 rinc
1242 3891 1257 3941 9
1272 3892 1299 3940 al
1311 3892 1370 3955 pler
1384 3905 1399 3940 c
1410 3891 1419 3939 i
1430 3890 1451 3939 li
1460 3886 1470 3920 ²
1478 3889 1510 3953 g¹
1523 3888 1533 3919 ¹
1547 3892 1563 3940 b
1575 3905 1592 3953 q
1617 3891 1682 3952 vulg

350 3988 396 4037 syr
406 3976 470 4025 aeth
485 3988 532 4039 go.
549 3975 582 4025 In
603 3989 631 4026 ν.
647 3975 680 4026 94
695 3975 808 4027 additur
818 3978 849 4027 in
863 3975 919 4028 line
942 3973 1047 4044 Χριστον
1064 3994 1126 4045 εινοι
1141 3981 1170 4028 ln
1186 3979 1282 4034 &0130
1294 3980 1317 4031 G
1328 3980 1349 4030 L
1360 3980 1385 4029 li
1401 3980 1458 4029 mul
1480 3982 1586 4029 minusc
1597 3976 1631 4028 ll¹
1647 3976 1679 4040 g¹

351 4063 359 4112 l
375 4068 415 4113 ml
428 4064 512 4114 theod
524 4077 579 4114 sax
591 4077 643 4128 cop
658 4065 722 4115 aeth
738 4057 812 4126 armi
824 4062 857 4116 ld
871 4065 946 4130 quod
959 4080 996 4117 ex
1007 4067 1075 4118 Luc.
1092 4067 1151 4126 l,ll
1170 4069 1362 4133 depromptum
1373 4071 1423 4119 est.

395 4209 519 4277 Eodem
543 4211 664 4278 ordine
689 4212 774 4279 haec
797 4214 952 4280 narratio
973 4236 1108 4304 quoque
1135 4216 1287 4305 sequitur
1308 4222 1384 4282 Luc.
1414 4221 1504 4294 t,38.
1530 4216 1680 4280 Cluistus

348 4315 465 4405 itaque
485 4339 697 4406 asynagoga
715 4342 751 4386 se
772 4321 914 4386 contulit
934 4322 969 4387 in
990 4320 1129 4387 domurn
1150 4323 1253 4404 Petri,
1271 4322 1373 4411 idque
1392 4323 1534 4389 sabbato
1554 4323 1678 4387 lactum

346 4444 427 4504 esse,
445 4424 548 4490 etiam
568 4447 608 4492 ex
625 4448 658 4492 v.
675 4432 717 4492 39
736 4432 880 4507 constat;
898 4451 930 4493 v.
944 4434 985 4494 99
1003 4428 1411 4518 etprotiuaseqredoealos
1428 4429 1468 4495 cle
1484 4447 1680 4518 equaquam·

345 4527 470 4595 dicitur
487 4526 583 4609 εὐθύς,
605 4534 776 4619 protinus,
796 4560 818 4608 ³«
840 4534 897 4600 hic
922 4533 1015 4600 enim
1032 4535 1096 4600 luit
1123 4556 1195 4601 mos
1218 4536 1364 4615 Domini,
1391 4543 1427 4602 ut
1453 4537 1521 4601 lere
1546 4557 1679 4624 semper

347 4657 424 4701 cum
451 4637 617 4704 miraculo
640 4639 758 4730 aliquo
782 4641 991 4708 inclaruisset
1019 4640 1128 4707 turbis
1155 4663 1226 4707 sese
1254 4642 1471 4723 subduceret,
1500 4651 1679 4708 contentus

345 4741 509 4809 nimirum
523 4742 729 4814 benefecisse
742 4770 805 4815 nec
814 4748 943 4834 gloriae
952 4747 1126 4814 humanae
1136 4747 1294 4837 cupidus,
1308 4750 1430 4816 docens
1445 4772 1520 4828 nos,
1540 4757 1576 4814 ut
1590 4749 1677 4815 bene

346 4851 468 4916 mereri
491 4851 604 4939 potius
628 4855 889 4942 quamlaudeni
909 4855 1027 4922 venari
1048 4854 1277 4922 studeamus»
1307 4859 1406 4943 (lons.
1429 4858 1506 4923 sim.
1528 4858 1671 4945 Sclreqq)
