3960 5654
349 515 407 574 116

347 667 425 756 pius
439 668 469 732 ei
483 663 673 731 adhaerent
694 682 727 727 v.
747 667 787 728 10
817 677 850 731 ot
866 687 943 730 eum
959 673 1041 729 esset
1058 659 1260 749 singularis,
1282 661 1389 744 solus,
1411 662 1550 732 seorsim
1570 665 1679 733 turbis

346 774 497 847 semotis,
523 768 819 855 interrogaverant
838 793 914 837 eum
936 770 975 835 ti
993 766 1145 857 quicum
1159 791 1197 836 eo
1216 779 1314 837 erant
1332 767 1509 837 duodecim
1523 769 1678 860 parabo-

347 880 437 957 lam,
453 875 496 940 de
514 872 698 961 parabola,
723 880 799 943 buo.
822 882 879 955 8,9
899 897 989 965 quae
1011 877 1098 939 esset
1124 875 1208 942 haec
1223 872 1406 966 parabola,
1427 899 1509 964 ergo
1529 876 1680 966 explica-

347 987 470 1051 tionem
497 979 682 1070 parabolae
706 988 842 1071 petunt3
863 983 978 1049 nauh.
1006 985 1106 1058 13‚10
1131 988 1254 1069 rogant
1282 1003 1291 1047 τ
1319 1002 1426 1068 quare
1450 986 1487 1050 in
1505 983 1678 1074 parabolis

346 1088 495 1177 loqueris
510 1088 578 1153 eist
603 1111 673 1155 una
691 1088 843 1176 quaestio
859 1110 927 1155 non
944 1084 1090 1154 excludit
1114 1088 1268 1154 alteram.
1287 1086 1384 1162 Quod
1409 1094 1532 1157 Marcus
1552 1088 1675 1167 hahet,

346 1195 455 1281 magis
467 1201 517 1260 est
530 1194 813 1274 indeterminate3
830 1216 911 1260 nam
926 1193 967 1259 de
986 1192 1161 1280 parabolis
1174 1194 1323 1282 (graece)
1341 1193 1552 1282 interrogare
1566 1202 1677 1287 potest

346 1307 530 1390 utrumque
547 1301 738 1368 includere.
757 1300 886 1387 Dicitur
903 1292 961 1371 τὰς
977 1288 1175 1385 anputatae,
1197 1321 1265 1365 non
1285 1300 1366 1388 quia
1388 1322 1456 1366 una
1473 1300 1557 1369 haec
1575 1325 1677 1392 para·

345 1407 424 1475 bola
438 1410 552 1498 plures
565 1408 716 1475 continet
729 1411 842 1494 partes
856 1412 889 1473 et
904 1406 1019 1494 plures
1036 1405 1276 1473 similitudines
1295 1407 1419 1497 quibus
1433 1406 1547 1495 plures
1564 1408 1676 1475 homi-

344 1537 426 1582 num
441 1515 562 1581 classes
580 1513 679 1603 quasi
698 1511 841 1578 totidem
861 1511 1032 1601 parabolis
1047 1511 1299 1593 describuntur,
1321 1511 1381 1578 sed
1396 1513 1523 1601 potius,
1540 1514 1623 1604 quia
1639 1520 1677 1582 ut

344 1623 413 1688 iam
427 1621 556 1687 dictum
569 1618 778 1686 estChristus
795 1619 832 1685 in
842 1617 1015 1708 parabolis
1029 1640 1069 1685 eo
1081 1624 1234 1707 tempore
1249 1617 1435 1685 docebatv.
1448 1625 1485 1701 23
1501 1619 1544 1690 el.
1557 1621 1674 1687 Matth.

261 1723 264 1727 ’
346 1735 457 1807 13,10,
476 1732 508 1793 et
521 1725 682 1816 discipuli
700 1723 745 1790 ad
768 1724 939 1791 Christum
956 1723 1123 1791 accedunt
1141 1729 1321 1813 postquam
1345 1725 1381 1791 in
1402 1725 1558 1814 pluribus
1577 1749 1678 1816 para-

344 1834 431 1901 bolis
445 1833 563 1900 turbas
576 1832 708 1911 docuit,
727 1830 777 1897 uti
790 1833 872 1898 satis
887 1829 1060 1897 indicatur
1076 1853 1107 1896 v.
1126 1837 1138 1896 1
1160 1836 1192 1896 et
1211 1836 1245 1897 2.
1259 1834 1384 1898 Graece
1397 1830 1523 1899 dicitur
1536 1854 1677 1901 accura-

343 1941 408 2006 tius
434 1960 441 2006 :
466 1937 723 2028 interropabant
741 1959 820 2003 eum
844 1937 906 2027 qui
924 1935 1015 2003 circa
1036 1957 1113 2004 eum
1133 1949 1232 2003 erant
1252 1959 1330 2003 eum
1351 1936 1549 2022 duodecim
1575 1941 1676 2028 proin

335 2046 443 2113 >simul
458 2066 536 2112 cum
555 2045 716 2134 apostolis
734 2043 794 2110 alii
816 2042 973 2132 discipuli
1000 2042 1111 2109 turbis
1129 2042 1277 2110 dimissis
1290 2043 1383 2132 apud
1395 2065 1473 2111 eum
1488 2045 1675 2113 versaban-

342 2160 398 2219 tur
412 2153 485 2218 eius
503 2150 734 2218 familiaritate
747 2155 780 2216 et
793 2149 949 2217 doctrina
964 2155 1106 2216 utentes.
1123 2148 1217 2217 Unde
1232 2150 1289 2217 hie
1307 2150 1474 2217 habemus
1494 2173 1677 2240 argumen-

298 2331 299 2334 ,
342 2266 414 2326 tum
430 2263 567 2348 praeter
582 2257 750 2347 apostolos
772 2257 874 2323 etiam
898 2257 981 2323 alios
999 2256 1193 2345 complures
1207 2257 1309 2323 fuisse
1328 2258 1468 2324 comites
1487 2258 1610 2325 Christi
1623 2281 1676 2327 as-

341 2365 475 2449 siduos,
503 2365 552 2431 uli
570 2362 789 2454 postmodum
808 2363 955 2450 legimus
973 2368 1049 2429 Lue.
1069 2369 1144 2445 10‚1
1166 2385 1187 2430 a
1206 2362 1338 2430 Christo
1352 2366 1572 2453 septuaginta
1591 2365 1677 2433 duos

342 2471 526 2562 discipulos
548 2493 620 2538 esse
648 2470 767 2537 missos
796 2469 840 2536 ad
864 2468 1152 2559 praedicandum,
1174 2491 1260 2558 quos
1284 2471 1504 2559 septuaginta
1526 2471 1583 2539 hio
1604 2472 1674 2540 iam

343 2578 486 2645 indicari
504 2578 608 2644 Eucti.
631 2578 803 2669 opinatur.

387 2684 542 2752 Petitioni
558 2683 742 2774 respondet
760 2683 912 2749 Christus
926 2705 959 2750 v.
988 2689 1026 2750 11
1050 2688 1084 2750 et
1103 2681 1239 2750 dicebat
1258 2683 1307 2750 eis
1330 2705 1338 2751 :
1357 2681 1453 2752 vobis
1471 2683 1590 2751 dotum
1607 2707 1675 2752 esse

343 2791 465 2881 (nosse)
485 2791 686 2880 mysterium
701 2791 799 2880 requi
812 2791 877 2856 Dei
890 2812 911 2856 a
927 2795 1024 2856 Patre
1041 2789 1115 2856 scil.
1130 2790 1349 2876 constitutum
1363 2796 1423 2872 est,
1440 2795 1479 2857 ut
1493 2790 1587 2881 quod
1600 2791 1676 2858 aliis

342 2904 391 2966 est
399 2897 613 2983 incognitum
622 2895 900 2963 etabsconditum
911 2895 954 2962 de
965 2918 1073 2982 regno
1082 2895 1534 2965 Deivobismanilestaretur.
1545 2903 1673 2976 Quare:

342 3006 433 3075 beati
448 3005 538 3074 oculi
552 3004 656 3070 vestri
677 3003 757 3091 quia
771 3002 889 3068 vident
904 3007 937 3068 et
951 3024 1050 3070 aures
1066 3002 1149 3091 quia
1158 3000 1301 3069 audiunt
1316 3001 1445 3090 (Matth.
1465 3004 1592 3095 tato).
1609 3005 1677 3072 lllis

342 3119 456 3182 autem
471 3113 510 3179 tit
526 3111 612 3177 haec
628 3109 802 3175 doctrinae
816 3108 892 3175 aliis
906 3108 1125 3175 absconditae
1139 3110 1404 3176 communicatio
1416 3111 1497 3199 quia
1511 3110 1674 3194 eredunt,

342 3222 424 3310 quia
444 3219 487 3286 ad
512 3222 585 3284 lesu
609 3214 792 3303 discipulos
809 3220 843 3280 et
864 3214 1048 3281 familiares
1076 3215 1263 3304 pertinent;
1283 3215 1351 3282 t'lle's
1373 3228 1486 3282 autem
1513 3217 1576 3306 qui
1591 3218 1679 3306 sores

341 3338 420 3393 sum
437 3326 473 3392 in
481 3321 659 3414 parabolis
674 3321 789 3387 omnio
804 3321 898 3408 (trent
915 3317 943 3381 οἱ
962 3312 1088 3400 ἔξωθεν,
1110 3342 1189 3387 eum
1208 3322 1245 3387 hi
1265 3328 1483 3411 opponantur
1501 3323 1678 3414 discipulis

342 3432 560 3501 credentibus
583 3435 618 3496 et
642 3427 899 3516 explicationem
919 3427 1138 3515 rogantibus,
1161 3427 1404 3515 intelliguntur
1418 3431 1538 3497 turbae
1552 3454 1676 3521 parum

224 3553 229 3563 ‘
342 3540 505 3608 sollicitae
528 3536 570 3603 de
590 3535 746 3601 doctrina
764 3539 798 3599 et
819 3556 905 3623 quae
930 3533 1061 3602 Christo
1089 3556 1156 3601 non
1182 3556 1259 3601 eam
1283 3557 1388 3624 quarn
1406 3538 1555 3625 postulat
1573 3536 1674 3606 fidem

342 3646 524 3725 adhibent,
544 3662 634 3731 quae
650 3641 758 3728 igitur
775 3641 984 3728 quasiextra
1004 3646 1135 3707 coetum
1150 3640 1355 3708 asseclarum
1376 3646 1449 3709 lesu
1464 3643 1519 3709 vel
1537 3644 1677 3712 Christi-

343 3753 493 3821 fidelium
510 3752 699 3815 versantur.
726 3751 773 3813 Eo
796 3746 933 3813 nomine
955 3746 1171 3836 postmodum
1192 3748 1363 3836 apostolus
1377 3771 1434 3815 eos
1449 3750 1599 3840 appellat
1616 3754 1677 3841 qui

342 3860 386 3929 ad
408 3857 590 3926 Ecclesiam
610 3853 737 3920 Christi
761 3873 829 3919 nou
853 3853 1026 3942 pertinent
1053 3853 1084 3942 (1
1109 3857 1184 3920 Cor.
1211 3860 1303 3934 5‚12.
1329 3855 1398 3921 Col.
1426 3863 1495 3938 t,5.
1524 3858 1674 3926 tThess.

343 3966 455 4055 t‚11);
477 3960 571 4053 apud
588 3960 753 4028 rabbinos
767 3957 795 4020 οἱ
805 3953 863 4037 ἔξω
884 3974 1006 4025 nariam
1021 3967 1100 4026 sunt
1120 3959 1264 4042 ethnici,
1281 3961 1499 4051 appellantur
1515 3965 1618 4031 etiam
1637 3988 1677 4034 eo

343 4075 478 4142 nomine
495 4068 637 4148 indocti,
655 4067 865 4155 insipientes,
883 4066 1361 4156 quiseutentiamsapientum
1374 4074 1408 4134 et
1421 4068 1597 4138 doctorum
1608 4093 1676 4140 non

344 4184 533 4270 sequuntur
556 4172 766 4264 (Liqlttsoot).
795 4171 888 4238 Hisce
912 4173 1027 4262 itaque
1047 4173 1107 4263 qui
1126 4195 1146 4239 a
1164 4171 1232 4239 fide
1251 4174 1374 4240 Christi
1388 4181 1422 4241 et
1436 4198 1516 4243 vera
1530 4175 1678 4268 discipu-

346 4290 457 4356 lorum
472 4282 587 4351 indole
609 4280 734 4348 absunt
757 4279 872 4344 omnia
888 4301 978 4367 quae
1001 4278 1045 4346 ad
1064 4278 1253 4345 doctrinam
1269 4279 1312 4347 de
1330 4302 1438 4368 regno
1454 4284 1511 4349 Dei
1523 4291 1679 4372 spectant

340 4397 377 4462 in
389 4388 564 4484 parobolis
591 4391 626 4454 in
641 4385 923 4454 similitudinibus
935 4386 1043 4474 fiunt,
1061 4385 1243 4453 traduntur
1257 4392 1290 4454 et
1304 4390 1611 4457 communicantur.

385 4497 481 4577 Quod
495 4500 610 4563 autem
627 4495 778 4561 Christus
797 4514 836 4558 eo
852 4490 954 4559 modo
968 4493 1037 4559 iam
1059 4492 1176 4575 docet,
1193 4516 1304 4583 poena
1318 4501 1368 4562 est
1383 4518 1502 4562 eorum
1516 4496 1676 4564 ineredu—

339 4606 444 4677 litatis
459 4608 492 4670 et
505 4601 755 4670 obdurationis.
769 4598 966 4665 adhaerent
979 4598 1119 4688 quidem
1133 4600 1264 4668 Christo
1280 4602 1444 4669 miracula
1458 4604 1624 4692 patranti,
1640 4613 1675 4671 gt
1730 4587 1747 4622 e

340 4715 460 4782 falsam
483 4708 580 4775 illam
602 4707 702 4793 regni
725 4706 883 4773 messiani
906 4708 1190 4795 exspectationem
1214 4730 1282 4774 non
1307 4708 1506 4798 relinquunt
1526 4708 1673 4800 ideoque

342 4828 412 4890 lesu
428 4839 499 4885 non
514 4835 589 4880 eam
605 4812 773 4879 adhibent
792 4813 895 4880 tidem
911 4835 1015 4902 quam
1031 4813 1105 4879 iure
1120 4814 1283 4902 postulat,
1303 4816 1399 4883 cuius
1413 4817 1463 4882 rei
1478 4817 1671 4907 exemplum

338 4931 429 4996 intel
443 4919 623 4991 ⁰¹l⁸h⁸b⁰⁸
635 4922 725 4986 ¹⁰³11·
738 4927 830 5001 ⁶30·
848 4928 886 4988 15
897 4920 1030 5010 (regem
1044 4923 1377 4990 suumlesumiacere
1387 4924 1516 5007 volunt,
1525 4924 1583 5015 qui
1590 4913 1668 4993 scil.
