3960 5654
199 477 259 539 340
735 471 899 536 uincit,
922 470 986 530 6-9.

201 627 257 696 die
274 622 544 707 Messias-Frage,
565 620 669 686 llainz
690 628 774 689 1870
792 644 826 710 p.
860 625 899 683 17
919 641 987 709 seq.
1006 621 1069 687 Fit.
1090 619 1134 685 ad
1150 622 1261 686 Matth.
1292 618 1403 705 at‚5);
1426 620 1525 686 lacilc

199 736 341 827 propter
370 728 611 817 promissiones
637 727 870 795 fraudulentas
904 725 945 791 dc
974 728 1013 793 iis
1041 747 1176 814 quoquc
1207 726 1334 793 dictum
1361 747 1430 791 csse
1459 728 1526 799 exi-

200 835 354 906 stimabis
368 834 427 923 qui
440 835 614 902 variarum
636 842 804 901 sectarum
823 837 976 899 auctores
996 830 1162 922 populum
1184 854 1203 896 a
1226 854 1304 898 vera
1322 832 1442 899 Christi
1460 830 1527 896 lide

155 1022 159 1028 ,
201 943 246 1011 ad
266 964 343 1008 suas
367 941 539 1008 doctrinas
559 941 656 1006 etad
680 960 802 1007 vanam
826 939 997 1026 quandam
1022 937 1216 1003 felicitatem
1240 946 1274 1003 et
1299 940 1456 1005 fallacem
1478 959 1527 1002 se-

200 1049 326 1116 ducere
352 1052 531 1134 satagunt3
562 1068 673 1138 neque
694 1068 750 1113 eos
776 1045 941 1111 incassum
975 1044 1057 1109 retia
1083 1053 1200 1109 suaet
1230 1043 1364 1110 lraudes
1388 1043 1528 1110 tendere

199 1154 367 1245 praedicit
387 1177 395 1223 :
417 1167 450 1220 et
467 1151 593 1219 multos
606 1152 775 1221 seducent.
801 1150 908 1217 Simul
928 1151 1136 1241 apertissime
1156 1157 1247 1239 patet
1266 1153 1372 1216 lesum
1397 1151 1528 1218 monita

201 1262 285 1328 haec
303 1284 372 1328 non
388 1266 457 1327 tam
482 1257 656 1350 discipulis
679 1257 827 1337 tradere,
844 1278 947 1346 quam
967 1256 1123 1322 omnibus
1146 1257 1220 1322 aliis
1244 1258 1303 1344 qui
1330 1280 1391 1345 per
1410 1280 1528 1323 saecu-

200 1368 312 1435 lorum
346 1366 632 1434 cursum'victuri
659 1370 747 1431 sunt.
776 1367 859 1429 Nam
887 1363 1033 1453 prolecto
1064 1384 1131 1428 non
1156 1370 1229 1430 erat
1257 1385 1318 1428 cur
1343 1363 1528 1452 discipulos

201 1476 265 1565 qui,
286 1479 395 1542 lesum
417 1493 532 1538 coram
552 1495 586 1539 se
610 1470 767 1538 viderent
786 1492 932 1559 eumque
955 1469 1040 1534 facie
1059 1471 1186 1558 optime
1215 1477 1347 1535 nossent
1375 1476 1529 1535 moneret

200 1604 244 1649 ne
268 1582 353 1648 alios
375 1577 510 1669 quosvis
540 1600 612 1645 esse
635 1576 805 1644 Christum
823 1577 1061 1642 existimarent.
1080 1576 1226 1642 Proinde
1243 1578 1312 1643 iam
1332 1578 1444 1666 prima
1464 1576 1528 1641 hac

200 1688 371 1756 sententia
382 1686 546 1752 docemur
559 1688 666 1751 lesum
682 1684 858 1769 generalia
873 1681 1006 1749 tradere
1022 1683 1161 1751 monita.

244 1793 281 1860 ld
295 1791 515 1882 sequentibus
528 1811 664 1879 quoque
683 1788 915 1855 confirmatur.
933 1788 1172 1854 Consortantur
1184 1792 1276 1855 enirn
1292 1812 1335 1856 ne
1349 1790 1530 1856 turbentur

200 1899 338 1986 magnis
354 1896 607 1965 calamitatibus
629 1917 717 1985 quae
742 1895 1001 1984 proficiscuntur
1023 1901 1055 1959 ct
1072 1895 1267 1962 inseruntur
1282 1897 1335 1962 vel
1355 1897 1398 1962 ab
1419 1897 1529 1962 homi·

200 2007 303 2073 nibus
323 2003 412 2070 inter
436 2026 471 2070 se
490 2002 545 2068 vel
565 2002 609 2068 ab
630 2004 702 2091 ipsa
720 2008 843 2067 natura
871 2024 901 2066 v.
927 2009 946 2064 ’t
970 2023 1045 2066 cam
1064 2001 1240 2068 audieritis
1257 2017 1372 2069 aretem
1393 2003 1480 2068 bella
1499 2016 1532 2068 et

201 2112 375 2202 opiniones
401 2108 584 2189 bellorum,
605 2104 698 2181 ἀκοάς
714 2129 866 2173 rumores
895 2107 1078 2189 bellorum,
1105 2130 1146 2173 ne
1178 2110 1376 2191 timueritis,
1401 2123 1532 2200 oportet

200 2221 291 2286 enim
308 2217 392 2283 lracc
409 2216 506 2304 fier&
526 2235 607 2281 nam
623 2221 715 2304 'quae
736 2220 786 2280 est
813 2214 1017 2303 populorum
1043 2227 1231 2304 regumque
1253 2217 1431 2305 superbia,
1449 2239 1531 2282 ava-

200 2325 297 2404 ritia,
314 2325 453 2390 interse
469 2321 623 2389 simultas
641 2320 717 2387 fieri
741 2342 809 2386 non
833 2326 957 2409 potest,
983 2328 1104 2386 utnon
1127 2323 1324 2388 exoriantur
1348 2323 1442 2402 odia,
1464 2325 1531 2389 ini-

203 2432 367 2512 micitiae,
393 2427 580 2508 vindictae,
608 2426 717 2509 bella,
748 2432 933 2516 quactum
959 2428 1067 2492 solum
1096 2427 1316 2495 abolerentur
1343 2437 1377 2496 et
1407 2431 1532 2496 exstin-

202 2544 401 2626 gucrentur,
431 2536 459 2603 si
486 2555 605 2601 omncs
635 2533 757 2599 Christi
785 2533 974 2600 doctrinam
998 2536 1075 2599 totis
1099 2536 1221 2600 animis
1246 2538 1533 2625 amplecterentur

202 2651 236 2712 et
250 2645 285 2711 in
305 2665 391 2733 opus
409 2648 544 2708 strenue
569 2649 602 2706 et
621 2641 771 2730 perlecta
786 2639 1006 2718 deducerent;
1028 2640 1087 2707 sed
1109 2642 1258 2708 reortdrem
1276 2645 1376 2729 firris;
1396 2667 1438 2711 ne
1458 2645 1530 2710 scil.

203 2749 445 2818 christifideles
457 2747 648 2815 existiment
660 2748 787 2814 instare
799 2746 901 2813 finem
917 2746 1126 2814 saeculorum
1138 2751 1164 2815 si
1180 2751 1318 2838 qnando
1331 2752 1533 2818 oboriantur

203 2879 243 2924 ac
262 2858 414 2924 saeviant
427 2876 575 2942 magnae
594 2853 802 2920 afflictiones.
815 2858 899 2919 llaec
910 2855 1104 2942 enimquasi
1118 2857 1297 2944 praeludia
1311 2866 1343 2923 et
1358 2859 1533 2946 prooemia

204 2969 283 3031 sunt
304 2982 458 3028 summae
477 2960 568 3027 illius
589 2967 622 3026 et
636 2959 775 3026 ultimae
801 2960 1043 3042 tribulationis,
1067 2985 1169 3050 quam
1190 2965 1314 3030 multae
1330 2965 1416 3030 aliae
1432 2986 1532 3053 prac-

205 3069 328 3137 cedere
353 3067 540 3134 debebunt.
569 3064 662 3133 Unde
688 3089 721 3132 ν.
750 3072 770 3133 8
799 3080 954 3155 exsurqet
979 3068 1068 3132 enim
1093 3092 1173 3156 qens
1200 3083 1315 3136 contra
1343 3084 1534 3159 protereret

203 3197 345 3266 repetam
373 3195 475 3263 super
496 3194 639 3261 requam
665 3184 698 3238 et
720 3186 822 3238 erunt
847 3185 1063 3240 terraemotus
1090 3197 1152 3263 per
1179 3176 1253 3241 loco
1273 3192 1305 3242 et
1321 3179 1453 3263 sarrres,·
1472 3179 1535 3243 ini-

205 3283 290 3349 tium
307 3279 464 3348 dolorum
487 3280 589 3360 hacc,
610 3264 724 3340 ὠδίνων
744 3278 902 3345 dolorum
929 3288 1059 3369 partus,
1080 3304 1148 3369 qua
1167 3283 1336 3349 locutione
1363 3286 1536 3351 indicatur

205 3411 273 3477 quo
300 3386 451 3474 benigno
480 3387 539 3452 Dei
565 3385 703 3453 consilio
732 3385 969 3452 tribulationes
999 3388 1237 3466 immittantur,
1268 3400 1304 3456 nt
1332 3393 1403 3457 scil.
1432 3414 1471 3457 ex
1496 3393 1536 3457 iis

206 3518 295 3562 nova
317 3514 426 3583 eaque
448 3493 568 3560 melior
587 3513 703 3559 rerum
723 3492 916 3558 constitutio
932 3493 1072 3575 oriatur,
1094 3502 1131 3560 ut
1151 3497 1305 3562 homines
1331 3500 1370 3563 iis
1398 3500 1535 3588 purgati

206 3608 241 3668 et
255 3601 382 3690 expiati
404 3620 510 3685 regno
532 3598 590 3666 Dei
614 3597 753 3687 eiusque
778 3599 907 3685 gloriae
928 3621 967 3665 ac
989 3599 1191 3668 beatitudini
1213 3603 1348 3670 obviam
1369 3606 1534 3672 terantur.

209 3707 320 3776 Simili
339 3707 443 3773 modo
465 3705 533 3771 iam
555 3704 648 3794 apud
672 3707 856 3794 prophetas
883 3707 1017 3772 miseria
1042 3708 1146 3773 exsilii
1173 3732 1214 3775 ex
1242 3734 1310 3798 <pua
1336 3714 1536 3779 instauratio

203 3813 355 3881 'oriunda
367 3817 439 3879 erat
452 3816 671 3901 comparatur
684 3811 860 3878 doloribus
875 3819 990 3900 partus
1010 3813 1066 3900 (cl.
1084 3814 1127 3880 ad
1144 3817 1237 3882 llich.
1255 3822 1358 3904 aro).

253 3924 390 3987 Praeter
426 3919 703 3985 has—aerumnas
738 3940 823 4007 quas
850 3940 1042 3985 communes
1074 3942 1152 3986 cum
1185 3925 1343 3990 omnihus
1370 3928 1537 3993 sustinere

210 4031 360 4119 oportet,
382 4024 506 4091 Christi
532 4022 694 4111 discipuli
719 4028 752 4089 et
773 4025 817 4090 ab
843 4023 974 4091 ludaeis
1002 4033 1034 4092 et
1062 4029 1263 4113 agentibus
1287 4035 1537 4121 persecutiones

208 4134 324 4202 subire
345 4131 523 4198 debebunt
537 4153 571 4198 v.
591 4130 734 4197 evidere
753 4144 867 4196 aretem
887 4133 1116 4221 vosmetipsos,
1139 4137 1234 4202 vobis
1257 4139 1337 4226 ipsis
1354 4142 1537 4229 prospicite

208 4237 380 4331 quomodo
400 4239 457 4305 vos
476 4258 595 4324 gerere
618 4243 789 4325 oporteat,
808 4236 973 4303 advertite
994 4261 1034 4304 ne
1053 4247 1194 4330 propter
1211 4244 1346 4330 llagclla
1372 4255 1405 4311 et
1424 4270 1537 4335 perse-

210 4346 363 4412 cutiones
391 4366 449 4410 vos
470 4345 559 4432 ipsos
579 4341 729 4432 perdatis
751 4343 876 4431 (Cat.);
903 4343 1034 4410 traderet
1061 4349 1150 4414 enim
1181 4373 1235 4415 ros
1263 4352 1298 4416 in
1322 4353 1472 4421 conciliis
1500 4350 1538 4427 εἰς

210 4440 349 4539 συνέδρια
370 4451 415 4518 ad
441 4472 613 4517 consessus
632 4448 800 4531 iudicum,
830 4449 872 4514 ad
897 4450 1020 4517 iudicia
1049 4456 1199 4534 trahent,
1230 4460 1262 4523 in
1287 4461 1412 4547 quibus
1437 4484 1538 4529 accu-

193 4564 376 4626 ‘santuret
401 4555 674 4623 condemnantur
696 4562 838 4646 propter
862 4552 962 4622 tidem
990 4561 1108 4627 Christi
1135 4565 1273 4652 eiusque
1298 4567 1375 4632 tidei
1401 4570 1538 4658 praedi-

212 4661 396 4742 cationem3
421 4669 455 4729 et
475 4684 577 4752 quem
604 4664 728 4730 exitum
748 4662 909 4729 habitura
936 4665 1000 4729 sint
1024 4667 1083 4733 illa
1106 4670 1246 4743 iudicia.
1267 4694 1331 4739 uno
1347 4675 1540 4742 declaratur

212 4770 368 4859 exemplo
399 4782 432 4835 et
464 4769 501 4834 in
528 4770 708 4860 synaqope's
741 4768 960 4859 vaprtlobitb,
989 4795 1064 4839 cum
1089 4763 1183 4862 δέρειν
1207 4782 1343 4867 pmprje
1370 4784 1537 4869 significet

191 4875 401 4957 excoriare,
430 4876 559 4942 corium
591 4875 786 4956 detrahere,
818 4863 979 4964 ‹lep-teta
1009 4882 1240 4950 vehementem
1271 4887 1352 4954 dicit
1382 4890 1538 4958 verbera-
