3960 5654
22 124 26 130 ,
101 108 200 133 a-sgu,
229 114 250 129 ,.·,
479 117 483 127 ,
549 123 580 133 ,Ι
616 109 637 129 1,
676 124 680 132 Ι
1056 126 1059 131 ,
1305 124 1308 130 ι
1482 122 1496 133 ·.
1597 115 1612 131 'l

9 176 12 181 ι
37 126 98 187 ἡὴ
127 122 382 207 ζῇζέ-ἰιῆιιμθνμ
399 156 431 178 ,μμ
448 132 753 183 ''fl—‘1⁴3¹r'r'nffifffssil'hssf·
798 171 801 178 Ι
818 131 955 181 :ny-235³·21
972 141 1087 183 -»’·,’.”Ὗ·,“
1104 154 1108 159 ·
1125 128 1229 183 ’““”;,·ὶι1,’;
1251 168 1263 183 5
1283 138 1331 189 ’.ζῦ
1352 140 1424 183 'Jr.,'⁸'r.
1447 135 1450 141 Ι
1475 141 1510 167 --“’
1523 134 1596 191 unffi*
1609 132 1631 169 ἰζ’

9 200 18 215 ,-
35 182 75 219 ,⁸:1⁴
109 173 322 227 {pesas-,⁴332
352 186 442 203 ¹--·
476 184 485 194 ⁸
531 187 534 192 ·
564 191 580 217 ,ι
673 178 694 197 ··
769 182 773 189 ·
836 188 840 196 ’
877 178 905 189 “’
1036 172 1076 213 ““ἒ
1110 178 1174 209 -‚··
1192 176 1279 215 etr-r
1300 175 1344 209 ···'.
1367 178 1381 220 ,“
1424 183 1434 217 ’,
1471 182 1545 215 κῆαι·
1626 175 1645 215 ἰ’

1 216 48 261 '’⁸3¹'‘
86 224 118 263 ιιι...
132 208 183 258 ἰζ-’.ἶ
197 220 206 236 τ
292 220 295 225 ·
331 232 334 236 ¹
367 248 371 259 ι
555 218 559 225 ν
801 236 807 247 Ι
1099 214 1103 221 ·
1162 223 1168 231 ,
1463 222 1466 232 ,
1514 216 1546 253 ..3
1568 233 1576 249 ,
1612 230 1641 265 ,⁹⁸¹

3 264 25 313 ‘a
47 266 78 301 a:
187 261 220 303 :·.
246 302 248 307 ,
1285 264 1292 273 ·
1466 277 1472 287 ›
1595 250 1607 279 ⁸

7 318 12 324 ι
30 302 52 338 ,ξ’
66 330 73 338 ι
94 345 97 351 Ι
152 304 161 314 Ι,
182 338 197 347 Ι.
848 309 852 319 Ι
1197 328 1206 338 Ι

181 574 253 653 958,
703 589 798 664 ¹illinc.
821 572 852 642 9,
876 571 979 633 tate.

181 731 288 789 catur:
304 721 521 800 unusquisque
542 723 613 802 igne
633 725 773 795 salietur,
790 726 845 781 aut
861 722 932 798 igne
952 728 1105 804 purgante
1122 722 1338 800 abnegationis
1358 726 1391 781 ct
1408 722 1506 783 afflic-

178 824 274 886 tionis
289 824 322 881 et
335 823 406 880 tum
422 821 482 881 erit
497 823 624 883 victima
638 825 703 883 Deo
721 826 824 900 grata;
842 825 898 878 aut
912 821 983 900 igne
1002 820 1166 900 gehennae
1183 823 1348 896 puniente,
1362 823 1433 879 tum
1447 822 1508 880 erit

17 942 22 953 ’
146 905 148 908 ’
178 919 307 983 victima
333 918 398 979 irae
421 921 550 980 Domini
574 919 662 1000 (Feb.
688 919 776 999 Bisp.
799 915 941 998 deiectat).
967 919 1033 990 Qua
1054 918 1086 976 in
1108 917 1388 995 explicationem<
1409 918 1506 976 omnir

126 1038 131 1046 ·
179 1015 310 1097 quidem
327 1033 423 1078 sensu
449 1019 585 1078 maxime
608 1018 736 1096 proprio
760 1015 929 1087 retinetur;
948 1022 987 1076 'at
1004 1032 1075 1075 cum
1101 1015 1283 1074 membrum
1308 1017 1444 1077 alterum
1470 1032 1505 1074 ex

178 1115 252 1175 Lev.
273 1115 344 1187 213
360 1133 465 1195 neque
487 1116 521 1175 in
539 1131 667 1175 sensum
692 1113 811 1172 malum
834 1132 937 1191 neque
958 1115 1139 1173 insensum
1164 1113 1416 1190 metaphoricum
1436 1114 1505 1190 capi

178 1212 294 1290 possit,
316 1212 535 1292 interpretatio
559 1210 620 1270 erit
642 1210 859 1288 relinquenda,
886 1215 1018 1289 insuper
1048 1210 1162 1272 durum
1182 1209 1307 1271 videtur
1329 1211 1505 1271 sententiae

69 1361 71 1365 .
179 1309 233 1371 uni
249 1311 413 1391 imponere
428 1325 557 1371 sensum
573 1307 735 1386 duplicem
750 1312 950 1370 contrarium.

223 1517 269 1581 llx
287 1514 534 1601 significatione
556 1513 635 1579 salis
655 1513 691 1579 in
716 1513 881 1580 sacrificio
901 1514 1060 1579 transitus
1083 1513 1121 1579 tit
1136 1512 1179 1579 ad
1204 1511 1435 1580 mittentium
1456 1525 1504 1578 est

74 1614 77 1618 ’
165 1611 248 1707 ‘sal,·
261 1619 386 1712 quodsi
396 1619 450 1687 sul
462 1617 627 1686 t'nsulsum
640 1619 763 1708 suerit,
778 1620 805 1685 si
819 1618 1007 1708 insipidum
1016 1619 1144 1685 factum
1159 1619 1263 1686 fuerit
1274 1623 1308 1685 et
1321 1640 1418 1684 suam
1432 1620 1502 1686 vim

179 1731 212 1795 et
230 1726 451 1794 acrimoniam
467 1725 633 1809 amiserit,
650 1724 687 1791 in
703 1747 770 1814 quo
786 1724 875 1791 illud
892 1725 1074 1793 condietis?
1087 1725 1184 1792 nulla
1197 1724 1267 1791 iam
1288 1747 1324 1791 re
1342 1726 1453 1791 sanari
1470 1732 1504 1791 et

176 1833 320 1923 pristino
328 1833 442 1923 sapori
458 1832 587 1899 restitui
601 1837 722 1921 potest.
737 1835 845 1909 Quare
854 1838 968 1898 monet
979 1832 1145 1921 apostolos
1157 1829 1322 1898 bubetein
1334 1830 1425 1897 uobis
1436 1832 1500 1911 sal,

177 1939 301 2008 habete
315 1937 402 2005 illud
418 1960 485 2027 quo
502 1937 583 2005 alios
604 1937 737 2004 efficere
754 1939 892 2026 potestis
909 1944 1041 2024 gratam
1059 1939 1113 2003 bei
1135 1938 1296 2017 hostiam,
1316 1960 1373 2003 eos
1395 1961 1415 2003 a
1430 1960 1501 2003 cor-

175 2045 333 2136 ruptione
340 2045 471 2135 peccati
480 2066 630 2127 servare,
648 2051 797 2112 ceterum
808 2044 886 2111 vide
895 2045 1010 2111 ltattb.
1030 2051 1109 2127 5,13
1125 2067 1132 2113 :
1151 2045 1298 2111 vosestis
1314 2045 1499 2111 salterrae.

166 2152 284 2220 Simul
298 2157 415 2219 monet
432 2173 475 2218 ue
492 2174 527 2219 se
546 2149 708 2238 indignos
724 2150 869 2218 reddant
884 2153 1058 2218 vocatione
1076 2173 1138 2218 sua
1156 2158 1189 2217 ct
1208 2153 1340 2240 ineptos
1358 2149 1401 2217 ad
1418 2151 1502 2217 alios

174 2258 381 2327 erudiendos
396 2265 429 2324 et
442 2258 487 2325 ad
506 2260 595 2325 vitae
614 2259 824 2325 sanctitatem
844 2257 1076 2324 adducendos.
1096 2258 1208 2335 Qualis
1226 2259 1325 2324 ruina
1349 2259 1500 2347 ipsorum

171 2365 289 2433 futura
304 2370 390 2433 esset
402 2365 505 2455 quale
519 2365 664 2432 aliorum
680 2364 861 2445 damnum,
878 2365 958 2430 satis
970 2363 1165 2431 declaratur
1183 2364 1339 2453 exemplo
1356 2363 1435 2430 salis
1449 2365 1498 2429 in-

173 2472 257 2540 sulsi
271 2472 327 2540 cui
340 2472 436 2539 nulla
450 2494 488 2539 re
499 2473 572 2539 iam
584 2472 716 2539 restitui
728 2473 833 2561 possit
846 2478 987 2560 saporet
997 2472 1111 2558 vigor3
1125 2472 1169 2539 61.
1181 2476 1258 2537 Luc.
1279 2478 1391 2552 lass.
1406 2472 1500 2537 Notio

59 2652 65 2665 ‚
171 2580 289 2670 itaque
302 2579 383 2647 saba
395 2600 464 2646 non
479 2578 584 2646 estad
597 2600 703 2645 uuum
719 2577 972 2665 restringenda,
991 2600 1109 2645 verum
1125 2580 1242 2645 omnia
1258 2576 1320 2645 illa
1332 2577 1500 2666 complec-

172 2685 257 2754 titur
275 2684 402 2776 quibus
414 2686 486 2776 apti
500 2685 588 2752 fiunt
602 2684 645 2753 ad
660 2686 744 2752 alios
758 2684 964 2752 condiendos
978 2687 1000 2751 i.
1024 2707 1053 2752 e.
1071 2690 1137 2751 Deo
1157 2691 1271 2772 gratos
1288 2690 1321 2751 et
1340 2692 1498 2774 acceptos

173 2792 384 2873 reddendos,
395 2792 512 2859 utscil.
526 2792 651 2859 oblatio
665 2793 818 2879 gentium
830 2791 890 2858 siat
902 2798 1041 2881 accepta
1054 2798 1087 2858 et
1097 2791 1308 2859 sanctificata
1319 2792 1354 2857 in
1370 2792 1500 2881 Spiritu

170 2904 288 2967 sancto
306 2899 416 2989 (Rom.
441 2899 568 2988 15,16).
585 2899 618 2966 si
638 2899 753 2988 itaque
768 2899 939 2988 explicant
958 2898 999 2965 de
1018 2900 1184 2988 sapientia
1200 2898 1296 2987 (Bed.
1313 2898 1389 2965 Alb.
1411 2901 1494 2986 Lep.

173 3005 283 3076 Galm.
300 3006 423 3096 step),
440 3005 493 3073 vel
509 3004 551 3072 dc
569 3005 603 3072 vi
623 3004 718 3072 verbi
733 3005 789 3072 llei
807 3012 841 3072 et
859 3005 1010 3072 efficacia
1026 3005 1119 3093 (Bed.
1139 3004 1241 3092 Keil),
1258 3004 1301 3071 de
1317 3007 1497 3094 incorrup-

172 3111 263 3181 tione
280 3111 370 3179 vitae
384 3118 418 3179 et
435 3109 611 3178 doetrinae
635 3112 764 3199 (16716),
782 3110 824 3178 (16
844 3113 973 3178 ratione
992 3110 1179 3200 prudenter
1196 3111 1374 3178 exercendi
1394 3112 1498 3178 officii

171 3218 294 3309 (Cea),
317 3218 359 3286 de
383 3217 450 3285 fide
473 3224 506 3285 et
525 3217 704 3285 dilectione
727 3216 871 3305 (Euda),
896 3218 937 3284 de
956 3240 1110 3284 sermone
1130 3218 1201 3285 acri
1223 3219 1498 3308 reprehensionis

169 3324 360 3416 (Theonda),
374 3324 417 3392 de
427 3324 628 3392 discretione
636 3325 857 3415 etprudentia
869 3325 1008 3413 (Dion),
1021 3324 1063 3391 de
1077 3325 1240 3391 memoria
1248 3330 1281 3391 et
1291 3326 1497 3412 cogitatione

172 3432 265 3520 iguis
283 3432 415 3500 aeterni
431 3431 552 3521 (Patr.)
576 3437 655 3514 etc,
673 3430 886 3498 haecomnia
901 3432 1017 3522 utique
1033 3430 1128 3498 utilia
1146 3431 1201 3498 vel
1216 3433 1404 3498 necessaria
1418 3440 1498 3499 sunt

169 3537 214 3606 ad
229 3539 375 3607 aliorum
392 3539 537 3607 salutem
550 3537 816 3627 procurandam;
839 3561 956 3604 verum
975 3538 1148 3604 notionem
1163 3538 1241 3604 salis
1255 3537 1298 3605 ad
1315 3560 1420 3605 uuum
1439 3560 1493 3605 eo-

171 3667 249 3713 rum
274 3643 360 3713 velle
383 3651 516 3712 arctare
534 3643 654 3735 nequit
676 3644 827 3733 probari.
853 3650 922 3711 lam
945 3667 1026 3711 vero
1048 3651 1086 3711 ut
1106 3644 1212 3731 digne
1233 3667 1294 3711 sua
1317 3647 1495 3713 vocatione

168 3750 348 3819 ambulent
370 3773 457 3842 opus
475 3755 523 3818 est
544 3773 681 3842 quoque
699 3773 782 3840 pace
802 3758 920 3818 mutua
941 3757 972 3818 et
992 3750 1173 3818 concordia
1186 3764 1220 3817 et
1232 3773 1356 3841 pacem
1374 3751 1494 3819 habete

167 3858 256 3926 anter
269 3880 345 3939 vor,
364 3880 434 3947 qua
445 3856 679 3924 admonitione
698 3861 787 3923 lesus
799 3857 889 3923 redit
901 3856 946 3925 ad
962 3858 1098 3924 initium
1113 3864 1146 3924 et
1165 3859 1377 3925 occasionem
1393 3861 1495 3927 totius

170 3965 334 4033 sermonis
347 3964 402 4054 (cs.
415 3985 447 4031 v.
466 3964 535 4051 33),
547 3985 668 4054 pacem
681 3963 816 4043 habete,
831 3985 872 4030 ne
884 3963 1061 4030 hominum
1076 3986 1171 4032 more
1185 3966 1344 4031 intervos
1356 3973 1494 4033 conten-

172 4071 275 4152 datis;
302 4101 317 4133 «
339 4072 444 4139 sivos
471 4070 592 4138 delecti
612 4070 647 4137 iu
667 4071 716 4137 sal
742 4078 852 4137 terrae
872 4071 1022 4159 pergatis
1043 4071 1194 4138 humano
1217 4072 1280 4138 isto
1298 4072 1496 4140 ambitionis

168 4178 294 4246 affectu
312 4178 403 4246 inter
425 4199 483 4244 vos
501 4175 544 4244 dc
562 4177 712 4266 primatu
738 4177 957 4257 contendere,
985 4178 1178 4245 efficiemini
1200 4178 1301 4267 plane
1327 4179 1492 4246 insulsum

167 4285 219 4353 sal
234 4307 298 4353 nec
306 4308 384 4376 spes
395 4286 520 4376 poterit
534 4305 604 4351 esse
618 4292 749 4350 vestrae
766 4285 983 4351 restitutionis
1001 4313 1015 4344 a
1038 4286 1173 4374 (loeas).

205 4509 285 4571 Cum
309 4515 391 4570 teste
410 4510 596 4588 presbytero
616 4509 731 4569 loanne
751 4509 834 4585 apud
858 4510 986 4587 Papiam
1009 4510 1127 4569 llarcus
1146 4512 1175 4567 οὐ
1193 4509 1266 4577 τάξει
1286 4511 1448 4589 scripserit
1462 4519 1494 4572 et

164 4608 272 4686 aliqrm
286 4606 368 4687 (trra)
383 4608 426 4668 ita
441 4608 584 4668 retulerit
604 4611 700 4685 prout
719 4623 829 4666 eorum
850 4608 890 4667 sit
908 4608 1090 4667 recordatus
1105 4608 1154 4668 rel
1174 4615 1269 4686 prout
1284 4611 1395 4671 Petrus
1408 4617 1492 4670 retu·

163 4706 237 4767 lerit
256 4704 309 4784 (61.
326 4704 497 4780 Eusebius,
513 4704 543 4767 h.
562 4723 590 4765 6.
615 4704 714 4783 339),
732 4704 793 4764 dici
813 4707 907 4765 etiam
926 4711 1034 4784 posset
1049 4724 1066 4764 a
1083 4708 1182 4767 llarco
1198 4708 1230 4766 in
1250 4707 1309 4768 hac
1330 4714 1418 4786 parte
1434 4708 1491 4768 ali-

163 4821 244 4883 quas
259 4804 433 4863 sententias
443 4821 512 4864 esse
528 4804 661 4864 insertas
672 4821 747 4880 quas
760 4802 901 4863 Christus
912 4805 974 4864 alio
990 4804 1059 4864 loco
1069 4805 1169 4865 aliave
1185 4807 1349 4866 occasione
1365 4805 1489 4866 dixerit.

163 4903 247 4962 llaec
268 4905 315 4964 est
335 4901 446 4980 opinio
466 4919 561 4980 quam
584 4898 682 4961 allate.
707 4901 789 4961 baud
810 4903 906 4962 semel
931 4905 961 4961 in
983 4902 1079 4962 huius
1103 4905 1258 4964 sermonis
1281 4904 1490 4983 explicatione

163 5002 360 5080 propugnat,
376 4998 421 5060 ita
438 5000 477 5061 ad
499 5018 530 5060 v.
553 5001 592 5061 l0
609 5005 641 5062 et
660 5000 699 5061 ad
720 5018 748 5059 r.
767 5001 802 5060 -ll
817 4999 894 5061 haee
907 5001 1036 5063 adnotat
1054 5020 1060 5061 :
1081 5026 1095 5055 a
1111 5001 1189 5064 baec
1203 5003 1354 5082 coniungi
1374 5005 1492 5067 debent
