3960 5654
337 608 428 676 hisce
447 610 488 675 iri
503 607 637 673 veniam
654 625 865 690 concessum,
886 615 924 673 nt
939 604 1089 692 exceptio
1108 627 1195 693 quae
1217 604 1378 671 statuitur
1396 623 1499 694 quam
1516 605 1661 671 maxime

332 718 462 783 animos
482 717 678 800 mentesque
695 715 858 802 percellat
876 722 909 779 ct
929 735 950 777 a
969 710 1109 776 crimine
1129 713 1331 787 absterreat,
1349 733 1381 776 v.
1407 719 1447 778 29
1468 710 1529 799 qui
1545 723 1661 777 uatem

335 818 616 910 blasphemaverit
629 819 666 884 iri
684 822 852 910 Spiritum
865 830 1023 886 sonetum
1035 839 1104 882 con
1117 818 1254 885 babebit
1266 817 1493 885 remissionem
1507 816 1543 881 iu
1555 828 1662 881 oeter-

335 949 436 1004 num,
458 947 545 1013 quae
568 930 721 1017 exceptio
744 928 912 993 sententia
936 922 1042 988 altera
1064 924 1270 991 affirmativa
1294 921 1453 991 adiuncta
1475 922 1660 991 certissime

333 1032 444 1099 valere
464 1053 503 1096 ac
518 1035 704 1099 consistere
719 1032 844 1098 dicitur
861 1056 868 1099 :
884 1029 944 1096 sed
957 1051 1033 1094 reus
1045 1032 1111 1096 erit
1125 1028 1242 1096 delicti
1256 1029 1386 1093 oetemi
1400 1036 1578 1118 peccatum
1594 1028 1660 1093 hoc

333 1145 382 1204 est
402 1146 580 1225 peccatum
600 1146 776 1206 aeternum
796 1137 889 1226 quod
907 1157 1083 1223 nunquam
1100 1137 1238 1203 tollatur
1257 1141 1316 1201 aut
1330 1137 1496 1223 expietur,
1517 1134 1576 1202 sed
1591 1156 1662 1223 quo

333 1242 391 1309 ille
413 1245 446 1310 in
473 1252 650 1313 aeternum
674 1250 788 1308 manet
806 1251 977 1331 peccator;
1002 1251 1034 1308 et
1059 1243 1170 1331 qualis
1191 1243 1234 1306 sit
1260 1243 1345 1308 haec
1370 1240 1587 1331 blasphemia
1608 1264 1662 1307 ex-

334 1349 480 1440 plicatur
503 1375 535 1417 v,
567 1359 609 1418 30
638 1349 802 1438 quomam
827 1349 983 1414 dicebant
1007 1372 1018 1414 .·
1041 1351 1200 1439 spiritum
1226 1347 1442 1414 immundam
1468 1347 1658 1416 hebetia.

332 1479 406 1524 eam
433 1459 675 1525 commiserunt
693 1456 940 1544 blasphemiam
965 1478 1042 1523 cum
1066 1456 1220 1522 dicerent
1240 1479 1271 1520 v.
1294 1462 1363 1522 22:
1389 1454 1577 1521 Beelzebub
1597 1456 1661 1520 ha-

333 1563 390 1631 bet
404 1572 467 1631 etc.

377 1674 481 1747 Quem
506 1671 621 1736 locum
642 1668 729 1735 bene
749 1670 896 1760 explicat
915 1670 1025 1749 Beda,
1047 1689 1123 1735 cum
1144 1668 1251 1736 dicit:
1274 1697 1290 1728 α
1310 1669 1369 1758 qui
1384 1690 1467 1755 ergo
1482 1668 1659 1734 manifeste

331 1776 527 1862 intelligens
539 1798 644 1866 opera
664 1775 721 1841 Dei
740 1798 818 1842 cum
832 1776 875 1842 de
892 1778 1015 1842 virtute
1031 1797 1157 1861 negare
1171 1798 1239 1840 non
1255 1777 1377 1865 possit,
1399 1774 1592 1841 stimulatus
1606 1775 1660 1840 in-

332 1882 423 1949 vidia
438 1882 668 1949 calumniatur
687 1889 721 1949 et
734 1884 904 1949 Christum
926 1883 1049 1971 Deique
1066 1883 1207 1949 verbum
1223 1887 1256 1947 et
1270 1881 1416 1970 Spiritus
1435 1882 1540 1948 sancti
1555 1902 1659 1970 opera

331 1988 413 2055 dicit
434 2010 504 2056 esse
525 1988 729 2068 Beelzebub,
760 1989 813 2055 isti
838 2011 907 2054 non
929 1989 1120 2055 dimittetur
1140 2009 1251 2078 neque
1275 1989 1308 2053 in
1330 1989 1500 2076 praesenti
1524 1987 1661 2054 saeculo

331 2117 440 2185 neque
453 2096 486 2160 in
502 2095 627 2161 futuro.
645 2099 716 2162 Non
732 2095 824 2184 quod
841 2116 1006 2180 negemus
1020 2101 1054 2161 et
1070 2095 1117 2175 ei,
1130 2095 1158 2160 si
1168 2095 1414 2183 poenitentiam
1424 2115 1526 2180 agere
1541 2095 1661 2161 volue-.

332 2203 391 2282 n't,
405 2224 500 2291 posse
520 2200 646 2268 dimitti
658 2201 702 2268 ab
720 2225 759 2267 eo
774 2203 833 2290 qui
848 2201 920 2266 vult
935 2222 1050 2268 omncs
1069 2201 1224 2268 homines
1243 2201 1352 2268 salvos
1367 2200 1440 2267 lieri
1455 2208 1490 2267 et
1508 2201 1544 2266 in
1558 2201 1660 2288 agni-

330 2307 455 2374 tionem
479 2309 632 2374 veritatis
651 2309 787 2388 venire3
811 2307 870 2374 sed
890 2307 983 2396 quod
1004 2308 1067 2397 ipsi
1086 2307 1192 2373 iudici
1214 2314 1248 2373 et
1267 2307 1425 2393 largitori
1448 2307 1567 2374 veniae
1585 2328 1657 2373 crc-

330 2413 447 2481 dentes
461 2415 520 2504 qui
533 2422 610 2480 etse
622 2416 867 2503 poenitentiam
882 2436 1015 2503 semper
1025 2421 1243 2502 accepturum
1254 2419 1288 2480 et
1299 2414 1388 2480 hanc
1408 2413 1658 2503 blasphemiam

254 2567 257 2573 -
330 2543 505 2611 nunquam
531 2521 616 2587 dicit
638 2543 707 2588 esse
729 2521 987 2600 remittendam,
1014 2521 1193 2587 credamus
1212 2521 1305 2586 hunc
1327 2519 1567 2610 blasphemum
1590 2522 1659 2587 exi-

329 2627 488 2716 gentibus
517 2628 664 2704 meritis,
689 2630 775 2695 sicut
798 2650 976 2716 nunquam
1000 2627 1044 2693 ad
1064 2629 1314 2708 remissionem,
1337 2627 1385 2694 ita
1410 2649 1473 2694 nec
1497 2627 1542 2694 ad
1566 2629 1657 2716 ipsos

330 2734 454 2822 dignae
467 2735 692 2824 poenitentiae
703 2735 831 2801 fructus
842 2741 1163 2822 esseperventurum
1176 2762 1204 2800 ».
1217 2739 1257 2801 Et
1265 2734 1415 2824 prolecto
1425 2735 1461 2801 id
1468 2733 1655 2800 secundum

331 2841 422 2927 leges
441 2843 605 2909 sermonis
624 2842 765 2907 humani
781 2841 1011 2930 consequitur.
1035 2843 1198 2909 Statuitur
1217 2842 1360 2907 enimin
1379 2864 1409 2907 v.
1429 2847 1471 2908 28
1487 2841 1607 2928 regula
1623 2848 1656 2907 et

330 2969 449 3013 norma
472 2947 658 3034 generatim
688 2949 768 3014 huic
790 2950 826 3014 in
854 2972 885 3013 v.
911 2955 952 3014 29
975 2947 1113 3015 additur
1134 2950 1301 3038 exceptio,
1331 2949 1364 3013 iu
1388 2970 1456 3038 quo
1482 2949 1554 3015 scil.
1578 2970 1659 3015 casu

330 3054 480 3119 remissio
493 3076 560 3119 non
576 3054 794 3135 concedatur,
810 3077 899 3143 quae
914 3056 1066 3143 exceptio
1080 3054 1214 3121 duabus
1225 3055 1399 3120 sententiis
1413 3056 1610 3122 enuntiatur
1624 3063 1658 3120 et

330 3159 365 3225 in
384 3166 559 3226 aeternum
582 3182 719 3227 manere
737 3168 769 3225 et
785 3160 898 3226 valere
916 3161 969 3226 bis
987 3183 1124 3251 quoque
1144 3161 1346 3227 alfirmatur.
1364 3167 1480 3228 Nonne
1495 3161 1660 3228 audacius

329 3272 378 3332 cst
397 3288 417 3331 a
439 3267 503 3332 toli
522 3268 718 3355 exceptione
741 3268 864 3332 iterum
888 3273 1035 3332 statuere
1054 3267 1287 3357 exceptionem
1314 3267 1337 3334 i.
1363 3290 1393 3333 e.
1418 3289 1492 3333 eam
1516 3269 1658 3356 proprio

330 3378 436 3439 marte
445 3373 614 3460 abrogare
626 3372 733 3439 velle‘l
745 3379 779 3439 ln
791 3374 957 3439 sententia
973 3375 1073 3439 simili
1093 3395 1193 3440 nemo
1207 3374 1243 3439 id
1258 3373 1383 3442 audet:
1397 3375 1456 3463 qui
1471 3373 1658 3440 crediderit

329 3483 363 3545 et
376 3478 565 3568 baptizatus
580 3479 683 3545 luerit
697 3480 809 3545 salvus
821 3481 886 3545 erit
904 3518 948 3529 -
963 3502 1003 3546 en
1021 3480 1140 3566 regula
1155 3482 1347 3546 communis
1363 3482 1479 3569 -qui
1497 3502 1577 3547 vero
1588 3502 1656 3547 non

327 3584 509 3651 crediderit
522 3584 806 3652 condemnabitur
819 3587 932 3674 (Marc.
948 3589 1074 3673 16,16);
1088 3609 1205 3653 omnes
1215 3586 1333 3653 dicunt
1345 3586 1547 3654 sententiam
1565 3588 1657 3654 hanc

327 3693 521 3777 negativam
536 3691 649 3758 valere
664 3693 700 3756 in
717 3693 929 3772 universum,
947 3694 996 3759 uti
1013 3700 1062 3759 est
1078 3701 1200 3760 natura
1214 3693 1379 3760 eiusmodi
1395 3695 1654 3774 sententiarum,

328 3819 427 3864 nemo
442 3798 543 3864 audet
559 3797 728 3887 explicare
744 3801 903 3888 :quinon
919 3798 1118 3879 crediderit,
1134 3801 1204 3866 lere
1215 3822 1348 3889 semper
1357 3799 1653 3879 condemnabitur,

328 3926 406 3971 raro
426 3912 458 3971 et
474 3904 675 3971 difficillime
694 3905 886 3971 servabitur
896 3914 960 3973 etc.
976 3929 1061 3995 quas
1076 3913 1188 3973 tamen
1205 3905 1446 3995 explicationes
1464 3907 1557 3974 haud
1576 3929 1655 3974 raro

327 4012 409 4078 huic
435 4011 557 4078 Christi
577 4012 680 4078 verbo
704 4035 734 4077 v.
762 4018 804 4079 29
824 4014 1014 4102 imponunt.
1034 4013 1096 4080 Sed
1123 4036 1163 4079 ea
1184 4013 1226 4079 dc
1250 4035 1286 4080 re
1315 4013 1515 4102 explicatius
1536 4015 1594 4100 egi
1619 4015 1655 4080 in

329 4121 513 4185 Comment.
528 4121 642 4186 ltatth.
660 4124 716 4208 lp.
731 4125 878 4186 t87-t95
895 4129 928 4185 et
946 4121 980 4186 in
1001 4125 1113 4186 Revue
1129 4120 1285 4210 biblique
1303 4125 1388 4186 1892
1405 4143 1439 4209 p.
1463 4126 1538 4187 161.
1560 4120 1655 4187 addo

328 4224 419 4313 quod
433 4229 525 4292 Patr.
547 4226 664 4292 scribit
679 4248 686 4292 :
707 4257 721 4286 «
737 4248 814 4292 cum
833 4227 983 4293 Christus
1003 4226 1133 4293 videret
1146 4227 1274 4293 scribas
1289 4227 1334 4292 ita
1348 4248 1418 4292 esse
1432 4225 1547 4294 animo
1561 4249 1655 4294 com-

327 4338 463 4419 paratos
481 4333 764 4421 praevideretque
787 4333 870 4399 tales
889 4356 1025 4423 semper
1038 4334 1168 4399 tuturos
1183 4331 1269 4399 adeo
1290 4336 1326 4398 ut
1344 4355 1518 4421 nunquam
1535 4335 1654 4423 poeni-

329 4439 433 4503 tentia
456 4439 548 4505 ducti
572 4448 720 4506 mentem
745 4446 854 4506 essent
878 4440 1060 4519 mutaturi,
1086 4446 1261 4506 aeternam
1286 4439 1538 4507 damnationem
1564 4463 1653 4529 quac

328 4543 416 4632 ipsos
431 4546 589 4612 manebat
599 4547 646 4613 eis
664 4547 892 4626 denuntiavit3
906 4552 1054 4612 attamen
1069 4547 1224 4612 universe
1238 4546 1367 4612 locutus
1379 4553 1428 4612 est
1440 4548 1520 4636 quia
1534 4546 1653 4612 eadem

328 4658 412 4717 esset
428 4658 618 4718 ceterorum
645 4655 798 4720 omnium
814 4653 961 4719 conditio
979 4656 1036 4741 qui
1060 4653 1133 4741 pari
1155 4652 1256 4719 modo
1276 4659 1453 4743 peccarent
1473 4682 1502 4719 o.
1521 4655 1555 4719 Si
1573 4676 1654 4719 vero

328 4756 418 4823 idem
434 4757 578 4846 explicat
599 4759 836 4848 blasphemare
856 4762 890 4825 in
910 4760 1074 4849 Spiritum
1090 4768 1244 4826 sanctum
1261 4783 1330 4827 esse
1345 4760 1434 4826 idem
1447 4766 1549 4850 atquc
1561 4759 1654 4850 apud

327 4887 361 4930 se
377 4864 503 4930 habore
521 4867 739 4933 constitutum
757 4870 903 4954 gratiam
922 4891 940 4933 a
958 4871 1022 4932 Deo
1037 4865 1186 4934 oblatam
1208 4890 1365 4958 respuere
1379 4889 1511 4958 semper
1529 4872 1563 4934 et
1575 4890 1654 4935 con-
