3960 5654
1198 40 1207 57 '¹
1247 40 1262 53 '⁴
1331 39 1371 81 '‘1'2‘
1387 57 1393 75 ’-
1407 43 1418 69 ·’
1428 62 1442 81 -t
1517 40 1589 83 ·.-'··-·‘.,=';':
1598 39 1627 63 “³¹
1635 58 1641 71 ·
1682 40 1701 78 59
1712 44 1763 89 ⁵⁴2⁴·
1776 39 1964 94 ''3'²'‘3⁶‘Q¹3¹ffl

1826 152 1830 158 .
1911 116 1964 163 ··':'i

994 377 1085 423 rinc.
1111 361 1159 435 ro,
1182 359 1286 421 asar.
1414 327 1419 340 ’
1747 361 1807 422 aaa

444 519 445 522 ’
477 510 611 580 ratione
632 517 665 579 S.
690 511 875 581 Matthaeus
892 509 999 601 (quod
1019 509 1104 578 alias
1127 511 1182 576 vix
1204 509 1366 600 reperies)
1385 530 1458 575 rem
1482 510 1674 576 accuratius
1687 508 1808 584 refert,

476 615 560 684 dum
580 623 612 686 S.
638 621 764 685 Marcus
786 641 862 687 eam
883 617 1020 684 brevius
1038 617 1255 707 perstringit;
1277 614 1356 682 vide
1374 615 1420 682 ad
1439 615 1554 683 llatth.
1582 622 1699 697 20‚20;
1719 615 1810 706 quod

476 722 539 790 lilii
556 746 617 813 per
635 729 781 793 matrem
804 723 991 814 petierunt,
1010 725 1132 791 merito
1149 722 1214 812 ipsi
1230 721 1418 812 postulasse
1439 722 1602 790 dicuntur
1618 721 1677 812 (ct.
1695 723 1807 790 nauh.

475 835 532 913 8‚5
548 836 581 898 et
591 835 669 897 Luc.
683 833 768 922 7,s);
779 831 928 899 dicentes
942 851 954 895 .·
967 831 1139 920 maqister,
1154 830 1310 896 volumus
1320 839 1357 894 ut
1366 827 1604 920 quodcumque
1612 830 1811 919 petierimus
1936 838 1938 844 '

473 936 585 1024 [arias
601 935 711 1022 nobas,
732 937 829 1028 quasi
844 943 1044 1003 vererentur
1063 936 1178 1002 statim
1197 941 1314 1025 petere
1326 934 1420 1023 quod
1434 935 1555 1002 volunt
1569 935 1674 1024 idque
1688 937 1809 1003 imme-

475 1043 566 1109 diate
578 1046 772 1125 enuntiare,
787 1044 884 1133 prius
897 1043 1069 1132 postulant
1085 1047 1122 1108 ut
1133 1041 1404 1109 exaudianturin
1417 1063 1454 1107 re
1465 1040 1583 1134 aliqua
1596 1064 1699 1130 quam
1712 1049 1811 1109 erant

476 1150 651 1235 rogaturi,
667 1151 754 1219 sicut
768 1150 827 1240 qui
847 1150 1056 1239 particulare
1071 1146 1222 1238 aliquid,
1236 1149 1437 1237 praesertim
1457 1148 1486 1214 si
1507 1169 1674 1235 magnum
1688 1148 1806 1231 fuerit,

474 1255 660 1344 impetrare
688 1255 883 1324 desiderant
904 1255 1126 1347 praemittere
1153 1254 1264 1321 solent
1289 1254 1492 1345 petitionem
1518 1254 1810 1345 generalemque
1939 1305 1941 1309 ν

473 1362 631 1430 animum
648 1363 787 1430 alterius
805 1368 942 1454 captent
956 1364 1098 1452 eiusque
1118 1360 1222 1428 fidem
1245 1360 1310 1428 sibi
1328 1360 1546 1447 obstringant
1565 1383 1607 1427 ne
1626 1365 1742 1450 postea
1761 1361 1809 1429 las

473 1468 517 1535 sit
534 1490 661 1555 negare
680 1469 817 1560 (Iam.);
839 1470 882 1537 ct.
907 1476 926 1537 3
943 1472 1026 1555 Reg.
1043 1474 1139 1551 a,20;
1156 1489 1190 1535 v.
1212 1474 1255 1534 36
1269 1478 1307 1535 a!
1324 1465 1385 1535 ille
1406 1466 1494 1533 debit
1512 1466 1585 1534 eis:
1603 1466 1691 1558 quid
1706 1467 1809 1535 cultis

475 1576 651 1663 etfaciam
663 1575 775 1642 volu?
790 1603 807 1638 a
825 1577 900 1666 ipsa
911 1575 1184 1661 interrogatione
1197 1573 1445 1663 particularem
1459 1579 1662 1662 extorquens
1676 1573 1809 1664 petitio-

474 1682 526 1748 nis
541 1681 798 1771 explicationem
810 1704 915 1771 quam
931 1680 1055 1749 deinde
1070 1681 1280 1768 redarguere
1294 1686 1421 1770 posset,
1437 1703 1500 1748 suo
1516 1702 1578 1748 nos
1588 1681 1742 1772 exemplo
1751 1681 1810 1749 do·

473 1809 553 1854 cens
572 1809 614 1854 ne
632 1788 677 1854 ob
692 1788 956 1857 familiaritatem
972 1792 1033 1854 aut
1041 1789 1215 1854 carnalem
1230 1786 1390 1855 affectum
1397 1792 1548 1854 nostram
1558 1785 1663 1854 fidem
1672 1789 1809 1874 roganti

475 1895 586 1961 amieo
606 1894 877 1983 obstringamus,
895 1894 1098 1985 priusquam
1118 1895 1155 1961 in
1169 1892 1281 1983 specie
1300 1894 1476 1984 petitionis
1489 1893 1689 1984 qualitatem
1711 1894 1809 1961 intel-

473 2000 656 2068 lexerimus
671 2007 706 2068 et
719 2002 851 2069 iustane
863 2023 908 2068 an
923 2001 1051 2068 iniusta
1065 2001 1109 2067 sit
1128 2000 1351 2067 didicerimus
1366 2027 1383 2060 o
1400 2000 1538 2090 (lons.);
1556 2023 1589 2068 v.
1608 2007 1652 2067 37
1666 2013 1700 2068 et
1712 1999 1808 2068 diee-

473 2120 556 2173 runt
574 2107 644 2174 :da
658 2107 753 2175 nobis
772 2122 809 2175 ut
824 2130 911 2189 unus
925 2107 973 2174 ad
990 2107 1165 2175 dexterum
1181 2119 1276 2174 tuam
1295 2118 1327 2173 et
1347 2105 1437 2174 alius
1451 2105 1500 2173 ad
1518 2106 1693 2174 sinistram
1712 2122 1806 2175 tuam

473 2213 650 2282 sedeamus
663 2216 700 2282 in
720 2216 832 2305 qloria
847 2229 907 2282 tua
928 2215 953 2282 i.
970 2237 1001 2281 e.
1027 2214 1129 2281 simul
1151 2235 1191 2281 ac
1211 2234 1357 2301 regnum
1376 2219 1476 2281 tuum
1496 2213 1605 2303 (quod
1624 2215 1808 2300 gloriosum

371 2398 374 2406 ,
399 2405 400 2409 ¹
474 2321 567 2388 hisce
586 2323 622 2388 in
642 2324 741 2390 terris
760 2323 831 2390 tore
849 2320 1026 2413 putabant)
1052 2321 1256 2405 institueris3
1277 2319 1408 2411 primas
1426 2321 1543 2411 itaque
1559 2320 1744 2408 dignitates
1765 2345 1805 2389 eo

473 2429 509 2494 in
524 2449 631 2515 regno
644 2430 708 2496 sibi
725 2435 857 2519 petunt.
1073 2431 1076 2436 ’

518 2535 604 2612 Quid
622 2542 656 2602 et
674 2559 743 2626 qua
763 2542 875 2603 mente
893 2536 1034 2626 petunt?
1058 2536 1199 2601 fuerunt
1214 2532 1355 2624 quidem
1377 2535 1437 2622 qui
1454 2540 1616 2624 putarent
1635 2556 1690 2602 eos
1708 2535 1808 2626 spiri-

474 2642 578 2708 tualia
596 2642 783 2731 postulasse
802 2641 857 2708 vel
871 2643 1007 2731 petiisse
1027 2650 1065 2708 ut
1081 2640 1202 2708 ceteris
1220 2640 1381 2730 apostolis
1403 2642 1530 2707 virtute
1549 2663 1590 2708 ac
1604 2642 1733 2709 meritis
1749 2663 1809 2710 an·
1886 2640 1889 2647 ’

472 2750 683 2830 tecellerent,
695 2748 747 2815 vel
757 2749 891 2839 petiisse
899 2749 1030 2815 bonum
1039 2801 1047 2829 ,
1056 2747 1115 2815 sed
1126 2770 1196 2815 non
1207 2747 1293 2814 bene
1307 2747 1536 2827 intellectum,
1552 2749 1635 2837 quia
1647 2755 1808 2838 putarent

471 2855 507 2921 id
520 2857 683 2944 occupari
697 2855 855 2946 precibus
870 2877 981 2946 posse,
1003 2876 1081 2921 cum
1096 2861 1214 2922 tamen
1228 2875 1297 2920 non
1311 2855 1508 2943 petentibus
1519 2854 1579 2921 sed
1599 2855 1807 2924 merentibus

471 2961 546 3029 dari
574 2969 699 3052 posset,
725 2985 813 3052 quae
832 2963 953 3029 ultima
976 2962 1144 3030 sententia
1170 2984 1191 3027 a
1213 2959 1321 3029 Mcld.
1342 2961 1622 3051 probabilissima
1646 2961 1805 3030 habetur.

472 3069 607 3137 Etiame
622 3069 867 3136 recentioribus
875 3068 1008 3158 Scheyq
1015 3071 1051 3134 in
1059 3090 1099 3135 ea
1111 3068 1277 3156 petitione
1284 3068 1394 3135 cernit
1402 3095 1419 3130 «
1435 3069 1612 3135 heroicum
1622 3068 1808 3136 voluntatis

473 3176 682 3266 propositum
699 3203 715 3236 »
730 3176 991 3265 quollagitenta
1009 3176 1167 3254 Domino,
1180 3180 1319 3241 utnunc
1340 3174 1408 3241 sibi
1422 3175 1588 3242 concedat
1604 3197 1660 3242 eos
1674 3175 1807 3244 labores
1896 3210 1899 3216 ²

473 3281 597 3371 quibus
613 3282 713 3369 digni
727 3281 915 3350 reddantur
925 3282 1076 3372 quiolim
1084 3279 1227 3348 sedeant
1240 3280 1284 3348 ad
1298 3281 1372 3348 eius
1386 3280 1560 3348 dexteram
1574 3286 1607 3348 et
1621 3281 1803 3351 sinistram.

474 3393 598 3457 Verum
607 3388 667 3456 alii
681 3411 737 3456 eos
752 3395 904 3476 arguunt
917 3388 1133 3470 ambitionis;
1152 3416 1168 3449 κ
1183 3408 1301 3454 amore
1309 3387 1601 3477 praeeminentiae
1619 3376 1804 3477 (προεδρίας)

473 3497 563 3585 capti
580 3501 674 3574 sunt;
692 3517 771 3563 nam
785 3518 820 3563 se
828 3518 909 3586 prae
922 3496 1043 3562 ceteris
1054 3495 1219 3561 honorari
1229 3494 1401 3576 sciebant,
1417 3493 1477 3562 sed
1490 3499 1625 3562 Petrum
1639 3495 1807 3565 timebant

474 3603 541 3692 (vel
558 3607 656 3670 Petro
669 3601 944 3690 subinvidebant)
965 3630 980 3663 o
998 3601 1129 3691 (Eutb.;
1150 3602 1193 3667 cl.
1221 3601 1303 3669 Vict.
1325 3600 1418 3689 cai.)
1437 3606 1471 3667 et
1489 3604 1580 3670 Iuris.
1598 3624 1674 3671 eam
1689 3608 1805 3693 postu·

474 3711 634 3777 tationem
656 3709 807 3798 appellat
824 3730 988 3791 crassam,
1014 3708 1205 3790 carnalem,
1234 3706 1470 3791 ambitiosam
1492 3708 1570 3777 Alb.
1594 3732 1730 3800 quoque
1750 3733 1806 3779 eos

473 3822 607 3883 accusat
623 3816 777 3883 elationis
795 3821 829 3883 et
851 3815 1028 3897 stultitiae,
1057 3816 1143 3904 Lep.
1162 3814 1306 3885 scribit:
1331 3841 1347 3876 r<
1366 3814 1460 3882 disce
1479 3816 1537 3882 hic
1556 3837 1660 3906 quam
1675 3817 1803 3892 audax,

473 3944 573 3989 oaeea
587 3928 621 3990 et
634 3923 837 3990 insatiabilis
849 3924 892 3990 sit
904 3923 1046 3989 ambitio
1055 3927 1089 3989 et
1100 3922 1286 3989 ambitiosa
1294 3922 1427 4012 petitio,
1443 3921 1601 4012 adquam
1612 3923 1697 3991 duos
1708 3925 1806 3992 hosce

472 4028 641 4118 apostolos
662 4030 816 4096 incitavit
832 4028 924 4119 quod
948 4031 1012 4118 ipsi
1036 4050 1071 4096 se
1090 4029 1214 4095 ceteris
1238 4028 1401 4119 apostolis
1419 4052 1441 4096 a
1455 4031 1588 4098 Christo
1600 4032 1807 4121 antepositos

473 4135 635 4202 vidissent
647 4135 683 4202 in
701 4135 1001 4222 transfiguratione
1032 4157 1067 4219 »3
1091 4135 1280 4224 eodemque
1299 4135 1402 4204 modo
1429 4137 1478 4203 ait
1499 4137 1598 4205 Dion.
1622 4159 1679 4204 eos
1697 4137 1806 4206 videri

473 4243 606 4332 petiisse
624 4265 665 4309 ex
688 4241 835 4332 quadam
864 4242 1139 4332 praesumptione
1162 4247 1196 4309 et
1218 4242 1365 4310 elatione
1387 4249 1421 4311 et
1446 4242 1604 4311 similiter
1621 4244 1807 4334 loquuntur

475 4353 594 4439 Lumy,
623 4348 732 4418 Calm.
759 4349 907 4431 Reischl,
934 4349 1025 4440 Bisp.
1049 4348 1203 4430 Sebanz,
1230 4349 1296 4418 Fit.
1317 4354 1351 4416 et
1378 4352 1472 4418 Patr.
1494 4373 1633 4441 quoque
1653 4350 1734 4419 dicit
1750 4374 1807 4420 eos

475 4457 618 4524 honores
638 4456 888 4544 dignitatesque
914 4457 1118 4544 imaginatus
1140 4479 1212 4524 esse
1231 4463 1266 4523 et
1288 4457 1478 4546 expetiisse.
1503 4463 1543 4524 Et
1568 4464 1659 4526 certe
1675 4458 1805 4550 aliquid

474 4564 671 4630 ambitionis
684 4572 717 4630 et
731 4563 869 4630 allectus
888 4562 1074 4631 inordinati
1093 4564 1129 4630 in
1147 4587 1188 4632 ea
1201 4563 1365 4654 petitione
1383 4562 1534 4631 adfuisse
1548 4566 1629 4632 satis
1641 4558 1750 4657 liquet
1768 4588 1807 4634 ex

476 4670 709 4738 admonitione
720 4692 753 4738 v.
768 4676 810 4739 tt
825 4691 896 4759 seq.
913 4692 982 4760 qua
1001 4671 1152 4738 Christus
1169 4692 1306 4738 omnem
1325 4671 1467 4739 honoris
1481 4675 1712 4762 appetentiam
1728 4695 1807 4741 ron·

478 4777 626 4846 tentione
653 4778 853 4846 humilitatis
880 4777 1080 4846 vincendam
1101 4799 1173 4846 esse
1197 4777 1305 4847 docet.
1330 4777 1417 4856 Quid
1446 4779 1572 4846 mirum
1595 4781 1755 4871 apostolis
1772 4781 1808 4849 id
