3960 5654
816 475 819 482 .
862 499 871 510 ,
929 386 1019 495 Aac.
1043 433 1074 504 e,
1098 431 1203 493 sess.
1674 432 1733 495 sse

402 601 476 646 cum
491 585 530 645 iis
549 599 629 660 quae
643 600 673 644 v.
689 586 728 645 36
743 583 827 643 dicta
849 588 940 658 sunt;
963 587 1083 645 Marcus
1099 601 1174 644 vero
1194 600 1259 643 non
1279 586 1402 643 servato
1417 582 1528 645 ordine
1543 582 1732 646 narrationis

401 683 483 744 inter
503 683 580 741 baec
599 680 662 743 duo
685 698 768 759 quae
789 681 957 743 coniuncta
976 697 1045 742 esse
1068 680 1249 742 debuerunt
1269 680 1365 760 longo
1377 677 1558 759 hyperbato
1577 679 1733 760 hiatuque

401 778 575 843 sententiae
595 781 695 842 multa
717 780 901 841 interseruit
921 796 1002 858 quae
1022 779 1096 856 quia
1116 778 1186 840 ioco
1206 778 1310 856 posita
1329 795 1394 839 non
1419 783 1493 839 sunt
1512 777 1620 840 minus
1641 777 1733 841 iacile

401 877 620 954 intelliguntur
636 882 667 940 et
680 876 847 938 hominum
865 878 919 939 ubi
939 893 1002 938 non
1022 881 1071 937 est
1090 874 1326 937 cohaerentiam
1344 875 1572 953 quaerentium
1587 879 1734 938 exercent

400 975 526 1053 ingenia
547 999 574 1036 ».
592 976 712 1036 Pariter
727 974 838 1036 scribit
852 975 892 1036 ad
908 995 938 1035 v.
957 977 996 1035 se
1016 989 1024 1034 :
1044 997 1060 1029 «
1079 974 1250 1034 abhorrere
1266 972 1345 1034 haec
1362 973 1521 1034 sententia
1538 972 1733 1052 asuperiore

400 1071 578 1146 videtur...;
596 1073 674 1134 mibi
695 1071 834 1150 suspicio
851 1078 899 1133 est
915 1071 1076 1135 Christum
1097 1089 1162 1132 non
1183 1071 1245 1132 hoc
1265 1070 1321 1131 sed
1340 1070 1403 1131 alio
1423 1070 1494 1131 loco
1513 1069 1596 1132 hanc
1616 1070 1733 1131 dixisse

400 1170 600 1244 sententiam,
616 1187 688 1232 cum
702 1169 804 1232 multo
816 1175 889 1231 ante
902 1168 1065 1249 apostolos
1081 1168 1304 1230 exhortaretur
1316 1173 1352 1228 ut
1364 1168 1449 1229 bono
1465 1168 1613 1229 omnibus
1628 1172 1734 1230 essent

401 1269 547 1346 exemplo
559 1266 682 1348 (Matth.
702 1267 798 1348 5‚l3).
812 1267 875 1328 Sed
890 1267 1047 1327 nimirum
1060 1268 1200 1340 Marcus,
1218 1269 1252 1327 ut
1267 1265 1369 1327 multa
1383 1265 1455 1339 alia,
1470 1265 1574 1326 alieno
1590 1265 1660 1327 loco
1675 1282 1732 1346 po·

400 1366 479 1438 suit,
495 1384 559 1426 nou
578 1365 641 1426 alia
661 1365 827 1426 occasione
847 1382 943 1444 quam
964 1364 1052 1443 quod
1071 1364 1146 1425 salis
1166 1363 1366 1425 mentionem
1386 1363 1563 1436 intulisset,
1580 1362 1734 1441 quemad·

398 1464 528 1524 modum
549 1463 691 1523 solemus
715 1462 747 1522 in
770 1462 884 1524 subitis
906 1462 1076 1540 colloquiis
1097 1461 1195 1523 unius
1220 1461 1384 1522 occasione
1404 1461 1494 1522 verbi
1518 1461 1551 1521 in
1572 1460 1655 1521 alios*
1669 1459 1734 1522 labi

398 1577 607 1621 sermones».
631 1560 698 1621 Ηοο
721 1559 831 1638 utique
853 1577 973 1621 canone
995 1577 1053 1620 nos
1080 1574 1250 1639 possemus
1273 1559 1407 1620 liberare
1431 1559 1470 1620 ab
1495 1557 1734 1638 investigatione

398 1657 614 1718 cohaerentiae
629 1674 792 1735 nexusque
813 1657 1055 1719 sententiarum.
1072 1659 1220 1718 Attamen
1237 1673 1303 1717 non
1321 1657 1382 1717 erit
1401 1656 1579 1736 putendum
1593 1657 1734 1717 liarcum

397 1755 476 1814 adeo
493 1772 602 1832 parum
619 1755 792 1815 sollicitum
809 1754 920 1827 luisse,
937 1759 968 1815 et
983 1755 1171 1833 pracsertim
1189 1754 1233 1814 ibi
1248 1754 1301 1814 ubi
1318 1754 1472 1832 particula
1487 1753 1622 1831 quadam
1634 1769 1734 1813 nexus

397 1853 591 1931 designatur,
608 1855 653 1914 uti
674 1872 703 1912 v.
725 1872 756 1931 g.
778 1853 809 1912 in
823 1871 852 1912 v.
870 1855 924 1924 40,
949 1853 1114 1932 interpreti
1132 1870 1248 1913 munus
1266 1852 1427 1913 incumbit
1447 1869 1521 1912 eum
1540 1868 1659 1912 nexum
1678 1849 1734 1911 de·

398 1950 596 2012 monstrandi
611 1966 717 2028 neque
735 1950 813 2011 iicet
832 1950 1040 2030 evangelistae
1061 1955 1128 2010 tam
1148 1948 1313 2029 negligens
1334 1949 1495 2028 imputare
1510 1946 1668 2010 scribendi
1682 1964 1734 2028 ge-

398 2066 472 2121 nus,
488 2053 524 2109 ut
538 2049 771 2110 cohaerentiam
791 2047 940 2109 indicarit
955 2047 1007 2109 ubi
1029 2047 1119 2108 nulla
1140 2051 1199 2107 est.
1220 2049 1368 2109 Ceterum
1383 2045 1463 2108 iliud
1477 2048 1508 2105 ot
1520 2043 1592 2115 τάξει
1607 2062 1671 2107 uon
1686 2046 1735 2106 est

399 2147 537 2207 nimium
561 2145 797 2207 extendendum
826 2150 859 2206 et
881 2144 988 2206 statim
1013 2145 1219 2224 restringitur
1246 2146 1358 2206 vocula
1385 2143 1462 2225 ἱνιο;
1486 2145 1557 2206 vide
1582 2139 1731 2224 Cornely,

398 2244 516 2304 lntrod.
531 2245 573 2304 lll
588 2262 619 2324 p.
635 2245 685 2305 86.
702 2246 809 2322 Neque
830 2243 923 2305 iaciie
942 2241 1153 2305 concederem
1172 2261 1203 2303 ν.
1219 2244 1257 2302 is
1273 2243 1444 2304 abhorrere
1460 2243 1499 2303 ab
1518 2239 1733 2303 antecedenti·

398 2343 468 2402 bus.
486 2342 564 2404 Cum
579 2342 664 2403 euim
678 2359 783 2403 sermo
799 2343 832 2402 in
848 2343 910 2402 line
925 2358 933 2401 :
947 2341 1062 2402 habete
1077 2357 1189 2420 pacem
1208 2340 1291 2401 inter
1307 2358 1379 2416 vos,
1396 2344 1504 2419 aperte
1520 2339 1631 2402 redeat
1645 2338 1685 2399 ad
1700 2337 1733 2399 id

398 2439 482 2500 unde
497 2457 627 2501 exorsus
648 2445 707 2513 est,
723 2457 817 2519 aegre
837 2439 918 2499 mihi
938 2438 1116 2518 persuadeo
1136 2436 1259 2499 nuliam
1279 2439 1431 2499 exsistere
1452 2436 1687 2499 cohaerentiam
1701 2439 1734 2496 et

399 2539 536 2598 Marcum
558 2538 730 2599 sententias
751 2537 879 2599 aliunde
899 2541 1041 2615 arreptas
1066 2536 1136 2596 sine
1157 2534 1269 2596 ordine
1293 2535 1377 2597 inter
1397 2553 1431 2596 se
1451 2535 1601 2597 iunxisse.
1623 2532 1733 2596 Potius

398 2634 539 2695 dicerem
554 2635 743 2714 interpretes
762 2653 826 2696 non
845 2636 922 2695 satis
941 2652 1010 2696 esse
1030 2638 1063 2695 et
1077 2633 1177 2695 iuisse
1192 2650 1323 2712 sagaces
1335 2633 1375 2694 ad
1390 2631 1536 2694 ordinem
1553 2647 1732 2712 nexumque

398 2731 712 2810 deprehendendum.

817 2964 971 3024 ALTERA
994 2962 1094 3024 PARS
1116 2963 1313 3035 los-isli.

442 3145 480 3207 ln
500 3141 565 3241 hac
588 3141 695 3208 altera
718 3145 816 3231 parte
835 3162 940 3230 quam
960 3138 1149 3206 secundum
1167 3137 1468 3206 adumbrationem
1494 3138 1582 3207 Petri
1602 3137 1638 3205 in
1656 3143 1728 3206 Act.

400 3254 498 3328 10,39
514 3248 693 3316 statuimus
709 3246 908 3314 recoluntur
919 3268 960 3314 ea
974 3268 1064 3337 quae
1080 3250 1172 3313 lesus
1184 3247 1220 3314 in
1232 3246 1375 3333 regione
1387 3244 1590 3313 ludaeorum
1600 3244 1728 3326 docuit,

397 3355 518 3441 gessit,
535 3376 654 3444 passus
668 3361 735 3436 est;
752 3354 796 3420 ci.
815 3352 951 3441 Proleg.
967 3376 1003 3443 p.
1023 3360 1076 3422 lt.

741 3552 770 3611 l.
787 3534 910 3630 'Aliquo
933 3547 1093 3610 doctrinae
1116 3548 1222 3631 capilo
1245 3550 1382 3620 iod-lb.

652 3711 677 3780 ο)
697 3712 949 3767 Matrimonium
968 3725 1044 3765 esse
1063 3711 1298 3765 indissolubile
1320 3711 1467 3772 iod-12.

436 3889 508 3951 ¹0,t.
523 3890 558 3941 Et
572 3891 636 3942 inde
650 3903 807 3955 exsurgens
825 3893 904 3942 venit
920 3893 949 3941 in
964 3889 1037 3942 sines
1131 3890 1201 3955 l0,l.
1224 3885 1273 3938 Kal
1291 3885 1386 3940 ἐκεῖθεν
1405 3883 1512 3947 ἀναστὰς
1531 3884 1631 3956 iggerat
1649 3883 1683 3947 εἰς
1699 3882 1731 3938 τὰ

398 3979 517 4031 Iudaeae
539 3980 610 4031 ultra
634 3981 798 4042 Iordanem;
816 3983 845 4030 et
866 3981 1039 4033 conveniunt
1090 3977 1146 4046 lipia
1165 3982 1208 4037 τῆς
1223 3973 1359 4040 Ἰουδαίας,
1379 3975 1422 4028 καὶ
1439 3975 1514 4047 πέραν
1533 3977 1577 4026 τοῦ
1595 3974 1729 4045 Ἰορδάνου·

398 4071 498 4120 iterum
510 4068 608 4119 turbae
622 4069 657 4119 sd
668 4082 747 4130 eum;
761 4073 790 4120 ct
801 4072 1038 4120 sicutconsucve·
1090 4064 1132 4117 καὶ
1151 4064 1350 4137 συμπορεύονται
1367 4064 1442 4118 πάλιν
1465 4061 1541 4134 ὄχλοι
1563 4061 1620 4135 πρὸς
1646 4063 1729 4116 αὐτόν·

400 4162 457 4218 rat,
474 4159 574 4208 iterum
588 4157 704 4208 docebat
716 4158 791 4209 illos.
805 4158 832 4209 2.
849 4156 885 4208 Et
902 4157 1039 4209 acceden-
1089 4154 1146 4220 καὶ,
1175 4153 1209 4216 ὡς
1240 4152 1338 4219 εἰώθει,
1368 4153 1443 4208 πάλιν
1476 4152 1602 4207 ἐδίδασκεν
1632 4151 1729 4216 abacis

399 4251 440 4297 tes
454 4246 594 4311 pharlseei
606 4247 818 4310 interrogabant
830 4260 895 4298 eum
911 4260 918 4297 ε
933 4247 963 4298 Si
975 4247 1040 4297 lloet
1089 4247 1115 4298 2.
1145 4242 1194 4295 llal
1221 4243 1399 4313 προσελθόντες
1429 4241 1568 4313 Φαρισαῖοι
1598 4241 1731 4312 ἐπηρώτων

398 4338 457 4386 viro
472 4348 589 4386 uxorem
602 4333 753 4397 dimittere;
766 4338 907 4387 tentames
921 4349 996 4387 eum,
1089 4331 1180 4399 see,
1206 4331 1228 4385 εἰ
1252 4332 1343 4394 ἔξεστιν
1368 4331 1439 4402 ἀνδρὶ
1462 4336 1571 4402 γυναῖκα
1593 4329 1729 4397 ἀπολῦσαι,

434 4425 460 4476 3.
478 4427 514 4475 At
526 4424 771 4489 illersspondens,
788 4424 859 4476 dixit
876 4427 941 4476 eis:
965 4424 1039 4485 Quid
1088 4423 1246 4492 πειράζοντες
1263 4420 1348 4474 αὐτόν.
1371 4425 1398 4476 3.
1421 4419 1436 4474 ὁ
1454 4419 1481 4474 sl
1498 4418 1636 4491 inrepitete
1661 4417 1730 4475 sices

398 4514 477 4564 vobis
490 4516 631 4579 praecepit
642 4513 807 4578 Moysesit.
824 4514 879 4574 Qui
889 4514 1036 4566 dixerunt:
1090 4510 1189 4575 αὐτοῖς,
1208 4510 1243 4566 Τι’
1260 4509 1321 4580 ‘epte
1348 4508 1490 4564 tessellato
1513 4509 1634 4576 Μωυσῆς
1661 4512 1686 4564 t.
1707 4508 1732 4561 oi

397 4602 508 4666 Moyses
518 4603 776 4669 permisitllbeilum
784 4603 894 4668 repudii
904 4604 1037 4663 scribere,
1088 4600 1114 4652 δὲ
1134 4596 1221 4664 εἶπεν,
1245 4597 1391 4672 Ἐπέτρεψεν
1416 4598 1523 4667 Μωυσῆς
1547 4598 1643 4670 psillos
1667 4596 1731 4652 dcc·

396 4695 425 4742 et
436 4693 585 4744 dimittere.
602 4694 627 4745 5.
645 4693 753 4753 Quibus
762 4692 938 4758 respondens
948 4692 1037 4754 iesus,
1089 4690 1191 4743 οιαοίοο
1204 4689 1312 4760 γράψει,
1328 4689 1370 4742 sal
1382 4688 1516 4744 ἀνεολΰοει.
1532 4693 1559 4744 5.
1569 4687 1584 4742 d
1594 4688 1621 4742 al
1637 4685 1735 4755 Ἰησοῦς

398 4777 466 4832 alt:
484 4782 525 4833 Ad
547 4781 678 4833 duritiam
701 4781 793 4834 cordis
818 4783 905 4832 vestri
929 4783 1039 4847 scripsit
1090 4775 1160 4832 εἶπεν
1180 4777 1278 4849 αὐτοῖς,
1299 4778 1364 4849 Πρὸς
1381 4776 1427 4845 τὴν
1447 4777 1644 4850 σκληροκαρδίαν
1662 4777 1734 4849 ὑμῶν

399 4871 477 4922 vobis
496 4875 673 4938 praeceptum
684 4871 768 4924 istud.
1090 4866 1197 4940 ἔγραψεν
1219 4867 1280 4940 lepis
1304 4867 1350 4934 τὴν
1374 4866 1479 4935 ἐντολὴν
1505 4868 1608 4938 ταύτην·
1629 4871 1654 4925 6.
1683 4864 1743 4933 &ab
