3960 5654
358 650 561 741 reliquerint
576 644 686 737 (sylv.
700 651 800 742 disp.
819 651 962 733 θοὶοοάί,
978 647 1043 719 xil.
1061 647 1155 734 Keil,
1180 649 1310 738 Weiss).
1332 654 1369 715 Et
1384 648 1465 715 inde
1479 668 1613 737 quoque
1632 652 1685 717 in-

356 757 472 825 ierunt
492 754 704 823 zebedaeum
726 781 798 825 rem
817 758 1022 826 familiarem
1042 754 1200 825 habuisse
1224 755 1304 823 satis
1322 756 1465 836 bonam,
1487 753 1522 820 id
1540 757 1633 842 quod
1648 779 1687 822 ex

350 861 572 932 mercenariis
594 861 711 950 colligi
732 886 828 954 posse
851 864 1001 954 Sclueqq,
1025 861 1159 929 Sciam
1185 866 1329 950 negant,
1355 862 1415 928 sed
1437 883 1515 929 cum
1535 860 1685 941 Salome,

358 978 466 1037 mater
484 967 631 1034 filiorum
651 970 814 1037 Zebedaei
834 970 924 1037 inter
941 993 998 1038 eas
1020 968 1179 1037 mulieres
1199 972 1416 1036 recenseatur
1435 991 1524 1058 quae
1547 968 1687 1034 Domino

356 1075 624 1142 ministraverint
638 1077 764 1165 (llatth.
781 1076 911 1162 2756),
928 1083 1016 1144 certe
1031 1075 1117 1141 haec
1130 1076 1262 1143 familia
1276 1095 1344 1139 non
1356 1076 1566 1164 pauperibus
1580 1073 1688 1141 adnu-

250 1204 256 1215 ’
357 1180 482 1247 merari
505 1183 641 1269 poterit.
664 1188 734 1268 Ego
758 1181 898 1270 quidem
917 1206 985 1250 non
1004 1185 1087 1272 puto
1107 1185 1253 1250 llarcum
1274 1179 1340 1246 hoc
1363 1178 1553 1264 addidisse,
1577 1189 1614 1249 ut
1632 1202 1689 1248 eos

356 1289 453 1376 quasi
465 1296 638 1356 excusaret
649 1310 711 1354 cur
725 1287 842 1354 relicto
852 1297 949 1379 patre
958 1288 1064 1356 secuti
1074 1295 1184 1355 essent
1193 1294 1315 1356 lesum.
1335 1290 1419 1353 Nam
1432 1287 1461 1352 si
1472 1291 1560 1354 lesus
1574 1299 1686 1367 vocat,

356 1393 427 1460 sine
447 1395 519 1461 ulla
539 1395 687 1462 laesione
707 1395 842 1482 pietatis
859 1381 957 1485 sequi
974 1416 1072 1484 posse
1091 1400 1124 1462 et
1147 1395 1273 1462 debere
1292 1398 1466 1474 vocatum,
1487 1399 1617 1462 certum
1640 1400 1689 1461 est

358 1522 469 1591 neque
482 1502 518 1567 id
535 1500 695 1567 ulteriore
713 1502 950 1590 explanatione
970 1500 1162 1588 indigebat.
1183 1498 1286 1568 Addit
1302 1500 1437 1590 itaque,
1457 1498 1539 1589 quia
1553 1502 1686 1569 iterem

358 1613 475 1674 Petrus
489 1608 548 1696 qui
565 1607 596 1674 ei
610 1611 747 1674 eventui
765 1608 931 1676 intererat
945 1608 1073 1675 retulit.
1090 1613 1175 1676 llum
1190 1628 1271 1675 vero
1290 1608 1351 1696 qui
1368 1608 1438 1673 suis
1457 1607 1563 1674 oculis
1582 1606 1687 1674 Zebe-

359 1714 485 1782 daeum
499 1736 579 1781 cum
593 1715 813 1782 mercenariis
828 1715 912 1781 vidit
927 1715 962 1781 in
977 1715 1076 1800 navi,
1092 1717 1142 1782 ita
1158 1736 1295 1804 quoque
1308 1719 1346 1780 ut
1360 1712 1445 1780 vidit
1459 1735 1532 1780 rem
1547 1735 1688 1781 narrare

359 1821 434 1910 quis
449 1821 524 1887 iure
538 1820 724 1888 mirabitur
735 1822 789 1888 vel
802 1826 944 1911 quaeret
958 1822 1143 1905 rationem,
1160 1843 1222 1888 eur
1235 1842 1275 1888 eo
1297 1819 1398 1886 modo
1412 1821 1551 1886 narret?
1571 1825 1689 1910 ltaque

359 1926 451 2017 quod
470 1927 551 1994 olim
570 1950 590 1994 a
607 1931 674 1995 Deo
689 1927 817 1994 dictum
840 1935 889 1995 est
902 1927 1076 1995 Abraham
1095 1949 1103 1997 :
1123 1925 1289 2014 egredere
1305 1927 1346 1993 de
1361 1925 1566 2013 cognatione
1585 1932 1644 1994 tua
1655 1931 1689 1993 et

356 2032 399 2100 de
414 2033 517 2101 domo
529 2036 636 2125 patris
650 2035 700 2102 tui
713 2035 806 2124 (Gen.
823 2034 927 2125 121),
941 2033 1035 2102 idem
1049 2039 1139 2102 lesus
1149 2034 1190 2102 iis
1204 2033 1372 2124 praecipit
1385 2055 1470 2122 quos
1485 2055 1624 2100 suorum
1640 2033 1690 2100 la·

357 2140 479 2207 borum
498 2142 605 2209 socios
623 2147 657 2209 et
676 2142 756 2208 novi
774 2142 895 2232 populi
914 2142 1200 2233 Deixpatriarchas
1215 2140 1325 2227 eligit.

662 2359 685 2426 θ)
706 2359 852 2411 Είίσίίαι·
870 2358 1012 2424 spiritus
1030 2358 1217 2412 immundus
1239 2357 1385 2422 1,21-2e.

397 2529 468 2589 mi.
482 2530 516 2579 Et
531 2530 729 2593 ingrediuntur
744 2528 956 2594 capharnaum
974 2531 1002 2580 et
1084 2529 1158 2590 ¹22¹·
1178 2523 1226 2576 ilai
1249 2522 1433 2594 εἰσπορεύονται
1456 2521 1488 2585 είς
1512 2522 1687 2594 Καφαρναούμ·

360 2620 454 2669 stetim
468 2619 593 2669 sabbatis
612 2620 756 2683 ingressus
781 2621 810 2669 ln
828 2630 1002 2686 synagogam
1047 2613 1089 2666 καλ
1111 2612 1199 2676 abdiu<
1221 2615 1274 2675 τοῖς
1299 2613 1419 2666 σ666ασιν
1450 2610 1569 2665 εἰσελθὼν
1593 2609 1626 2673 είς
1646 2609 1691 2676 τὴν

361 2706 478 2758 docebat
492 2721 552 2758 coe.
567 2707 611 2759 22.
627 2706 662 2757 Et
678 2708 828 2771 stupebant
841 2719 925 2770 super
939 2705 1002 2758 doe
1047 2702 1212 2774 συναγωγὴν,
1231 2702 1369 2766 ὲθΐδασκεν,
1386 2705 1433 2757 22.
1452 2700 1495 2753 καί
1509 2699 1690 2766 ἐξεπλήσσοντο

361 2798 433 2847 trina
448 2798 509 2847 elus
525 2809 532 2846 :
548 2802 610 2847 erat
630 2798 705 2847 enirn
722 2795 827 2847 docens
839 2809 902 2858 eos,
923 2798 1003 2860 quasi
1047 2790 1088 2846 ea
1101 2795 1132 2864 τῇ
1144 2792 1236 2864 διδαχῇ
1251 2791 1336 2845 ettot-
1352 2787 1383 2857 ἦν
1402 2790 1452 2862 γάρ
1465 2792 1589 2844 διδάσκων
1604 2789 1691 2852 ritate

364 2888 531 2950 potestatem
545 2886 669 2945 habens,
684 2889 712 2935 et
726 2899 783 2936 non
798 2887 870 2936 sicut
884 2886 1001 2937 scribae.
1047 2880 1080 2944 ὣς
1099 2880 1211 2944 ἐξουσίαν
1235 2879 1319 2952 ἔχων,
1344 2880 1386 2932 καὶ
1405 2880 1451 2950 οὐχ
1469 2879 1503 2942 ὡς
1526 2879 1548 2932 σί
1571 2899 1689 2950 γραμμα·

396 2974 439 3024 2³.
455 2974 489 3024 Et
500 2979 561 3025 erat
573 2976 602 3024 ln
612 2987 758 3038 synagoga
768 2987 865 3026 eorum
875 2974 959 3025 homo
973 2976 1003 3025 in
1048 2973 1108 3033 τείς·
1123 2974 1167 3025 23.
1184 2970 1232 3022 ilai
1244 2969 1313 3032 εὗθθς
1326 2964 1356 3036 ἦν
1371 2968 1394 3023 ἐν
1413 2978 1443 3041 τῇ
1458 2978 1593 3041 συναγωγῇ
1610 2968 1691 3023 σθτῶν

359 3064 457 3126 spiritu
468 3063 611 3113 immundo
619 3076 626 3122 ;
635 3067 663 3113 et
673 3063 889 3114 exclamavltil.
897 3064 1001 3114 dicens:
1047 3058 1205 3131 άνθρωποςθν
1214 3058 1335 3131 πνεθρατι
1347 3057 1494 3130 ἀκαθάρτῳ,
1504 3058 1547 3111 καὶ
1559 3057 1690 3127 ἀνέκραξεν

359 3150 432 3210 Quid
445 3151 646 3211 nohie‚ettibl,
659 3151 722 3202 lesu
730 3146 1003 3202 Nezareneiveniati
1048 3152 1094 3205 il.
1113 3147 1212 3221 λίγων,
1232 3148 1258 3202 τί
1273 3147 1337 3219 ἡμῖν
1356 3148 1398 3200 καὶ
1416 3147 1472 3213 σολ,
1501 3145 1586 3215 Ἰησοῦ
1604 3146 1690 3209 Ναζα-

359 3239 476 3303 perdere
497 3239 565 3290 noel
587 3241 647 3290 scio
669 3242 716 3304 qui
737 3241 776 3290 sis
800 3240 921 3291 Sanctus
939 3241 1001 3292 Dei.
1049 3238 1118 3308 ρηνί;
1139 3233 1214 3304 ἦλθες
1227 3236 1347 3291 άπολίσαι
1361 3236 1440 3308 ἡμᾶς
1457 3234 1517 3289 οίθά
1531 3255 1558 3290 σε
1572 3237 1607 3298 τίς
1625 3234 1692 3300 εί,θ

282 3332 287 3341 ·
397 3311 1000 3390 25.Etcomminatusesteilesue,dicens:
1049 3327 1119 3397 άγιος
1131 3329 1175 3379 τοῦ
1193 3326 1268 3382 θεοῦ.
1292 3330 1337 3380 25.
1361 3326 1403 3378 καὶ
1423 3324 1569 3396 ἐπετίμησεν
1589 3325 1692 3396 αὺτῷὸ

363 3417 587 3479 Obmutesoe,et
596 3419 642 3468 exi
657 3418 692 3468 de
701 3419 823 3469 homine.
1048 3414 1157 3482 Ἰησοῦς,
1179 3414 1278 3486 λίγων,
1312 3415 1461 3487 Φιμώθητι,
1490 3415 1532 3467 καίΙ
1557 3414 1639 3476 ἔξελθε
1667 3411 1692 3476 ἒξ

395 3505 440 3556 26.
455 3505 491 3557 iit
503 3507 666 3570 discerpens
676 3519 740 3557 eum
754 3508 871 3570 spiritus
881 3508 1001 3558 immun·
1048 3503 1134 3559 αὺτοῦ.
1151 3507 1196 3559 ie.
1216 3504 1259 3556 καὶ
1271 3503 1394 3575 σπαράξαν
1412 3502 1486 3557 αὐτὸν
1500 3505 1527 3557 τ“ο
1539 3502 1689 3574 ἀκάθαρτον,

361 3595 704 3654 dus,etexclamansvoee
713 3596 1000 3659 magna,exittabeo.
1048 3592 1090 3645 καί
1121 3596 1240 3664 φωνῆσαν
1279 3596 1350 3665 φωνῇ
1382 3591 1494 3666 μεγάλῃ,
1530 3591 1629 3658 ίξῆλθεν
1668 3592 1692 3654 ἐξ

349 3678 352 3682 ’
396 3684 440 3735 ii.
456 3684 491 3734 Et
506 3685 598 3735 mirati
613 3685 679 3734 sunt
693 3696 808 3743 omnes,
832 3686 872 3735 lta
890 3687 920 3735 ut
933 3697 1002 3735 con·
1048 3680 1134 3736 αὺτοῦ.
1154 3686 1200 3737 ii.
1220 3681 1262 3734 καί
1285 3681 1463 3753 ἔθαρδήθησαν
1487 3683 1603 3746 ἅπαντες,
1627 3685 1692 3736 ὥστε

360 3775 504 3836 quirerent
518 3774 632 3824 interae
645 3773 789 3823 dicentes:
807 3773 947 3832 Quidnam
960 3776 1004 3824 est
1048 3773 1181 3838 συνζητεῖν
1202 3769 1307 3839 abacta,
1322 3771 1454 3840 λίγοντας,
1469 3772 1504 3828 Τί
1521 3771 1584 3826 ἔστιν
1602 3776 1689 3836 τοῦτσ;

361 3861 432 3912 hoo?
446 3874 585 3925 quaenam
599 3862 727 3912 doctrina
741 3862 811 3912 liaeo
829 3861 919 3913 noval
937 3863 1004 3927 quia
1048 3857 1139 3931 διδαχὴ
1165 3859 1239 3928 καινὴ
1263 3861 1317 3914 κατ’
1342 3861 1451 3923 ἐξουσίαν
1475 3861 1518 3914 καί
1542 3865 1595 3924 τοῖς
1617 3862 1690 3914 πνεύ-

360 3953 388 4001 in
407 3954 546 4014 potestate
571 3952 657 4022 etlam
686 3951 830 4014 epirltibus
852 3950 1003 4002 immundis
1048 3967 1109 4020 ρασε
1126 3952 1177 4012 τοῖς
1195 3948 1341 4020 άκαθάρτοις
1358 3949 1497 4018 ίπιτάσσει,
1518 3951 1559 4003 καὶ
1572 3950 1692 4004 ὑπακούο-

364 4041 483 4103 imperat
497 4038 671 4090 etobediunt
685 4041 721 4090 ei.
1048 4057 1101 4091 νσεν
1126 4038 1206 4110 αθπῷ;
1233 4043 1277 4094 ie.
1303 4039 1344 4092 καλ
1366 4038 1468 4106 ἐξῆλθεν
1491 4038 1506 4106 ἢ
1532 4038 1593 4104 izai
1618 4039 1693 4092 αὑτοῦ

397 4128 441 4178 28.
465 4128 499 4179 iit
514 4130 650 4192 processit
670 4141 767 4178 rumor
785 4130 847 4180 elus
861 4130 955 4179 statim
973 4129 1002 4179 ln
1048 4126 1117 4190 εὐθὺς
1135 4131 1267 4199 πανταχοῦ
1285 4127 1319 4190 εἶς
1337 4128 1400 4196 ὅλην
1420 4125 1465 4194 τήν
1484 4129 1623 4200 περίχωρον
1647 4133 1692 4195 τῆς

365 4229 477 4267 omnem
488 4219 634 4281 regionem
649 4217 803 4268 Galilaeae.
1049 4215 1192 4279 Γαλιλαίας.

394 4421 426 4471 ln
440 4435 468 4472 ν.
485 4422 514 4472 il
533 4424 590 4487 aliq
609 4425 718 4474 minusc
733 4438 908 4490 ειςκσρευετσις
928 4425 996 4475 rusb
1019 4425 1201 4488 ingredietur,
1223 4428 1286 4476 sim.
1309 4439 1324 4476 e
1346 4429 1377 4476 et
1394 4427 1556 4490 ingrediens
1570 4439 1632 4477 cum
1652 4431 1693 4479 eis

358 4511 436 4561 sabb.
453 4512 481 4560 in
502 4524 601 4575 syneg.
621 4512 834 4576 capharnaum
858 4513 994 4564 omittitur
1016 4509 1134 4562 icositano
1150 4517 1179 4566 in
1193 4526 1214 4570 τε
1226 4515 1278 4567 GL
1289 4511 1309 4562 Δ
1332 4516 1389 4580 aliq
1402 4518 1525 4576 minusc,
1548 4517 1591 4568 Ti.
1619 4517 1651 4566 ln
1665 4531 1692 4567 ν.

358 4600 392 4649 ‘ie
405 4601 541 4650 omittitur
555 4598 623 4659 ευθυς
637 4604 665 4651 in
679 4603 703 4652 A
713 4602 766 4653 Ci)
779 4598 858 4650 leil
872 4615 927 4652 unc
939 4602 954 4653 9
969 4603 995 4653 al
1007 4603 1097 4666 pierii
1108 4604 1174 4667 vulg
1184 4617 1231 4667 syr
1242 4617 1302 4654 arm
1312 4606 1378 4655 actii
1393 4618 1440 4669 go.
1458 4606 1489 4655 ln
1504 4620 1531 4655 ν.
1552 4605 1584 4654 ii
1596 4601 1691 4672 λεγων·

359 4704 387 4738 εα
403 4685 452 4752 luti
474 4688 542 4739 Luc.
560 4689 631 4758 ml)
656 4700 688 4746 ut
705 4693 729 4741 Α
741 4691 763 4742 C
773 4691 795 4742 L
806 4687 881 4740 rau
896 4705 950 4742 unc
964 4692 980 4741 θ
993 4691 1020 4742 al
1034 4693 1096 4757 pler
1109 4706 1156 4762 εγν
1171 4689 1206 4759 (p)
1219 4706 1278 4743 arm
1294 4707 1330 4758 go
1345 4698 1381 4745 or
1395 4694 1464 4758 Cyr;
1479 4695 1559 4758 steph
1574 4697 1629 4745 sixt
1644 4708 1692 4745 ve·

359 4779 424 4829 nisti
440 4785 502 4827 onte
518 4785 635 4844 tempor:
649 4778 751 4847 σιθσρεν
764 4783 793 4830 in
808 4780 891 4836 nea
905 4794 956 4845 cop
971 4794 1031 4831 arm
1046 4782 1111 4832 aeth
1135 4782 1174 4833 Or
1188 4781 1245 4832 Eos
1260 4783 1314 4833 Bas
1329 4782 1384 4847 Cyr
1400 4785 1433 4833 iu
1449 4783 1506 4834 Cirr
1522 4782 1576 4847 cyr
1586 4784 1613 4834 lr
1627 4785 1692 4835 Tert

360 4867 407 4918 llll
422 4868 486 4931 Aug
499 4867 532 4917 Ti
544 4868 584 4918 W
597 4867 621 4917 ll
633 4867 671 4934 (in
685 4870 832 4936 margine).
850 4871 882 4920 ln
896 4884 923 4920 ν.
940 4869 973 4921 ie
989 4871 1011 4920 Β
1030 4870 1089 4922 im.
1107 4884 1153 4922 om
1167 4887 1196 4920 το
1214 4887 1327 4938 πνενμα,
1348 4886 1398 4937 pro
1412 4887 1528 4939 ρωνησκν
1545 4870 1574 4936 (κ
1585 4880 1602 4923 Β
1614 4874 1635 4924 L
1647 4874 1690 4924 ³3.

362 4957 401 5008 Or
415 4956 494 5025 iiam)
517 4957 622 5009 habent
644 4954 734 5026 κραξαν
750 4959 804 5011 ΑΟ
814 4955 862 5008 ΓΔ
874 4956 896 5009 ll
917 4973 973 5011 unc
993 4960 1009 5011 9
1031 4960 1058 5011 al
1082 4961 1152 5026 pier.
1168 4962 1201 5011 In
1215 4975 1243 5014 ν.
1262 4962 1296 5012 ii
1321 4975 1372 5026 pro
1387 4977 1474 5020 αντσνς
1490 4960 1519 5028 (τε
1534 4963 1554 5013 Β
1566 4963 1606 5013 be
1618 4964 1637 5012 ii
1643 4959 1653 4993 ¹
1665 4968 1692 5034 (ιγ
