3960 5654
162 515 220 585 wli
712 530 802 595 uae.
825 514 855 582 8,
877 512 944 570 3-7.

162 669 209 736 tio
224 667 365 735 additur
382 662 450 729 alia
468 661 514 728 ad
530 671 744 751 praesentem
759 664 808 732 rei
826 660 1061 731 difficultatem
1080 662 1351 732 describendam.
1374 662 1488 729 llerito

157 776 199 842 iis
213 777 248 842 in
263 770 376 838 verbis
390 768 609 837 admirationi
624 773 770 841 babetur
781 768 904 837 Christi
917 770 1086 838 miseratio
1098 776 1132 836 et
1143 768 1349 857 benignitas.
1365 770 1487 833 Notata

157 900 295 973 quoque
310 875 457 962 dignum
474 877 630 966 estquod
645 881 680 946 in
694 878 833 965 regione
847 874 907 942 illa
922 874 1094 961 orientali,
1111 896 1198 968 quae
1213 877 1394 944 maximam
1410 895 1488 963 par-

159 992 227 1054 tem
245 983 384 1071 gentilis
403 988 473 1064 est,
490 984 611 1053 turbae
627 985 712 1054 adeo
726 986 921 1052 constanter
938 985 1041 1051 etiam
1056 983 1141 1051 cibis
1155 983 1222 1049 iam
1238 983 1384 1051 multum
1402 981 1488 1048 defi-

157 1089 325 1161 cientibus
339 1089 434 1181 apud
445 1094 555 1157 lesum
569 1098 748 1161 versantur
759 1111 870 1180 neque
880 1089 923 1156 ab
937 1112 976 1157 ec
988 1089 1091 1158 avelli
1103 1111 1198 1182 posse
1209 1088 1380 1157 videntur.
1397 1086 1490 1156 Nibil

157 1199 224 1266 tale
249 1197 293 1265 de
315 1197 442 1288 populo
464 1197 500 1264 in
526 1199 651 1268 ludaea
674 1200 728 1266 vel
750 1195 901 1265 Galilaea
921 1198 1060 1286 legitur.
1084 1201 1151 1264 lam
1168 1195 1320 1264 cernitur
1336 1194 1488 1287 prolusio

69 1330 72 1335 ·
156 1304 327 1396 quaedam
353 1326 423 1396 quc
446 1305 575 1391 gaudio
601 1313 635 1375 et
664 1328 733 1397 qua
755 1304 1029 1395 promptitudine
1051 1308 1168 1392 gentes
1192 1301 1296 1370 iidem
1324 1303 1393 1370 sint
1414 1325 1488 1370 am·
1578 1335 1580 1338 ·

157 1413 318 1503 plexurae
334 1411 392 1504 (ci.
409 1417 481 1479 Act.
502 1413 629 1503 ¹3,t8).

201 1525 365 1589 Sermone
377 1518 511 1587 Domini
519 1521 621 1588 simul
630 1520 715 1587 fides
724 1519 952 1610 apostolorum
962 1517 1157 1611 exploratur
1166 1518 1286 1586 etsatis
1297 1516 1489 1608 depreben-

157 1627 250 1697 ditur
263 1626 477 1719 imperfecta.
495 1630 611 1718 Neque
623 1628 715 1695 enim
729 1627 770 1693 iis
782 1627 817 1694 in
830 1632 979 1695 mentem
990 1625 1119 1694 venisse
1133 1624 1268 1693 videtur
1282 1647 1362 1693 eum
1376 1625 1489 1716 ipsum

156 1735 215 1826 qui
228 1735 277 1803 ita
288 1736 451 1825 loquatur
463 1733 566 1801 etiam
581 1735 711 1826 pollere
720 1739 883 1824 potestate
894 1732 1106 1825 amplissima
1120 1732 1311 1801 remedium
1322 1733 1488 1823 penuriae

157 1841 335 1911 afferendi.
352 1841 448 1921 Quod
464 1846 580 1908 tamen
596 1864 638 1909 ne
658 1841 799 1909 nimium
814 1840 968 1924 mireris,
986 1841 1137 1928 recogita
1150 1839 1235 1931 quid
1248 1839 1373 1908 dixerit
1385 1862 1488 1908 evan-

156 1950 278 2038 gelista
292 1970 395 2040 supra
418 1954 498 2028 6,52
519 1971 527 2018 :
546 1949 719 2016 nonenim
736 1947 975 2016 intellexerunt
990 1947 1033 2015 de
1048 1948 1210 2039 panibus,
1227 1951 1301 2016 erat
1319 1946 1411 2015 enim
1430 1969 1489 2015 cor

155 2077 272 2124 eorum
282 2057 521 2136 obcaecatum
534 2079 566 2123 v.
581 2063 599 2124 t
614 2054 899 2146 etrespondcrccnt
910 2056 945 2122 ci
953 2053 1117 2146 discipuli
1125 2055 1182 2122 sui
1194 2077 1206 2122 .·
1217 2053 1309 2123 unde
1322 2053 1401 2122 illos
1410 2056 1488 2144 quis

154 2161 360 2254 poteritine
386 2176 541 2230 saturare
559 2161 712 2253 panibus
733 2162 771 2231 in
793 2161 998 2230 solitudine?
1018 2169 1099 2230 nota
1123 2168 1330 2253 quantopere
1355 2161 1491 2229 differat

157 2271 242 2339 haec
265 2270 440 2361 responsio
459 2270 504 2336 ab
523 2269 632 2338 altera
650 2276 748 2354 6,36;
774 2277 952 2338 versantur
969 2270 1084 2360 itaque
1103 2269 1139 2337 in
1154 2270 1331 2358 regionea
1349 2269 1436 2336 villis
1455 2275 1489 2336 et

156 2377 238 2445 vicis
257 2377 356 2446 valde
377 2382 521 2446 remota.
540 2378 628 2445 Satis
647 2377 732 2445 dure
749 2377 785 2445 in
804 2376 987 2468 discipulos
1006 2376 1112 2468 aliqui
1127 2377 1352 2452 invehuntur;
1375 2403 1392 2439 «
1411 2375 1489 2443 vide

156 2483 341 2576 discipulos
365 2506 474 2575 quam
497 2485 699 2575 insipienter
719 2479 888 2574 (ἀνοήτως)
908 2507 947 2552 se
966 2484 1116 2552 habeant
1138 2484 1291 2552 nondum
1313 2483 1490 2552 credentes

156 2593 275 2659 virtuti
290 2592 382 2660 illius
401 2615 441 2660 ex
460 2591 634 2684 prioribus
651 2593 760 2680 signis
778 2621 794 2654 n
813 2591 1011 2682 (Thespi.);
1030 2621 1047 2654 a
1063 2594 1098 2659 in
1112 2591 1289 2684 discipulis
1305 2592 1488 2660 observan-

155 2697 239 2767 dum
249 2706 380 2791 quanta
391 2699 506 2768 adhuc
517 2699 716 2791 stupiditate
726 2705 927 2768 tenerentur
939 2705 972 2768 et
981 2699 1189 2785 diffidentia,
1203 2701 1264 2791 qui
1275 2722 1354 2769 cum
1363 2699 1489 2791 prioris

156 2807 315 2874 miraculi
341 2808 485 2875 luissent
512 2813 717 2897 spectatores
745 2812 778 2875 et
797 2807 961 2889 ministri,
990 2808 1059 2875 iam
1079 2813 1194 2875 tamen
1213 2806 1335 2876 dicunt
1360 2828 1369 2876 :
1398 2806 1489 2874 unde

155 2913 311 2995 nobis...,
339 2914 394 2981 vel
414 2914 497 3004 quia
520 2914 620 2982 obliti
640 2920 740 2989 erant
754 2916 850 3008 prius
870 2914 1077 2982 miraculum
1104 2916 1158 2982 vel
1175 2915 1287 3006 potius
1305 2916 1388 3006 quia
1405 2936 1489 3005 prae

155 3020 264 3088 nimia
278 3020 439 3088 tarditate
454 3020 612 3089 nondum
625 3022 867 3110 intelligebant
883 3022 1063 3090 Dominum
1079 3022 1368 3113 quandocumque
1386 3021 1491 3090 vellet

155 3148 291 3219 semper
310 3150 408 3219 posse
427 3128 521 3218 quod
534 3129 640 3196 semel
655 3129 768 3219 potuit
784 3157 799 3190 a
815 3129 950 3220 (cam).
968 3133 1078 3220 Atque
1092 3127 1211 3197 saltem
1235 3128 1489 3197 assentiendum

155 3234 221 3302 erit
239 3235 282 3302 iis
303 3258 393 3326 quae
408 3235 513 3302 liuzi.
530 3235 632 3319 dicit,
655 3235 824 3326 apostolos
835 3259 905 3303 non
922 3235 1124 3308 intellexisse
1137 3259 1274 3306 causam
1294 3237 1489 3323 interroga-

156 3342 273 3425 tionis,
291 3364 370 3410 cum
386 3343 547 3410 nominas
562 3343 641 3410 ideo
656 3365 696 3410 ex
710 3344 752 3410 iis
765 3343 1001 3433 quaesivisset,
1015 3349 1055 3413 ut
1067 3344 1232 3412 recordati
1246 3345 1371 3435 prioris
1386 3343 1489 3410 mira·

155 3448 226 3515 culi
240 3449 404 3516 offerrent
418 3451 449 3517 ei
463 3472 570 3540 panes
585 3449 736 3518 diceutes
752 3473 760 3516 :
778 3451 972 3541 multiplica
986 3453 1090 3520 etiam
1110 3453 1182 3520 bos.

200 3556 351 3623 Christus
374 3563 489 3624 autem
515 3559 615 3648 ponit
642 3557 788 3625 eandem
814 3557 1047 3648 quaestionem
1077 3581 1183 3650 quam
1208 3560 1305 3651 prius
1327 3563 1490 3650 posuerat

158 3685 188 3731 v.
215 3670 235 3731 5
262 3675 294 3731 et
320 3664 542 3754 interroqavit
564 3687 620 3732 cos
640 3687 652 3732 .·
676 3677 759 3755 quot
771 3687 881 3756 pones
896 3664 1050 3734 habetes?
1072 3667 1115 3735 ci.
1137 3673 1239 3753 6,38;
1256 3671 1330 3735 tum
1351 3668 1489 3734 fortasse

156 3769 315 3862 discipuli
327 3771 396 3839 iam
407 3777 596 3862 coeperunt
607 3773 801 3859 intelligere
809 3772 893 3862 quid
905 3774 1056 3841 Christus
1066 3779 1151 3842 esset
1161 3775 1325 3843 lecturus„
1338 3773 1490 3842 Christus

159 3899 241 3946 vero
253 3878 462 3966 interrogat,
479 3884 518 3947 ut
530 3879 688 3947 miraculi
700 3879 868 3948 certitudo
881 3885 914 3947 et
928 3881 1130 3968 magnitudo
1140 3903 1180 3949 ex
1193 3882 1403 3951 mulessione
1419 3880 1488 3948 dis·

172 3986 366 4077 cipulorum
381 3986 495 4053 notior
516 3985 577 4054 fiat
593 3986 730 4076 (lans.);
752 3987 813 4076 qui
826 3986 988 4055 dicerunt
1002 4001 1153 4080 :septem
1158 4009 1174 4074 ‚·
1189 4012 1219 4055 v.
1238 3996 1258 4057 6
1277 3989 1491 4081 etpraeeepit

156 4091 274 4160 turbae
287 4091 498 4161 discumbere
510 4107 752 4185 superterram
766 4109 799 4162 et
810 4095 982 4185 accipiens
991 4109 1118 4187 septem
1130 4119 1236 4187 peaes
1246 4098 1375 4188 pretim
1387 4119 1491 4187 opens

153 4200 258 4291 saepit
275 4212 307 4267 ct
328 4200 433 4268 dabat
453 4200 631 4292 descipulis
650 4200 720 4268 suis
739 4215 777 4268 ut
795 4216 1028 4294 apponerent,
1049 4216 1082 4271 et
1098 4218 1332 4296 apposuerunt
1351 4204 1490 4287 turbcc;

156 4307 234 4393 vide
249 4314 347 4392 6,t1;
364 4308 526 4377 distincte
542 4331 678 4400 quoque
698 4311 826 4377 mentio
845 4310 889 4377 lit
901 4312 1064 4379 orationis
1078 4316 1112 4379 et
1126 4312 1373 4380 benedictionis
1388 4335 1490 4403 super

154 4414 334 4506 pisciculos
345 4417 471 4497 iactae;
484 4417 522 4484 in
535 4418 651 4508 priore
664 4438 732 4484 una
743 4417 897 4485 oratione
908 4423 943 4484 et
951 4440 1057 4507 panes
1067 4426 1100 4488 et
1109 4420 1216 4509 pisces
1229 4419 1487 4510 multiplicavit;

155 4544 187 4590 v.
210 4529 231 4588 '1
249 4534 283 4589 et
301 4522 471 4591 habebant
481 4524 669 4614 pisciculos
685 4546 816 4616 paucos
832 4537 864 4591 et
880 4524 970 4615 ipsos
992 4526 1180 4609 benedixit,
1199 4525 1383 4619 εὐλογήσας,
1401 4550 1489 4618 quae

157 4651 220 4696 vox
236 4649 299 4696 usu
312 4629 405 4720 apud
420 4654 533 4699 sacros
552 4638 707 4700 auctores
726 4631 780 4698 vix
799 4631 912 4699 differt
925 4633 971 4701 ab
986 4634 1204 4724 εὐχαριστήσας
1219 4635 1276 4724 (cl.
1301 4640 1391 4702 loan.
1410 4642 1486 4714 6,ss

156 4739 190 4803 et
207 4735 322 4803 llatth.
344 4744 464 4819 1t‚19;
486 4746 604 4824 15,36;
621 4745 720 4807 llarc.
739 4745 829 4819 ael.
848 4746 926 4809 Luc.
945 4748 1037 4824 9,16.
1058 4751 1074 4810 1
1092 4748 1166 4811 cnr.
1185 4749 1304 4825 11‚2e;
1325 4743 1441 4830 lala)
1459 4756 1490 4809 et

157 4842 253 4910 iussit
263 4845 413 4934 appom';
427 4848 573 4937 apostoli
589 4846 783 4915 administri
798 4852 876 4913 sunt
889 4846 1046 4917 beneficii
1064 4849 1166 4918 mcdo
1181 4850 1265 4917 adeo
1285 4850 1490 4918 miraculoso

157 4949 266 5018 turbis
282 4974 302 5019 a
318 4952 461 5020 Darnino
475 4957 627 5043 praestiti
642 4954 767 5022 etdum
780 4955 816 5021 in
828 4977 948 5022 eorum
960 4958 1118 5025 manibus
1127 4977 1237 5048 panes
1249 4965 1283 5026 et
1297 4959 1404 5049 pisces
1417 4958 1490 5049 ipsa

101 5174 155 5312 h
