3960 5654
181 617 329 680 mittendi
351 629 501 682 uxorem,
517 631 580 675 non
598 620 707 677 autem
727 614 818 678 uxori
838 613 1020 677 dimittendi
1040 615 1158 685 virum,
1177 617 1334 677 Christum
1356 631 1393 674 θα
1412 619 1506 677 verba

181 732 246 776 non
272 713 405 781 dixisse,
422 711 477 770 sed
499 714 637 775 Marcum
658 732 696 775 ea
713 712 893 776 adiunxisse
914 714 1037 775 ratione
1056 713 1160 773 habita
1180 715 1258 793 legis
1283 730 1507 790 romanaeque

182 809 309 874 mulieri
329 825 457 887 quoque
480 810 562 872 lacta
581 816 649 874 erat
667 814 808 891 potestas
829 809 935 869 vimm
954 809 1135 872 dimittendi
1154 809 1208 887 (cl.
1232 811 1336 886 Weiss,
1356 811 1507 887 idemque

181 911 314 969 innuere
340 906 487 970 videntur
512 907 600 991 Bisp.
626 905 770 985 Scitam).
791 909 909 967 Verum
931 915 981 970 est
1002 914 1071 969 tum
1094 909 1245 985 temporis
1269 908 1395 970 lieentia
1414 925 1509 986 supra

180 1003 315 1066 modum
330 1011 505 1083 grassante,
522 1011 558 1066 ut
583 1003 729 1066 Wetsteiu
749 1003 787 1064 ad
803 1004 834 1063 b.
856 1005 877 1066 l.
895 1007 1019 1080 scribit,
1036 1003 1190 1065 familiare
1211 1011 1278 1066 erat
1296 1006 1443 1068 Romanis
1460 1006 1508 1082 (ut

180 1101 229 1161 vir
249 1118 268 1161 a
288 1102 421 1165 muliere
440 1099 650 1179 desereretur)
669 1107 839 1180 postquam
860 1103 1039 1164 Messallina
1058 1102 1178 1163 Claudii
1194 1103 1392 1179 imperatoris
1417 1120 1506 1172 uxor,

181 1197 312 1260 Claudio
332 1201 474 1274 vivente,
491 1200 569 1260 Silio
583 1198 710 1278 publice
727 1205 878 1279 nupserat
894 1204 927 1262 et
943 1201 1010 1278 ipse
1026 1198 1173 1262 Claudius
1189 1200 1351 1261 Octaviam
1369 1201 1508 1262 Caesaris

180 1294 327 1358 iiliaml.
348 1298 453 1360 Silano
473 1315 492 1358 a
513 1300 601 1375 patre
620 1294 844 1376 desponsatam
868 1297 984 1357 Neroni
1006 1297 1209 1360 collocaverat
1226 1295 1374 1377 (Tacitus,
1395 1299 1505 1359 Annai.

181 1394 288 1468 tt,27;
310 1397 391 1468 123.
412 1394 461 1475 9);
482 1391 612 1468 Seneca,
636 1391 676 1454 de
697 1395 900 1466 panetarii
921 1394 1100 1473 :numquid
1120 1395 1184 1455 iam
1202 1395 1268 1455 ulla
1285 1396 1418 1472 repudio
1439 1413 1509 1457 eru·

180 1491 295 1567 nescit,
312 1497 484 1571 postquam
505 1489 643 1553 illustres
662 1493 818 1569 quaedam
837 1508 873 1551 ac
893 1491 1020 1554 nobiles
1037 1492 1171 1554 feminae
1185 1511 1248 1553 uon
1270 1493 1435 1553 consulum
1450 1512 1509 1553 nu-

181 1606 284 1664 mero,
301 1589 358 1650 sed
371 1590 575 1661 maritorum,
593 1606 694 1651 annos
712 1606 785 1650 suos
804 1593 994 1668 computant
1007 1595 1039 1651 et
1059 1595 1176 1652 exeunt
1190 1591 1384 1652 matrimonii
1399 1607 1506 1660 causa,

180 1689 308 1749 nubunt
326 1687 476 1766 repudii?
490 1686 613 1747 tamdiu
637 1687 720 1747 istuc
740 1687 923 1759 timebatur,
946 1687 1100 1765 quamdiu
1124 1704 1229 1749 rarum
1253 1693 1329 1748 erat.
1352 1687 1508 1747 quenalis

181 1785 221 1846 Vl
236 1787 295 1845 226
312 1801 320 1844 τ
338 1788 465 1845 ornatas
483 1783 593 1863 paullo
608 1789 680 1845 ante
700 1783 799 1856 lares,
816 1783 989 1861 pendentia
1003 1784 1120 1862 linquit
1135 1785 1209 1846 Vela
1226 1785 1341 1846 domus
1357 1792 1389 1846 et
1404 1786 1509 1847 adbuc

176 1881 299 1968 ,virides
314 1882 347 1941 in
358 1882 469 1943 limine
483 1898 606 1955 ramos3
621 1881 674 1943 Sic
689 1882 803 1943 crescit
816 1899 986 1955 numerus,
1003 1883 1050 1942 sic
1063 1883 1142 1943 liunt
1154 1887 1226 1944 octo
1240 1882 1346 1943 mariti
1361 1882 1509 1961 Quinque

180 1997 239 2059 per
255 1984 437 2040 autumnos.
453 1976 610 2039 Martialis
627 1980 666 2039 Vl
681 1982 697 2038 7
715 1996 721 2038 :
738 1983 794 2040 aut
808 1979 916 2039 miuus
930 1984 986 2040 aut
1003 1984 1087 2041 certe
1106 1997 1170 2040 non
1190 1981 1260 2059 pius
1280 1981 1441 2041 tricesima
1456 1981 1510 2041 lux

182 2084 240 2152 est,
259 2079 297 2137 Et
315 2077 408 2137 nubit
427 2076 553 2138 decimo
572 2077 635 2137 iam
650 2076 820 2137 Tbelesina
833 2077 902 2137 viro
922 2074 1111 2156 (Wetsteia).
1132 2077 1221 2139 Unde
1241 2083 1309 2138 crat
1328 2095 1385 2138 cur
1403 2096 1441 2139 ea
1460 2078 1510 2139 lex

181 2174 307 2236 Domini
321 2175 459 2253 graviter
472 2181 505 2236 et
518 2174 600 2236 clare
614 2175 763 2253 gentibus
776 2174 1041 2254 promulgaretur.

221 2274 339 2334 Verum
358 2271 432 2333 inde
451 2271 586 2334 minime
606 2272 754 2350 sequitur
772 2272 934 2333 Christum
953 2290 1018 2333 non
1037 2272 1132 2334 etiam
1151 2272 1232 2334 banc
1248 2280 1370 2352 partem
1385 2273 1424 2333 de
1440 2291 1511 2334 mu-

181 2371 259 2431 liere
275 2369 424 2431 distincte
439 2370 631 2432 enuntiasse.
648 2369 790 2432 Christus
807 2369 893 2430 enim
909 2370 1070 2448 apostolos
1085 2371 1210 2432 edocuit
1223 2389 1288 2431 non
1305 2371 1401 2431 modo
1416 2371 1455 2431 de
1471 2371 1510 2431 iis

182 2485 262 2547 quae
281 2468 368 2547 apud
380 2467 513 2529 ludaeos
535 2467 618 2529 scitu
638 2473 728 2529 erant
746 2468 940 2540 necessaria,
958 2468 1014 2529 sed
1031 2485 1103 2529 cum
1122 2486 1196 2529 suos
1215 2468 1387 2528 destinaret
1406 2470 1512 2529 omni-

182 2567 256 2639 bus,
279 2583 363 2644 quae
387 2565 538 2627 omnibus
556 2570 646 2627 eraut
668 2566 845 2628 necessaria
869 2570 901 2628 et
921 2566 1009 2627 utilia
1027 2565 1149 2627 tradere
1169 2584 1233 2627 non
1256 2566 1373 2627 omisit.
1401 2569 1509 2627 Nonne

182 2665 296 2726 eodem
311 2663 410 2724 modo
427 2663 534 2725 liatth.
556 2664 647 2734 tuit
665 2680 732 2741 seq.
749 2681 805 2725 eos
824 2663 952 2725 edocuit
965 2663 1006 2725 de
1025 2664 1065 2725 iis
1083 2680 1163 2741 quae
1179 2664 1262 2743 apud
1278 2669 1388 2742 gentes
1405 2669 1511 2724 essent

182 2762 339 2824 subituri?
365 2766 397 2823 et
424 2779 556 2840 regnum
577 2761 634 2822 Dei
662 2761 702 2822 ad
730 2765 841 2841 gentes
864 2779 934 2823 esse
960 2762 1166 2823 transiturum
1188 2761 1312 2839 quoties
1340 2761 1511 2823 indicavit?

180 2860 347 2921 Praeterea
361 2877 402 2920 ne
418 2859 504 2939 apud
524 2858 656 2921 ludaeos
671 2858 802 2937 quidem
818 2859 928 2921 deerat
941 2877 996 2921 cur
1010 2858 1096 2920 istud
1111 2861 1150 2921 de
1164 2860 1299 2920 muliere
1316 2866 1509 2921 moneretur.

183 2957 333 3018 Herodias
348 2974 387 3017 eo
401 2961 546 3034 tempore
560 2958 693 3018 recessit
706 2975 724 3018 a
738 2958 808 3019 viro
822 2975 898 3033 suo;
914 2957 1039 3019 Salome
1054 2974 1143 3018 soror
1161 2958 1295 3018 Herodis
1311 2958 1320 3016 l
1335 2964 1405 3018 orto
1421 2957 1511 3018 dissi-

183 3054 236 3115 dio
256 3054 340 3114 inter
358 3072 391 3114 se
412 3060 444 3114 et
462 3054 671 3117 Costobarum
689 3055 966 3116 virum'continuo
985 3055 1075 3115 misit
1098 3054 1240 3115 libellum
1266 3055 1305 3115 ad
1321 3055 1511 3116 solvendum

184 3152 425 3212 matrimonium
445 3151 620 3232 (Iosephus,
635 3152 742 3230 antiq.
763 3154 845 3223 1551.
862 3153 930 3229 10);
946 3168 1041 3231 porro
1060 3152 1156 3212 etiarn
1172 3153 1348 3213 secundum
1364 3154 1512 3214 rabbinos

183 3250 277 3310 variis
292 3249 325 3309 in
345 3249 583 3310 conditionibus
602 3249 720 3310 licebat
737 3248 866 3310 mulieri
886 3249 1062 3327 postulare,
1079 3255 1116 3309 ut
1133 3249 1180 3310 vir
1199 3250 1350 3310 scriberet
1365 3251 1511 3311 libellum

183 3347 307 3428 repudii
325 3346 378 3428 (ci.
401 3344 540 3428 Upotini,
564 3347 656 3408 Thes.
678 3349 715 3407 27
732 3364 764 3426 p.
786 3347 879 3421 1087;
899 3348 939 3409 30
953 3364 984 3426 p.
1002 3348 1051 3407 92.
1074 3346 1154 3424 ilii).
1175 3348 1277 3418 Quare
1298 3348 1356 3408 etsi
1375 3348 1414 3408 de
1435 3349 1511 3409 solis

182 3450 328 3524 ageretur
343 3444 485 3518 ludaeis,
502 3462 540 3505 θα
553 3445 690 3505 monitio
703 3461 766 3505 non
781 3450 849 3506 erat
864 3445 919 3506 abs
934 3462 980 3513 re.
998 3445 1081 3505 Nihil
1097 3445 1204 3522 itaque
1220 3445 1332 3505 suadet
1346 3462 1402 3506 cur
1416 3464 1510 3525 nege-

185 3548 236 3605 tur
249 3561 320 3604 eam
335 3560 354 3603 a
368 3542 491 3605 Christo
505 3559 574 3603 esse
590 3541 719 3604 dictam.
737 3543 869 3622 insuper
887 3560 960 3604 cum
981 3545 1104 3603 Marcus
1123 3543 1287 3621 scripserit
1301 3561 1382 3621 quae
1399 3545 1512 3604 Petrus

183 3640 395 3720 praedicavit,
415 3645 493 3718 puto
515 3639 668 3701 audacius
688 3657 756 3700 esse
774 3657 915 3701 asserere
935 3642 1064 3701 Petrum
1084 3641 1256 3701 sententias
1273 3659 1353 3718 quas
1372 3641 1512 3702 Christus

184 3755 249 3799 non
264 3737 460 3799 enuntiasset
474 3737 694 3817 promulgasse
709 3738 802 3815 quasi
818 3737 953 3799 totidem
970 3738 1075 3799 verbis
1089 3755 1108 3798 a
1122 3739 1255 3798 Domina
1271 3739 1458 3816 propositas.
1477 3743 1513 3800 Et

184 3832 215 3896 S.
230 3835 348 3897 Paulus
367 3834 499 3913 quidem
515 3839 658 3896 accurate
674 3834 839 3915 distinguit
856 3836 939 3896 inter
955 3852 1087 3912 eaquae
1107 3852 1143 3895 ex
1163 3836 1287 3895 Domini
1302 3837 1405 3896 verbis
1422 3855 1511 3914 prae-

185 3933 294 3995 scribit
309 3940 342 3994 ct
354 3950 390 3994 ea
405 3949 487 4010 quae
503 3932 570 4011 ipsc
584 3933 739 4011 praecipit
755 3931 783 4013 (l
801 3933 869 3994 Cor.
884 3935 964 4004 7,st
977 3934 1040 4013 25).
1052 3932 1151 4003 Ouare
1164 3951 1226 3993 non
1239 3933 1325 3993 idem
1341 3934 1512 3995 dicendum

186 4037 271 4092 esset
286 4031 326 4092 de
341 4031 414 4092 aliis
427 4031 600 4109 apostolis?

501 4254 526 4320 i)
548 4255 643 4308 lesus
661 4253 830 4308 benedicit
849 4255 1013 4318 parvulos
1035 4253 1201 4319 10,18·1a.

224 4444 313 4503 10,13.
337 4444 376 4493 Et·
393 4443 549 4494 ollarebttnt
569 4444 610 4493 iiii
638 4442 769 4506 parvulos
797 4444 827 4491 ut
916 4441 1004 4506 10,13.
1027 4439 1074 4490 itai
1096 4439 1241 4508 προσέφερον
1265 4438 1331 4509 αὑτῷ
1353 4440 1450 4504 παιδία,
1475 4442 1514 4492 ἵνα

187 4533 400 4595 tangeretillos.
417 4533 553 4596 Discipuli
568 4536 663 4581 autem
676 4532 827 4581 commina·
877 4525 957 4588 αὐτῶν
971 4528 1070 4598 diasat·
1091 4527 1115 4578 ai
1133 4527 1158 4579 δὲ
1178 4528 1285 4597 μαθηταὶ
1300 4527 1449 4598 ἐπετίμησαν
1469 4529 1514 4580 αὗ-

185 4621 287 4671 bantur
301 4620 493 4672 alterantibus.
517 4620 559 4670 lt.
580 4620 658 4679 Quos
679 4633 764 4684 quom
784 4621 827 4668 vi·
876 4618 937 4677 τοῖς.
967 4621 1009 4671 ll.
1039 4615 1098 4668 ἰδὼν
1126 4616 1151 4668 δὲ
1177 4615 1191 4668 i
1222 4615 1316 4683 ’laeam
1343 4616 1514 4687 ἠγανάκτησεν

186 4709 264 4760 deret
286 4710 365 4759 Iesus
389 4710 504 4773 indigne
524 4709 602 4768 tulit,
631 4710 660 4758 ct
680 4708 720 4758 att
738 4708 793 4758 illis
818 4722 824 4756 :
876 4703 918 4756 aral
942 4702 1012 4758 εἶπεν
1040 4703 1137 4773 αὐτοῖς,
1163 4705 1252 4776 Ἄφετε
1276 4706 1307 4758 τὰ
1330 4708 1415 4758 παιδία
1445 4707 1514 4778 ἔρχε-

188 4798 278 4850 Siulte
305 4799 438 4862 parvulos
464 4799 560 4848 venire
588 4796 623 4846 ad
652 4810 712 4857 me,
740 4801 768 4847 et
791 4810 826 4847 nc
876 4795 932 4846 σθαι
950 4794 1009 4865 πρὸς
1028 4794 1072 4865 pi,
1094 4793 1127 4865 μὴ
1152 4794 1259 4848 κωλύετε
1288 4796 1358 4848 αὐτά·
1389 4802 1438 4849 τῶν
1466 4797 1515 4868 γὰρ

187 4887 387 4951 prohibueritis
410 4899 459 4938 eos
479 4900 486 4936 :
508 4887 606 4938 talium
627 4889 703 4936 enim
719 4892 762 4937 est
781 4901 826 4938 rc·
876 4883 992 4937 τοιούτων
1019 4883 1084 4937 ἐστὶν
1110 4882 1125 4950 ἡ
1155 4884 1266 4953 βασιλεία
1294 4889 1336 4937 τοῦ
1364 4884 1438 4938 θεοῦ·
1471 4893 1513 4942 15.
