3960 5654
869 315 960 360 rinc.
986 298 1034 365 lt,
1059 296 1162 357 13-14.
1621 298 1681 358 315

391 442 606 528 Synedristac
625 441 756 529 pudore
774 447 889 513 suffusi
909 471 929 514 a
950 453 1022 513 lesu
1040 445 1222 527 recedunt;
1239 446 1359 512 timore
1378 447 1557 513 turbarum
1571 446 1681 535 impe-

346 544 836 633 diunturqnominusodiosuo
847 552 1067 638 indulgentes
1078 552 1243 618 manusin
1255 572 1333 617 eum
1345 551 1512 619 iniiciant.
1527 552 1593 619 Sed
1603 572 1681 619 cum

346 654 438 741 apud
450 674 506 719 eos
520 661 682 722 statutum
698 661 742 723 sit
753 665 789 722 ut
802 663 910 725 lesum
925 656 1120 748 perderent,
1139 659 1172 724 id
1185 679 1291 722 umrm
1305 662 1415 744 agunt
1425 664 1461 722 ut
1477 660 1615 726 modum
1631 660 1682 725 iu·

347 761 484 826 veniant
501 763 716 829 commodum
735 784 813 829 euni
830 762 1005 852 perdendi.
1024 769 1094 841 Qua
1113 765 1163 830 usi
1182 765 1248 829 sint
1265 764 1517 830 machinatione
1532 772 1564 830 et
1580 766 1682 831 valri-

346 867 390 931 tie
408 871 444 930 ut
459 886 535 929 eum
550 888 611 955 per
625 868 766 934 insidias
781 892 799 936 e
815 871 926 937 medio
941 869 1098 936 tollerent
1114 871 1178 936 hoc
1193 869 1383 935 illustratur
1398 878 1518 937 eventu
1536 892 1568 936 v.
1593 878 1631 937 13
1649 884 1683 938 et

345 973 484 1036 initiunt
497 971 545 1038 cd
555 997 633 1040 erem
648 975 814 1064 quosdam
830 1001 872 1043 ex
880 976 1075 1066 pharisaeis
1090 989 1124 1042 et
1138 976 1364 1057 Herodionis;
1379 998 1420 1041 ex
1437 977 1590 1044 oratione
1604 998 1681 1042 con-

344 1084 433 1144 texta
451 1083 574 1146 summi
595 1079 789 1148 sacerdotes
803 1090 837 1149 et
853 1083 984 1150 scribae
1003 1091 1036 1149 et
1050 1084 1199 1150 seniores
1215 1084 1356 1171 (1127),
1375 1082 1587 1169 synedristae
1602 1083 1681 1149 mit-

345 1190 435 1264 tunt;
457 1186 613 1254 similiter
633 1193 708 1254 Luc.
729 1196 843 1272 ausa
860 1196 901 1256 20
922 1191 1095 1279 principes
1112 1189 1327 1256 sacerdotum
1343 1197 1377 1256 et
1391 1189 1524 1256 scribae
1542 1191 1681 1255 mittunt

344 1290 575 1374 insidiatores3
589 1296 703 1361 llatth.
720 1302 820 1375 25‚15
836 1297 947 1364 solum
958 1297 1180 1363 nominantur
1191 1296 1364 1384 pharisaei
1377 1297 1400 1362 i.
1414 1318 1445 1362 e.
1456 1297 1479 1361 ii
1490 1296 1551 1384 qui
1563 1302 1679 1362 aucto-

344 1400 441 1465 ritate
461 1401 645 1489 praecipua
661 1403 785 1492 inipso
802 1403 962 1490 synedrio
976 1404 1150 1470 valebant.
1168 1408 1251 1470 Nam
1269 1402 1333 1468 etsi
1348 1403 1474 1469 summi
1488 1402 1680 1469 sacerdotes

344 1504 487 1595 ἆρχιερεῐς
503 1508 685 1574 maximam
696 1517 830 1598 partem
842 1515 970 1577 eranta
981 1508 1136 1598 partibus
1146 1508 1437 1589 sadducaeorum,
1452 1509 1584 1575 scribae
1594 1508 1680 1598 pba-

344 1616 459 1681 risaeis
468 1625 694 1682 accensentur
704 1624 808 1704 atque
817 1623 1029 1705 quantopere
1040 1617 1212 1706 pharisaei
1222 1637 1305 1704 prae
1319 1613 1522 1681 sadducaeis
1531 1615 1679 1682 auctori-

340 1727 408 1786 tate
425 1722 572 1810 praediti
593 1722 722 1788 fuerint
743 1723 842 1788 facile
859 1721 1036 1808 colligitur
1047 1745 1089 1789 ex
1104 1744 1143 1788 eo
1167 1721 1260 1811 quod
1281 1721 1442 1811 Iosephus
1462 1722 1579 1788 scribit
1602 1745 1610 1790 :
1634 1721 1678 1788 ab

342 1827 409 1892 illis
426 1827 650 1915 (sadducaeis)
668 1830 755 1895 nihil
771 1829 839 1895 lere
854 1830 987 1915 agitur;
1005 1851 1085 1895 nam
1102 1831 1130 1895 si
1146 1829 1287 1917 quando
1302 1829 1522 1914 magistratus
1536 1836 1676 1915 gerunt,

341 1934 437 1999 inviti
457 1941 490 2000 et
509 1935 705 2001 necessitate
725 1935 833 2001 coacti
862 1936 1123 2023 pharisaeorum
1143 1936 1299 2024 opinioni
1322 1935 1564 2012 assentiuntur,
1584 1935 1677 2023 quod

340 2061 396 2105 eos
412 2041 562 2130 alioquin
578 2064 645 2108 non
662 2042 765 2108 terret
779 2043 927 2130 populus
945 2043 1074 2132 (antiq.
1097 2048 1190 2116 18.t.
1216 2043 1267 2130 t);
1285 2042 1380 2130 quod
1399 2042 1526 2108 dicitur
1540 2042 1678 2107 mittunt

339 2146 502 2234 qrcosdom
519 2171 560 2214 ea
573 2148 764 2236 pharisaeis
777 2150 970 2215 accuratius
986 2149 1115 2236 legitur
1130 2150 1224 2239 apud
1240 2150 1356 2216 llatth.
1377 2171 1383 2216 :
1408 2147 1547 2215 mittunt
1561 2149 1676 2238 phari-

339 2254 407 2320 saei
430 2254 613 2344 discipulos
632 2277 710 2322 suos
729 2277 807 2320 curn
832 2256 1032 2322 Herodionis
1053 2256 1255 2345 (dequibus
1273 2256 1350 2322 vide
1368 2256 1412 2322 ad
1431 2256 1503 2342 3‚6)
1528 2277 1674 2343 quorum

341 2363 468 2448 pariter
487 2362 665 2441 intererat,
690 2369 725 2428 ut
747 2367 835 2429 lesus
853 2385 871 2429 e
892 2363 1004 2429 medio
1024 2362 1201 2429 tolleretur
1221 2371 1254 2428 et
1270 2363 1473 2451 quibuscum
1493 2363 1562 2428 iam
1578 2367 1675 2428 antea

340 2466 574 2535 deliberarunt
583 2468 877 2558 quomodotesum
890 2468 1085 2558 perderent.
1099 2472 1183 2535 Cum
1197 2469 1432 2557 quaestionem
1444 2475 1573 2559 ponant
1586 2490 1674 2557 quae

339 2575 384 2639 ad
404 2575 610 2663 reipublicae
621 2577 919 2664 rationesspectet,
933 2575 1139 2642 Herodianos
1147 2576 1366 2665 assumpsisse
1380 2574 1550 2651 videntur,
1571 2581 1609 2640 ut
1624 2579 1674 2641 le-

339 2703 395 2746 sus
409 2682 436 2746 si
455 2683 673 2770 responsione
688 2704 747 2749 sua
763 2684 1013 2749 accusationem
1025 2682 1118 2771 apud
1128 2689 1385 2771 procuratorem
1402 2702 1582 2747 romanum
1593 2702 1675 2747 eva-

339 2786 452 2867 deret,
472 2790 504 2854 in
529 2788 645 2854 odium
663 2789 830 2855 incideret
847 2796 880 2855 et
896 2789 1061 2854 invidiam
1076 2789 1170 2877 apud
1186 2788 1351 2855 Herodem
1366 2788 1536 2855 Galilaeae
1553 2793 1675 2854 tetrar-

337 2895 452 2961 cham.
475 2897 507 2961 Si
528 2896 619 2960 enim
646 2895 811 2984 populum
838 2897 895 2961 Dei
917 2897 1061 2985 imperio
1089 2917 1232 2962 romano
1255 2895 1455 2974 subiiceret,
1483 2894 1673 2961 incurreret

340 3000 456 3067 odium
473 3008 635 3068 eteorum
652 3004 711 3090 qui
724 3002 837 3068 studio
855 3002 939 3088 legis
953 3001 1047 3068 ducti
1062 3001 1233 3088 indignun
1249 3006 1385 3067 censent
1399 3000 1474 3067 aliis
1488 3021 1593 3089 quam
1608 3001 1670 3067 soli

341 3113 404 3174 lteo
412 3109 538 3174 servire
549 3116 582 3175 et
596 3129 714 3174 eorum
730 3109 789 3197 qui
802 3132 822 3173 a
833 3109 989 3197 partibus
1004 3107 1145 3175 llerodis
1157 3116 1283 3175 stantes
1294 3107 1439 3196 priscam
1455 3106 1671 3174 llcrodisma·

338 3216 398 3300 gni
413 3214 678 3282 dominationem
694 3223 727 3280 et
744 3214 947 3301 dignitatem
958 3215 1314 3304 reducereoptabant.
1328 3215 1363 3280 Si
1380 3215 1544 3303 populum
1561 3213 1673 3280 asub·

340 3322 480 3388 iectione
496 3343 638 3387 romana
655 3322 833 3401 eximeret,
851 3328 985 3410 praesto
1003 3328 1076 3387 erat
1098 3344 1233 3411 praeses
1253 3343 1414 3388 romanus
1432 3320 1475 3387 ad
1497 3320 1669 3386 bominem

340 3428 786 3495 rebelleminterimendum.
805 3430 874 3495 Tali
885 3429 1000 3517 itaque
1011 3429 1267 3496 machinatione
1285 3428 1441 3494 instructi
1461 3428 1672 3505 veniunt,ut

338 3557 414 3601 erem
435 3548 593 3624 caperent
608 3535 644 3600 in
664 3533 780 3617 verbo,
799 3534 980 3621 ἀγρεύωσιν,
1000 3543 1037 3602 ut
1049 3558 1130 3603 eum
1147 3536 1246 3624 quasi
1263 3537 1444 3602 venatione
1460 3535 1606 3623 capiant;
1624 3534 1667 3600 cl.

338 3643 450 3708 llatth.
466 3648 567 3719 2215
583 3631 753 3730 παγιδεύειν
770 3642 892 3730 laqueo
909 3644 1013 3731 posito
1034 3664 1177 3731 capere,
1201 3643 1405 3731 illaqueare,
1423 3643 1573 3719 irretire;
1589 3637 1670 3728 λόγῳ

338 3750 485 3838 explicat
503 3751 605 3814 Weiss
620 3749 663 3814 de
677 3749 875 3837 quaestione
893 3771 996 3838 quam
1012 3771 1139 3839 ponere
1155 3748 1290 3828 volunt;
1306 3749 1363 3815 sed
1384 3754 1474 3814 recte
1492 3749 1549 3813 alii
1565 3748 1607 3813 de
1621 3769 1671 3813 re·

337 3878 460 3945 sponso
479 3855 570 3944 quod
584 3856 628 3922 ab
648 3877 687 3921 eo
707 3863 920 3945 exspectant3
937 3879 1015 3921 nam
1035 3857 1107 3922 sola
1126 3857 1324 3944 quaestione
1344 3877 1414 3921 non
1433 3861 1573 3943 possunt
1592 3876 1671 3920 eum

337 3963 535 4051 illaqueare,
554 3962 613 4028 sed
630 3965 960 4051 responsionequam
973 3964 1092 4053 utique
1100 3985 1162 4029 sua
1177 3963 1373 4052 quaestione
1387 3962 1508 4028 elicere
1520 3961 1667 4026 student.

382 4069 552 4135 Accedunt
567 4091 697 4158 praese
711 4071 857 4137 ferentes
871 4092 911 4136 ac
926 4072 953 4135 si
973 4071 1174 4137 solutionem
1190 4069 1446 4158 disceptationis
1460 4089 1565 4156 quam
1581 4070 1670 4134 inter

336 4197 371 4242 se
390 4177 574 4262 agitassent
588 4176 633 4242 ab
653 4198 691 4243 eo
706 4183 901 4265 expeterent
919 4198 1067 4265 eumque
1082 4178 1252 4263 eligerent
1271 4198 1369 4241 suum
1392 4176 1561 4241 arbitrum
1577 4176 1613 4240 in
1633 4197 1668 4241 re

337 4306 405 4371 qua
428 4306 545 4351 eorum
573 4284 692 4368 religio
711 4305 751 4348 ac
770 4285 880 4372 pietas
904 4306 971 4349 non
997 4304 1120 4371 parum
1141 4283 1348 4349 turbaretur.
1371 4287 1480 4358 Quare
1499 4302 1668 4348 summam

336 4391 366 4456 ei
387 4391 523 4457 laudem
541 4390 694 4457 tribuunt
714 4396 882 4457 tentantes
896 4390 1092 4457 adulatione
1110 4390 1267 4478 decipere
1285 4390 1463 4456 [lominum
1478 4388 1665 4477 (Templa),

337 4521 368 4562 v.
391 4504 430 4564 lt
453 4497 515 4586 qui
537 4497 702 4562 uenientes
720 4495 840 4562 dictent
858 4499 892 4563 ei
912 4519 922 4562 :
940 4498 1103 4587 nroqister
1123 4496 1248 4563 scimus
1266 4496 1350 4586 quia
1370 4518 1474 4562 ceros
1493 4516 1526 4561 es
1545 4508 1577 4561 et
1599 4517 1667 4560 nou

337 4627 436 4671 curos
457 4625 664 4694 quemquam
685 4611 823 4671 nonest
843 4605 905 4671 tibi
923 4627 1022 4672 curae
1042 4606 1085 4670 de
1108 4606 1289 4694 quopiam,
1312 4610 1349 4670 ut
1367 4603 1440 4670 scil.
1459 4611 1598 4692 propter
1616 4602 1665 4668 la-

338 4734 454 4779 vorem
470 4718 528 4777 aut
545 4711 701 4779 timorem
718 4712 920 4801 cuiusquam
936 4712 1069 4779 ratione
1086 4712 1204 4778 habita
1221 4713 1267 4778 tui
1285 4711 1337 4778 vel
1354 4709 1525 4777 commodi
1542 4708 1594 4776 rel
1612 4708 1664 4774 in·
