3960 5654
921 327 1028 384 111110.
1051 310 1082 380 9,
1106 311 1135 369 1.
1643 313 1699 374 131

371 467 525 530 montem
535 459 636 528 fuisse
649 459 795 543 Thabor,
810 460 908 527 multi
923 465 1079 541 censent3
1096 460 1172 528 vide
1187 483 1276 550 quae
1291 463 1405 528 notavi
1417 462 1462 529 ad
1476 463 1589 531 llatth.
1603 469 1698 545 tr,1;

369 566 471 636 luisse
483 574 628 635 Hermon
646 566 708 634 Fil.
726 567 913 649 existimat,
932 568 982 635 uti
994 568 1062 631 iam
1077 568 1189 634 Colm.
1205 589 1341 656 quoque
1356 570 1456 634 sentit
1470 569 1551 636 dum
1561 569 1697 637 scribit:

370 673 582 742 «maluerim
602 672 688 740 idio
709 673 828 761 aliquo
848 674 969 741 Libani
990 674 1117 741 vertice
1133 673 1246 740 aliove
1265 680 1359 740 trans
1387 675 1563 740 Iordanem
1587 680 1700 743 moute

370 783 458 848 eirea
485 785 616 847 montes
638 779 815 847 Hermonis
838 780 1036 866 contigisse,
1057 778 1352 869 quemadmodum
1376 782 1543 847 censuisse
1566 781 1702 848 videtur

370 886 531 955 Eusebius
547 887 581 952 in
596 892 647 953 Ps.
665 891 707 955 88
726 913 756 951 u.
1582 878 1584 882 ’

409 1118 487 1178 Nolo
500 1120 647 1180 omittere
661 1135 741 1195 quae
757 1135 794 1178 ex
807 1119 987 1198 evangelica
1004 1119 1185 1178 narratione
1201 1123 1313 1202 contpa
1326 1119 1510 1196 opinionem
1524 1119 1563 1181 de
1579 1121 1703 1183 Thabor

368 1216 457 1275 Patr.
475 1218 621 1296 opponit;
639 1215 716 1275 dicit
730 1217 814 1276 enim
834 1235 841 1276 :
865 1241 880 1271 ι(
901 1215 986 1294 quod
1007 1217 1034 1276 si
1054 1215 1198 1277 locorum
1221 1216 1320 1277 situm
1340 1216 1501 1291 attendas,
1515 1235 1607 1297 aegre
1627 1236 1701 1280 cum

370 1315 463 1374 llarci
482 1316 663 1375 narratione
682 1313 771 1374 illam
784 1315 970 1393 opinionem
986 1331 1171 1391 componas.
1191 1315 1316 1373 Etenim
1332 1332 1412 1392 quae
1429 1316 1573 1393 superius
1589 1317 1701 1395 legun-

369 1417 431 1486 tur,
447 1414 530 1474 cirea
546 1413 730 1474 Caesaream
747 1412 886 1490 Philippi
902 1416 992 1490 gesta
1008 1417 1092 1472 suut.
1110 1413 1220 1489 Neque
1240 1414 1359 1473 Marcus
1378 1429 1481 1491 neque
1498 1414 1595 1474 ceteri
1611 1415 1702 1492 quid-

368 1529 464 1588 quam
485 1509 589 1570 adhuc
608 1508 756 1569 dixerunt
776 1527 813 1570 ex
828 1527 893 1588 quo
909 1509 1060 1570 coniicias
1075 1509 1237 1571 Christum
1253 1527 1290 1570 ex
1310 1527 1347 1570 ea
1362 1511 1489 1588 regione
1504 1511 1567 1571 iam
1581 1510 1701 1574 disces·

367 1610 458 1668 sisse.
476 1609 549 1667 Post
569 1606 759 1685 descriptam
779 1606 894 1669 Christi
915 1607 1225 1686 transfigurationem
1245 1625 1389 1686 quaeque
1408 1609 1562 1686 postridie
1581 1610 1607 1669 is
1624 1610 1700 1689 egit,

367 1709 485 1766 Marcus
504 1705 611 1766 statim
626 1705 704 1780 haec
725 1705 911 1782 subiungit:
928 1711 960 1764 et
979 1704 1052 1766 inde
1072 1698 1206 1783 prolecli
1227 1703 1441 1784 παρεπορεύοντο
1455 1708 1702 1786 praetergredie-

367 1801 481 1863 bantur
502 1803 709 1864 Galilaeam...
728 1807 761 1862 et
775 1807 931 1863 venerunt
950 1801 1167 1881 capharnaum
1184 1823 1213 1862 r.
1235 1805 1285 1864 ⁶29.
1306 1805 1355 1863 32.
1373 1807 1427 1864 Ast
1446 1803 1532 1865 unde
1550 1805 1702 1882 profecti?

368 1904 485 1962 Marcus
506 1902 551 1961 ait
569 1918 577 1960 :
594 1901 683 1974 inde,
705 1900 764 1961 hoc
783 1905 833 1960 est
854 1918 891 1961 ex
911 1917 949 1961 eo
971 1901 1059 1973 loco;
1079 1919 1194 1961 verum
1214 1919 1252 1962 ex
1272 1903 1356 1979 quo?
1373 1902 1495 1963 scilicet
1516 1920 1554 1963 ex
1573 1903 1628 1964 illo
1645 1905 1701 1982 qui

365 2004 457 2060 antea
470 1999 573 2059 dictus
592 2004 651 2060 est.
673 2002 712 2059 At
727 1999 832 2060 nullus
847 1998 951 2060 dictus
966 2003 1014 2059 est
1031 2005 1125 2059 antea
1144 1999 1205 2059 nisi
1227 2000 1356 2060 castella
1371 2000 1538 2061 Caesareae
1552 2001 1700 2080 Philippi,

366 2098 545 2175 horumque
559 2114 656 2157 unum
671 2096 730 2157 luit
749 2114 788 2157 ex
804 2114 868 2174 quo
886 2102 951 2157 tres
967 2095 1143 2175 discipulos
1163 2115 1274 2158 seeum
1289 2097 1409 2158 ducens
1427 2099 1541 2160 ceteris
1557 2099 1590 2159 iu
1603 2116 1640 2160 eo
1653 2117 1702 2160 re-

366 2197 450 2256 lictis
461 2197 492 2255 in
508 2201 650 2255 montem
662 2195 805 2255 ascendit
820 2200 853 2255 et
868 2194 907 2254 ad
923 2194 1009 2273 quod
1025 2195 1180 2273 postridie
1195 2213 1340 2256 reversus
1351 2201 1438 2256 estv.
1456 2199 1493 2257 13
1505 2196 1592 2276 (Luc.
1604 2199 1699 2276 aar).

367 2295 533 2354 Enimvero
548 2295 574 2353 si
594 2292 667 2354 inde
689 2294 745 2353 ubi
765 2310 822 2371 per
841 2310 896 2353 eos
911 2291 981 2352 dies
1001 2299 1184 2354 manserant
1203 2294 1337 2373 protecti
1350 2295 1703 2373 praetergrediebantur

364 2392 550 2463 Galilaeam,
567 2398 600 2451 ut
617 2391 839 2470 capharnaum
859 2391 1019 2465 venirent,
1036 2408 1100 2451 non
1118 2409 1156 2452 ex
1173 2391 1283 2469 aliquo
1303 2392 1457 2453 Galilaeae
1479 2393 1549 2453 loeo
1568 2394 1700 2473 protecti

365 2507 433 2550 esse
447 2490 610 2562 videntum
628 2507 692 2549 non
707 2506 782 2567 ergo
798 2490 837 2549 de
854 2489 999 2551 Thabore
1017 2488 1233 2566 cogitandum.
1253 2491 1350 2568 Equis
1370 2490 1464 2551 sodes
1484 2509 1535 2551 me
1550 2491 1646 2553 terret
1660 2492 1702 2553 ita

365 2588 548 2666 loquentem
565 2606 572 2646 z
591 2589 690 2647 Roma
708 2586 871 2665 protectus
888 2586 1163 2666 praetergrediens
1182 2587 1303 2648 ltaliam
1323 2588 1394 2648 veni
1414 2589 1599 2679 Neapolim?
1614 2591 1701 2669 atqui
1753 2641 1756 2646 ,

365 2687 417 2746 tali
436 2686 533 2746 modo
550 2687 672 2746 Marcus
685 2686 814 2745 locutus
830 2689 932 2759 osset,
949 2686 976 2744 si
995 2684 1139 2745 Christus
1151 2684 1312 2762 proiectus
1328 2686 1500 2747 aThahore
1520 2687 1551 2747 in
1563 2687 1701 2749 Galilaea
1723 2740 1727 2751 .

363 2785 467 2862 posito
483 2785 622 2843 venisset
636 2782 853 2861 Capharnaum
871 2783 985 2843 urbem
1005 2782 1172 2844 Galilaeae.
1191 2783 1328 2844 Attcnde
1346 2783 1482 2862 denique
1494 2792 1528 2844 ut
1541 2785 1578 2844 iis
1594 2786 1650 2864 qui
1663 2803 1700 2846 es

364 2884 440 2942 urbe
453 2882 603 2943 Caesarea
618 2881 757 2958 Philippi
777 2880 954 2940 Thaborem
970 2884 1087 2960 petunt
1106 2885 1233 2958 praeter
1248 2887 1373 2959 partem
1392 2882 1548 2943 Paneadis
1561 2884 1700 2945 maxima

366 2980 523 3040 Galilaeae
537 2997 608 3057 pars
623 2978 820 3059 peragranda
837 2979 890 3050 sit,
904 2996 965 3039 nec
979 2978 1081 3038 multo
1098 2979 1205 3038 minor
1218 2979 1256 3038 iis
1270 2980 1325 3056 qui
1342 2979 1576 3057 capharnaum,
1594 2982 1700 3042 aluisi

366 3079 492 3139 brevem
509 3077 604 3138 huius
621 3082 758 3137 tractum
771 3076 895 3136 emetiri
909 3076 1046 3136 habeant
1061 3076 1116 3154 qui
1135 3075 1310 3138 aThabore
1325 3078 1542 3156 Capharnaum
1556 3080 1698 3140 veniunt.

366 3179 412 3235 An
433 3176 528 3253 igitur
547 3181 640 3253 putes
662 3175 803 3234 Marcum
822 3174 862 3234 de
883 3174 989 3252 priore
1008 3174 1123 3234 Christi
1145 3175 1258 3234 itinere
1282 3176 1382 3236 multo
1402 3176 1544 3257 longiore
1563 3177 1602 3236 ab
1617 3178 1701 3256 agris

366 3275 533 3334 Caesareae
550 3290 649 3350 usque
665 3272 705 3332 ad
721 3271 898 3331 Thaborem
913 3271 1051 3346 siluisse,
1066 3272 1105 3332 de
1119 3273 1309 3333 brevissimo
1321 3290 1396 3333 vcro
1410 3291 1427 3332 a
1443 3273 1585 3334 Thabore
1600 3292 1700 3353 usque

365 3372 586 3450 Capharnaum
602 3371 699 3431 etiam
719 3369 752 3430 id
772 3386 915 3430 narrasse
931 3369 1016 3448 quod
1032 3387 1112 3448 opus
1127 3388 1192 3431 non
1210 3376 1278 3431 erat
1292 3378 1324 3431 et
1337 3370 1466 3449 quidem
1480 3373 1523 3431 ita
1536 3379 1571 3433 ut
1585 3390 1622 3433 ex
1636 3378 1700 3435 tota

366 3469 423 3530 bac
438 3469 569 3530 historia
583 3469 718 3547 quisque
734 3468 932 3528 existimaret
950 3485 1014 3528 non
1032 3468 1072 3529 de
1090 3467 1151 3528 hoc
1169 3469 1344 3530 alterosed
1358 3469 1398 3530 de
1413 3469 1527 3548 prioris
1545 3471 1630 3533 illius
1642 3470 1701 3533 iti·

365 3568 449 3628 ner's
472 3572 559 3645 parte
584 3585 621 3627 ex
642 3567 722 3626 urhe
745 3567 895 3628 Caesarea
918 3565 958 3627 ad
983 3565 1095 3628 urbem
1116 3567 1333 3644 Capharnaum
1356 3585 1429 3628 eum
1450 3568 1559 3645 loqui?
1573 3571 1616 3629 De
1640 3568 1699 3630 hoc

365 3667 451 3726 enim
463 3665 551 3743 loqui
565 3667 706 3725 llarcum
722 3680 816 3724 nemo
831 3663 964 3723 tortasse
981 3662 1144 3724 dubitaret
1155 3665 1216 3724 nisi
1228 3665 1439 3742 anticipatum
1455 3665 1586 3727 haberet
1598 3671 1699 3727 trans-

366 3764 584 3841 figurationem
598 3763 628 3821 in
641 3762 783 3822 Thaborc
797 3762 908 3821 tactam
922 3778 992 3822 esse
1007 3785 1035 3820 ».
1050 3761 1204 3823 Similiter
1217 3763 1273 3823 sed
1285 3763 1413 3823 brevius
1425 3760 1544 3823 Sclianz
1558 3782 1696 3843 quoque.

405 3861 617 3921 Nihilominus
641 3859 753 3921 dubito
778 3877 855 3920 num
877 3859 964 3919 hisce
990 3877 1040 3919 res
1064 3859 1258 3920 conficiatur.
1283 3860 1423 3920 Traditio
1450 3860 1489 3921 de
1510 3862 1635 3923 Thabor
1652 3867 1723 3927 est.

365 3959 454 4019 valde
474 3960 603 4036 antiqua
622 3964 653 4019 et
670 3963 830 4019 constans.
857 3959 932 4018 Eius
953 3957 1044 4017 testis
1065 3957 1127 4017 iam
1145 3963 1193 4018 est
1216 3955 1359 4038 Oriqones
1379 3978 1387 4017 :
1404 3959 1529 4019 Thabor
1545 3977 1636 4020 mons
1652 3968 1696 4021 est

364 4056 536 4128 Galilaeae,
562 4057 615 4115 ubi
641 4056 879 4135 transfiguratus
903 4060 951 4117 est
976 4055 1120 4116 Christus
1147 4055 1192 4134 (in
1214 4057 1264 4115 Ps.
1292 4058 1400 4130 88,13;
1429 4054 1470 4116 ll.
1500 4057 1697 4136 111517)οι

366 4155 481 4232 pariter
501 4154 531 4212 id
553 4155 665 4214 asserit
684 4151 718 4213 S.
748 4150 887 4232 Cyrillus
912 4153 1031 4214 hieros.
1053 4153 1193 4233 (catech.
1218 4156 1324 4227 1216,
1343 4152 1385 4214 M.
1409 4153 1544 4234 aaut),
1563 4152 1597 4215 S.
1624 4155 1698 4215 Hic-

366 4271 509 4329 ronqnius
534 4258 593 4311 etc.
615 4269 718 4329 neque
740 4250 959 4311 dubitantium
981 4252 1031 4312 vel
1053 4252 1304 4312 coniectantium
1326 4269 1414 4312 more
1439 4253 1622 4330 loquuntur,
1643 4254 1699 4314 sed

367 4358 526 4427 tamquam
540 4349 579 4409 (10
596 4366 628 4409 10
643 4357 729 4409 certa
745 4354 776 4409 et
792 4348 963 4427 explorata.
978 4350 1064 4409 Talis
1080 4355 1187 4410 autem
1202 4349 1329 4411 traditio
1343 4351 1421 4411 adeo
1437 4357 1524 4410 certo
1538 4352 1700 4430 proposita

365 4447 490 4508 ridetur
517 4465 578 4507 non
606 4465 699 4526 posse
728 4465 836 4508 carere
861 4447 1081 4508 fundamento.
1112 4451 1220 4525 Neque
1249 4466 1288 4508 eo
1313 4453 1416 4528 potest
1440 4449 1590 4528 explicari
1616 4449 1698 4526 quod
1736 4526 1739 4531 Α

366 4548 481 4607 montis
505 4547 629 4606 Thabor
653 4546 780 4624 saepius
800 4546 924 4606 mentio
947 4548 980 4606 tit
1002 4547 1034 4605 in
1054 4553 1161 4607 vetere
1185 4552 1378 4608 testamento
1403 4549 1476 4624 (los.
1504 4549 1605 4621 1932.
1631 4548 1697 4609 lud.

366 4646 427 4712 EG.
450 4647 496 4704 ta.
525 4649 571 4705 11.
594 4644 643 4703 Ρ5.
667 4645 770 4714 88,13.
790 4645 849 4704 101.
872 4645 975 4714 rats.
996 4644 1048 4705 Os.
1071 4646 1138 4717 s,1;
1161 4642 1311 4724 Sclranz);
1335 4663 1407 4705 nam
1427 4663 1529 4724 neque
1549 4645 1700 4724 Origenes

366 4760 469 4820 neque
485 4743 619 4821 Cyrillus
635 4743 698 4811 ullo
714 4741 811 4802 modo
828 4742 967 4803 indicant
983 4744 1073 4804 exiis
1087 4743 1247 4803 lociseam
1264 4745 1412 4804 notitiam
1428 4762 1495 4806 esse
1510 4744 1698 4805 derivatam.

1576 5046 1731 5184 ΙΝ
