3960 5654
212 479 271 538 tta
762 493 851 536 111110.
877 475 925 542 15,
948 475 996 533 01.

212 625 399 688 Palaestinis
422 648 435 674 n
454 622 502 700 (1).
520 624 637 681 Verum
660 626 763 687 Estius
783 627 846 685 iam
870 627 1029 702 perspexit
1051 627 1081 686 id
1103 642 1165 684 non
1187 639 1275 699 posse
1295 623 1423 683 admitti
1445 642 1482 684 ex
1497 644 1544 687 se-

212 723 397 802 quentibus
418 720 471 780 ubi
488 720 678 780 ludaeorum
694 741 782 784 more
798 727 917 781 sextam
931 731 961 782 et
978 716 1092 783 nonam
1105 724 1216 782 horam
1232 722 1374 781 nominat
1390 723 1522 781 Marcus.

247 903 332 951 Notat
347 905 481 950 Gretserus
499 902 541 965 lde
559 915 582 950 5.
599 915 682 953 eruce
696 905 745 954 lib.
768 905 777 951 l
794 915 855 964 cap.
876 903 916 963 10)
935 917 939 950 ;
961 921 971 950 ι
990 903 1098 952 nullum
1111 903 1224 953 dubium
1239 914 1302 952 esse
1317 904 1399 954 debet
1415 903 1486 952 duos
1499 903 1543 952 la·

211 995 306 1041 trones
325 1005 386 1040 cum
410 991 522 1041 Christo
541 990 639 1040 codem
664 992 746 1042 modo
768 1003 868 1052 nempe
887 992 973 1041 clavis
992 989 1152 1052 crucifixos,
1170 992 1233 1040 licet
1255 990 1354 1054 vulgus
1373 996 1401 1042 et
1423 993 1545 1054 pictores

210 1084 307 1130 contra
322 1082 479 1129 nitantur...
495 1082 606 1129 exstant
618 1081 690 1130 duae
704 1079 840 1143 epistolae
857 1079 968 1129 loannis
982 1080 1120 1129 Francisci
1137 1078 1321 1129 llirandulani
1337 1080 1371 1129 de
1387 1081 1440 1129 hac
1455 1091 1545 1143 quae-

210 1170 317 1226 stione,
336 1172 427 1218 ntrum
449 1168 573 1217 latrones
588 1182 656 1218 suae
680 1171 799 1232 quisquc
821 1171 895 1217 cruci
911 1170 997 1218 clavis
1019 1167 1121 1216 luerint
1136 1167 1220 1217 altixi.
1240 1167 1296 1216 Nec
1311 1181 1362 1231 pro
1385 1169 1470 1232 vulgo
1489 1170 1545 1217 stat

210 1258 335 1307 eruditus
358 1259 403 1306 ille
420 1259 562 1319 princeps,
584 1259 633 1308 sed
657 1271 707 1321 pro
731 1256 903 1306 eruditorum
922 1259 1060 1307 sententia
1079 1269 1163 1318 quam
1184 1256 1291 1306 erudite
1313 1271 1425 1320 qtioque
1449 1256 1545 1307 multis

209 1350 381 1410 argumentis
393 1344 549 1395 confirmat.
567 1345 661 1398 clavis
675 1344 752 1394 infixi
768 1345 824 1394 duo
845 1347 1047 1402 cruciabantur,
1065 1346 1104 1393 ait
1117 1344 1146 1394 S.
1165 1347 1336 1407 Augustinus
1351 1348 1399 1409 qul
1422 1350 1449 1396 ct
1474 1346 1545 1396 haec

211 1437 294 1486 habet
309 1450 314 1484 :
332 1448 432 1485 manus
450 1435 537 1485 clavis
557 1435 754 1489 inhaerebant,
777 1435 861 1496 pedes
881 1433 1005 1484 transfixi
1020 1439 1110 1483 eraut.
1132 1435 1204 1484 atibt
1220 1434 1254 1483 de
1277 1435 1349 1482 bono
1367 1436 1475 1485 latrone
1490 1445 1499 1485 :
1515 1435 1544 1482 in

208 1528 359 1588 semetipso
374 1526 433 1573 erat
448 1524 535 1573 clavis
559 1522 699 1580 confixus,
716 1530 743 1570 et
760 1536 814 1571 non
830 1525 955 1573 saucium
970 1523 1142 1573 intellectum
1159 1536 1250 1587 neque
1265 1521 1404 1573 confixum
1428 1535 1543 1574 sensum

210 1615 329 1664 habebat
348 1631 357 1659 ι
377 1612 419 1675 (cl.
437 1618 517 1662 tract.
537 1615 565 1661 ln
582 1614 660 1662 loan.
679 1611 761 1669 31,ος
781 1613 814 1660 ll.
832 1611 962 1677 aarum
983 1610 1017 1660 ad
1034 1610 1246 1673 simplicianum
1261 1611 1309 1660 lib.
1328 1613 1336 1660 l
1353 1626 1400 1675 qu.
1418 1612 1433 1661 2
1449 1626 1477 1661 n.
1495 1611 1526 1662 19
1534 1624 1541 1670 ;

207 1716 291 1753 serm.
313 1701 360 1752 130
376 1702 410 1750 de
422 1708 507 1763 temp.
527 1704 574 1764 qui
589 1701 661 1751 solet
676 1701 793 1762 allegari
811 1703 881 1750 inter
891 1713 977 1763 opera
992 1701 1087 1762 spuria
1099 1701 1240 1763 relegatus
1255 1707 1312 1760 est;
1329 1705 1371 1750 est
1381 1702 1410 1749 in
1421 1699 1542 1764 append.

208 1805 291 1842 serm.
312 1791 411 1854 ¹5⁷³›6l
430 1789 543 1839 Accedit
557 1790 631 1852 quod
647 1790 792 1851 Scriptura
807 1803 868 1838 cum
884 1789 918 1838 de
935 1789 1091 1838 latronibus
1110 1789 1232 1852 loquitur
1248 1790 1347 1840 eodem
1362 1787 1544 1852 crucifigendi

208 1881 342 1930 vocabulo
358 1883 444 1929 utitur
459 1891 588 1941 quocum
600 1880 723 1941 loqultur
737 1878 772 1927 de
788 1877 907 1929 Christo.
928 1878 975 1936 Et,
993 1882 1022 1927 ut
1038 1878 1187 1929 Grctserus
1200 1877 1280 1938 dicit,
1298 1880 1450 1929 abulensis
1467 1881 1543 1928 recte

209 1975 306 2019 notare
321 1968 430 2018 videtur·
444 1967 675 2016 consuetudinem
691 1966 804 2015 lumbus
825 1966 959 2028 alligandi
979 1967 1102 2016 latrones
1122 1969 1150 2015 in
1171 1979 1252 2016 cruce
1272 1980 1305 2016 ex
1326 1967 1476 2017 indiscreta
1489 1966 1544 2016 all-

208 2071 326 2122 quorum
340 2057 489 2107 devotione
507 2069 568 2105 csse
584 2055 783 2115 introductam,
801 2058 848 2118 qui
865 2061 893 2104 ut
909 2057 1072 2117 gravitatem
1093 2055 1249 2104 dominicae
1270 2057 1409 2118 passionis
1430 2058 1458 2105 et
1481 2068 1543 2105 cru·

207 2147 349 2197 delitatem
376 2145 541 2195 ludaeorum
560 2146 750 2206 exagitarent,
778 2144 926 2193 Dominum
950 2144 1036 2193 clavis
1061 2142 1162 2202 fixum,
1191 2144 1314 2193 latrones
1334 2146 1403 2194 solis
1422 2144 1544 2194 restibus

208 2237 355 2285 adstrictos
371 2235 520 2283 commenti
536 2228 601 2282 sunt
614 2260 648 2267 —
664 2232 716 2282 SS.
733 2233 846 2281 Petrum
867 2233 942 2282 locos
959 2233 1169 2295 quibusdicunt
1189 2233 1312 2282 latrones
1327 2246 1440 2295 quoquc
1455 2232 1543 2283 claris

207 2321 711 2374 055001010501101111110101501051.
728 2334 751 2369 c.
770 2320 888 2370 Lorinus
907 2320 942 2370 ad
958 2321 1003 2370 Ps.
1021 2321 1064 2378 rt,
1085 2321 1126 2379 li,
1144 2321 1249 2381 lituus,
1267 2321 1317 2371 der
1331 2322 1435 2384 heiliga
1449 2321 1540 2384 Nagel

208 2416 235 2462 in
256 2414 281 2462 d.
302 2411 470 2462 Domlrirclre
490 2426 523 2459 zu
540 2411 618 2460 Trier
638 2424 665 2474 p.
689 2410 729 2459 l'l.
748 2409 854 2459 Adduci
868 2411 938 2459 solet
961 2409 989 2459 S.
1010 2411 1196 2468 Athanasius,
1217 2410 1291 2458 hom.
1318 2413 1346 2459 ln
1374 2423 1541 2474 parascevc;

208 2503 256 2552 sed
275 2504 326 2551 iste
344 2514 435 2550 sermo
454 2512 508 2549 non
533 2504 575 2549 est
594 2501 656 2548 cius
676 2498 719 2561 tel.
740 2499 771 2546 ll.
794 2497 838 2556 38,
858 2498 944 2558 1051).
961 2497 1083 2548 Eandem
1102 2501 1270 2549 sententiam
1295 2512 1393 2550 omues
1413 2503 1543 2550 asserunt

207 2594 255 2655 qul
277 2593 304 2639 in
327 2591 445 2639 historia
462 2592 592 2638 inventae
615 2590 705 2637 crucis
728 2587 852 2636 relerunt
871 2588 1027 2637 dubitatum
1049 2588 1136 2637 luisse
1156 2601 1295 2651 quaenam
1315 2601 1350 2638 ex
1365 2589 1453 2639 tribus
1467 2593 1542 2639 esset

208 2694 275 2730 crux
297 2681 453 2736 dominica;
474 2683 571 2741 aperte
595 2678 670 2726 enim
685 2679 852 2738 supponitur
871 2689 969 2726 omnes
988 2683 1045 2725 tres
1058 2677 1191 2726 habuisse
1210 2678 1313 2727 similia
1333 2678 1484 2737 loramina;
1505 2676 1540 2727 01.

209 2769 237 2819 S.
265 2770 442 2824 Ambrosius,
469 2779 561 2816 sermo
590 2765 625 2816 da
646 2766 723 2814 obitu
748 2765 898 2814 Theodosii
919 2763 1056 2831 1115111.
1083 2763 1255 2831 1011111001.
1281 2766 1348 2816 Eam
1374 2769 1542 2817 sententiam

208 2859 291 2906 etiam
306 2856 408 2905 asscrlt
425 2855 455 2905 S.
473 2854 593 2916 Cyrillus
607 2859 659 2903 eat.
682 2854 722 2912 13,
735 2854 768 2903 30
786 2852 828 2918 (tl.
848 2854 891 2911 33,
907 2851 977 2918 808).

431 3033 448 3096 11
470 3033 565 3081 lesus
584 3031 618 3079 ln
639 3043 738 3080 cruce
756 3029 912 3080 illuditur
930 3031 964 3081 et
984 3031 1125 3081 moritur·
1147 3031 1315 3095 laza-39.

247 3203 333 3259 lifts).
347 3203 381 3251 Et
394 3204 603 3264 praetereuntes
618 3200 850 3261 blasphemabant

157 3343 164 3359 ⁸
207 3306 285 3348 cum,
301 3295 446 3341 moventes
460 3292 551 3352 capita
566 3302 632 3346 sua,
656 3295 684 3337 et
699 3288 825 3337 dicentes
842 3301 847 3335 :

208 3381 269 3430 Vah
293 3383 342 3443 qui
371 3381 490 3428 destruis
516 3379 649 3441 templum
679 3378 744 3431 Dei,
771 3384 798 3425 et
821 3379 848 3425 in

207 3473 294 3520 tribus
309 3470 407 3518 illelius
424 3466 587 3517 reaedificas
594 3481 600 3525 ;
617 3465 659 3515 30.
677 3466 792 3515 Salvum
807 3465 850 3514 lac

208 3561 385 3621 temetipsum
401 3556 574 3606 descendens
588 3555 623 3604 dc
636 3567 726 3604 cruce.
745 3555 788 3602 31.
808 3555 848 3603 Si·

208 3649 309 3697 militer
329 3654 357 3696 ct
380 3648 481 3695 summi
502 3644 661 3693 sacerdotes
684 3643 847 3702 illudentes,

207 3738 241 3786 ad
266 3739 430 3785 alterutrum
460 3747 523 3783 cum
557 3732 656 3781 scribis
689 3731 846 3780 dicebant:

209 3828 286 3876 ,11105
305 3825 397 3873 salvos
416 3823 494 3880 lecit,
520 3834 550 3870 sc
575 3824 664 3883 ipsum
681 3833 736 3869 non
756 3825 849 3883 potest

207 3916 314 3966 salvum
339 3912 439 3961 lacere.
473 3911 515 3960 31.
542 3910 670 3959 Christus
692 3923 741 3959 rex
762 3909 847 3959 lsrael

207 4003 357 4054 descendat
378 4013 451 4049 nunc
470 4000 504 4048 de
523 4011 617 4058 cruce,
640 4001 669 4047 ut
690 3997 846 4056 rideamus,

206 4100 234 4143 et
242 4093 395 4142 credamus.
409 4090 441 4138 b't
450 4091 496 4152 qui
508 4101 569 4138 cum
582 4101 615 4137 eo
626 4085 846 4145 crucifixierant,

206 4181 432 4232 oonriciabantur
448 4179 483 4228 ei.

243 4269 330 4319 33111
344 4270 416 4317 lacta
427 4269 496 4316 hora
507 4270 594 4323 sexta,
611 4266 744 4314 tenebrae
760 4264 848 4314 tactae

207 4363 272 4409 sunt
290 4372 337 4420 per
353 4362 438 4406 totam
465 4363 567 4404 terram
594 4355 727 4416 usquein
750 4354 848 4402 horam

207 4461 318 4497 nonam.
333 4447 374 4495 31,
386 4447 417 4494 lit
429 4447 498 4493 hora
509 4456 582 4492 noua
592 4445 758 4492 exclamarit
769 4443 847 4491 lesus

207 4550 273 4586 voce
285 4535 505 4597 magnadicens:
520 4532 590 4591 Eloi,
604 4532 675 4587 Eloi,
687 4533 789 4580 lamma
799 4544 846 4579 sa-

206 4626 352 4675 bacthani?
366 4623 440 4685 quod
457 4630 498 4671 est
514 4624 724 4684 interpretatum
745 4634 751 4668 :
772 4620 847 4669 lleus

206 4727 298 4769 meus,
313 4714 386 4761 110115
396 4726 473 4760 1110115
482 4750 488 4767 ,
498 4710 777 4773 utqrudderethulsti
785 4711 846 4758 me?

242 4805 284 4853 3-1.
301 4802 333 4850 Et
354 4801 468 4863 quidam
488 4801 522 4848 ‹le
537 4800 779 4849 circumstantibus
799 4811 844 4847 au·

205 4890 483 4948 dientes,dicebant:
500 4889 569 4937 Ecce
588 4888 675 4937 Etiam
692 4893 781 4938 vocat.
800 4887 842 4937 30.

940 3199 1029 3259 tais.
1051 3195 1096 3246 Καὶ
1119 3195 1143 3247 οἱ
1169 3199 1395 3267 παραπορευόμενοι
1414 3197 1541 3271 {blaceri-

901 3303 961 3351 pour
987 3283 1076 3350 αὐτὸν,
1101 3289 1226 3346 κινοῦντες
1250 3285 1294 3347 τὰς
1320 3287 1426 3357 κεφαλὰς
1443 3289 1540 3356 αὑτῶν,

900 3373 940 3423 καὶ
959 3373 1087 3442 λέγοντες,
1112 3373 1178 3436 Οὐὰ,
1206 3375 1220 3425 ὁ
1247 3375 1375 3428 καταλύων
1401 3377 1444 3429 τ“ον
1464 3380 1538 3440 raba,

898 3462 940 3512 καὶ
958 3460 1097 3533 οἰκοδομῶν
1116 3461 1142 3514 ἐν
1161 3465 1238 3533 τρισὶν
1257 3463 1372 3535 ἡμέραις,
1394 3471 1438 3522 30.
1460 3475 1541 3521 σῶσον

899 3551 1001 3603 σεαυτὸν
1040 3551 1148 3613 aasabim
1185 3551 1232 3605 ἀπὸ
1269 3558 1313 3605 τοῦ
1345 3560 1461 3625 σταυροῦ.
1494 3562 1537 3612 31.

899 3640 987 3709 ὁμοίως
1015 3641 1055 3692 καὶ
1083 3640 1107 3692 οἱ
1141 3640 1264 3711 ἀρχιερεῖς
1292 3641 1455 3713 ἐμπαίζοντες
1482 3647 1542 3718 πρὸς

900 3727 1024 3793 ἀλλήλους
1056 3729 1118 3799 μετὰ
1152 3735 1200 3781 τῶν
1236 3735 1403 3802 γραμματέων
1429 3735 1539 3806 ἔλεγον,

901 3817 1004 3877 ’Ἄλλους
1023 3817 1127 3885 ἔσωσεν,
1158 3818 1244 3871 ἑαυτὸν
1270 3820 1297 3871 οὗ
1323 3823 1425 3874 δύναται
1450 3830 1538 3881 affluar.

901 3909 942 3959 3‘2.
963 3907 977 3957 ὁ
996 3907 1096 3977 Χριστὸς
1114 3907 1128 3958 ὁ
1148 3908 1262 3976 βασιλεὺς
1283 3908 1382 3980 Ἰσραὴλ
1406 3914 1539 3968 aeratam

899 4000 941 4045 νῦν
961 3995 1009 4047 ἀπὸ
1028 4001 1070 4048 ro]
1090 4000 1206 4066 σταυροῦ,
1225 3998 1269 4049 ἵνα
1293 3997 1385 4070 ἴδωμεν
1412 4002 1453 4054 καὶ
1481 4025 1538 4056 κιο-

899 4088 1032 4154 τιύσωμεν.
1053 4086 1095 4135 καὶ
1113 4086 1136 4137 οἱ
1160 4091 1385 4159 συνεσταυρωμένοι
1409 4092 1452 4143 οἷον
1472 4093 1540 4165 αὐτῷ

898 4173 1025 4234 ὠνεῖὖιζον
1049 4173 1135 4228 αὐτόν.

934 4265 977 4315 33.
1007 4262 1054 4313 Καὶ
1081 4265 1213 4333 γενομένης
1244 4268 1308 4336 ὥρας
1337 4269 1422 4336 ἕκτης,
1451 4273 1540 4334 σκότος

898 4349 992 4420 ἐγένετο
1011 4349 1052 4420 lp’
1070 4352 1134 4418 ὅλην
1153 4352 1197 4418 τήν
1216 4359 1274 4424 γῆν,
1295 4357 1340 4415 ἕως
1357 4360 1422 4427 ὥρας
1441 4359 1538 4428 ἐνάτης.

898 4444 941 4493 tt.
971 4441 1012 4490 zai
1037 4450 1067 4511 τῇ
1102 4441 1176 4514 ἐνάτῃ
1199 4447 1251 4513 ὥρᾳ
1275 4445 1374 4501 tionem
1398 4448 1412 4499 ὁ
1444 4447 1539 4517 Ἰησοῦς

896 4532 966 4597 φωνῇ
990 4530 1103 4602 μεγάλῃ,
1128 4530 1224 4596 Ἐλωὶ,
1250 4533 1337 4598 ’fiant
1362 4536 1432 4607 λεμὰ
1458 4540 1538 4591 0060-

897 4619 996 4686 χθανεῄ
1023 4621 1036 4670 ὅ
1056 4619 1121 4673 ἔστιν
1143 4623 1403 4694 μεθερμηνευόμενον,
1428 4625 1457 4679 Ὁ
1477 4627 1538 4690 Oet:

896 4725 957 4775 μου,
981 4707 1005 4777 [ὁ
1031 4707 1092 4771 θεός
1116 4711 1173 4780 μου]
1195 4710 1228 4773 εἷς
1251 4714 1275 4764 τί
1302 4711 1459 4784 ἔγκατὲλιπές
1489 4737 1535 4789 με;

932 4801 975 4849 30.
998 4796 1043 4849 Καί
1068 4818 1129 4859 τινες
1153 4806 1200 4851 τῶν
1225 4799 1365 4868 ἑστηκότων
1389 4807 1538 4869 ἀκούσαντες

896 4884 998 4956 ἔλεγον,
1022 4885 1125 4941 Ἠλείαν
1149 4892 1235 4959 φωνεῖ.
1263 4895 1305 4946 30.
1331 4894 1432 4966 δραμὼν
1452 4897 1478 4949 δέ
1502 4916 1537 4959 τις
