<?xml version="1.0" encoding="UTF-8"?>
<!DOCTYPE html PUBLIC "-//W3C//DTD XHTML 1.0 Transitional//EN"
    "http://www.w3.org/TR/xhtml1/DTD/xhtml1-transitional.dtd">
<html xmlns="http://www.w3.org/1999/xhtml" xml:lang="en" lang="en">
 <head>
  <title>
</title>
<meta http-equiv="Content-Type" content="text/html;charset=utf-8" />
  <meta name='ocr-system' content='tesseract 3.04.00' />
  <meta name='ocr-capabilities' content='ocr_page ocr_carea ocr_par ocr_line ocrx_word'/>
</head>
<body>
  <div class='ocr_page' id='page_1' title='image "./commentariusinq01knabgoog_0135.png"; bbox 0 0 3960 5654; ppageno 0'>
   <div class='ocr_carea' id='block_1_1' title="bbox 105 110 1666 307">
    <p class='ocr_par' dir='ltr' id='par_1_1' title="bbox 105 110 1666 307">
     <span class='ocr_line' id='line_1_1' title="bbox 446 110 1368 129; baseline -0.001 -9"><span class='ocrx_word' id='word_1_1' title='bbox 446 116 485 127; x_wconf 56' lang='grc'>,.,,</span> <span class='ocrx_word' id='word_1_2' title='bbox 528 110 532 116; x_wconf 57' lang='grc' dir='ltr'>ι</span> <span class='ocrx_word' id='word_1_3' title='bbox 860 112 880 121; x_wconf 94' lang='grc'><strong>-.</strong></span> <span class='ocrx_word' id='word_1_4' title='bbox 923 112 950 123; x_wconf 31' lang='grc'><strong>,4,</strong></span> <span class='ocrx_word' id='word_1_5' title='bbox 1039 121 1042 125; x_wconf 50' lang='grc'>,</span> <span class='ocrx_word' id='word_1_6' title='bbox 1062 119 1065 124; x_wconf 82' lang='grc'><strong>,</strong></span> <span class='ocrx_word' id='word_1_7' title='bbox 1125 122 1128 129; x_wconf 46' lang='grc' dir='ltr'>Ι</span> <span class='ocrx_word' id='word_1_8' title='bbox 1365 112 1368 119; x_wconf 88' lang='grc'>.</span> 
     </span>
     <span class='ocr_line' id='line_1_2' title="bbox 157 116 1461 178; baseline -0.005 -5"><span class='ocrx_word' id='word_1_9' title='bbox 157 130 175 157; x_wconf 50' lang='lat'><strong>‘⁸&#39;</strong></span> <span class='ocrx_word' id='word_1_10' title='bbox 191 147 195 153; x_wconf 53' lang='grc' dir='ltr'>Ι</span> <span class='ocrx_word' id='word_1_11' title='bbox 221 145 225 151; x_wconf 50' lang='lat'><strong>¹</strong></span> <span class='ocrx_word' id='word_1_12' title='bbox 245 128 279 173; x_wconf 47' lang='grc' dir='ltr'><strong>,Ἦ</strong></span> <span class='ocrx_word' id='word_1_13' title='bbox 301 131 326 149; x_wconf 39' lang='grc' dir='ltr'><strong>γ’</strong></span> <span class='ocrx_word' id='word_1_14' title='bbox 388 138 392 145; x_wconf 53' lang='grc'><strong>’</strong></span> <span class='ocrx_word' id='word_1_15' title='bbox 423 116 444 155; x_wconf 47' lang='grc' dir='ltr'><strong>τι</strong></span> <span class='ocrx_word' id='word_1_16' title='bbox 466 122 590 178; x_wconf 27' lang='grc' dir='ltr'><strong>ἱῇψὲϊῠὲ</strong></span> <span class='ocrx_word' id='word_1_17' title='bbox 601 124 623 165; x_wconf 54' lang='lat'><strong>&#39;¹¹⁴</strong></span> <span class='ocrx_word' id='word_1_18' title='bbox 640 144 650 167; x_wconf 72' lang='grc' dir='ltr'>ἰ</span> <span class='ocrx_word' id='word_1_19' title='bbox 665 160 669 168; x_wconf 73' lang='lat' dir='ltr'>v</span> <span class='ocrx_word' id='word_1_20' title='bbox 702 151 725 165; x_wconf 59' lang='lat' dir='ltr'><strong>i*</strong></span> <span class='ocrx_word' id='word_1_21' title='bbox 755 130 805 169; x_wconf 35' lang='lat' dir='ltr'>&#39;&#39;O-&#39;st</span> <span class='ocrx_word' id='word_1_22' title='bbox 819 117 930 165; x_wconf 53' lang='lat'><strong>⁷:³4.:‘34⁵‘⁸¹;.&#39;&#39;</strong></span> <span class='ocrx_word' id='word_1_23' title='bbox 969 120 1015 148; x_wconf 25' lang='lat'><strong>*³2⁸³</strong></span> <span class='ocrx_word' id='word_1_24' title='bbox 1030 130 1038 141; x_wconf 61' lang='lat'><strong>·</strong></span> <span class='ocrx_word' id='word_1_25' title='bbox 1070 138 1087 152; x_wconf 45' lang='grc' dir='ltr'><strong>’Δ</strong></span> <span class='ocrx_word' id='word_1_26' title='bbox 1100 150 1107 159; x_wconf 79' lang='grc'><strong>’</strong></span> <span class='ocrx_word' id='word_1_27' title='bbox 1118 155 1123 165; x_wconf 77' lang='grc' dir='ltr'>ι</span> <span class='ocrx_word' id='word_1_28' title='bbox 1136 155 1145 168; x_wconf 63' lang='lat' dir='ltr'><em>a</em></span> <span class='ocrx_word' id='word_1_29' title='bbox 1160 159 1165 166; x_wconf 48' lang='grc' dir='ltr'><strong><em>ι</em></strong></span> <span class='ocrx_word' id='word_1_30' title='bbox 1191 156 1196 164; x_wconf 78' lang='grc' dir='ltr'><strong><em>ε</em></strong></span> <span class='ocrx_word' id='word_1_31' title='bbox 1260 142 1264 153; x_wconf 62' lang='lat'><strong><em>⁴</em></strong></span> <span class='ocrx_word' id='word_1_32' title='bbox 1294 152 1333 167; x_wconf 64' lang='lat' dir='ltr'><strong>-ne</strong></span> <span class='ocrx_word' id='word_1_33' title='bbox 1374 136 1392 155; x_wconf 54' lang='grc' dir='ltr'><strong>Ι·</strong></span> <span class='ocrx_word' id='word_1_34' title='bbox 1407 142 1418 165; x_wconf 64' lang='grc' dir='ltr'><strong>’ν</strong></span> <span class='ocrx_word' id='word_1_35' title='bbox 1457 160 1461 167; x_wconf 57' lang='lat' dir='ltr'><strong>a</strong></span> 
     </span>
     <span class='ocr_line' id='line_1_3' title="bbox 105 134 1666 221; baseline -0.004 -22"><span class='ocrx_word' id='word_1_36' title='bbox 105 180 107 191; x_wconf 73' lang='grc' dir='ltr'>ι</span> <span class='ocrx_word' id='word_1_37' title='bbox 201 156 232 193; x_wconf 77' lang='lat'><strong>.‘:</strong></span> <span class='ocrx_word' id='word_1_38' title='bbox 262 134 400 209; x_wconf 52' lang='grc' dir='ltr'><strong>9ῗῖῌῇ</strong></span> <span class='ocrx_word' id='word_1_39' title='bbox 448 154 480 221; x_wconf 89' lang='grc' dir='ltr'>Γ</span> <span class='ocrx_word' id='word_1_40' title='bbox 497 151 724 196; x_wconf 44' lang='grc' dir='ltr'><strong>πΐηυνευμςὴυωε·</strong></span> <span class='ocrx_word' id='word_1_41' title='bbox 759 168 762 175; x_wconf 89' lang='grc'><strong><em>·</em></strong></span> <span class='ocrx_word' id='word_1_42' title='bbox 805 161 871 203; x_wconf 64' lang='lat' dir='ltr'><strong>,pv-a</strong></span> <span class='ocrx_word' id='word_1_43' title='bbox 1110 162 1128 177; x_wconf 59' lang='lat'><strong>¹·</strong></span> <span class='ocrx_word' id='word_1_44' title='bbox 1149 166 1153 175; x_wconf 90' lang='lat'><em>·</em></span> <span class='ocrx_word' id='word_1_45' title='bbox 1180 182 1185 191; x_wconf 54' lang='lat'><em>1</em></span> <span class='ocrx_word' id='word_1_46' title='bbox 1234 162 1240 194; x_wconf 67' lang='lat'><em>5</em></span> <span class='ocrx_word' id='word_1_47' title='bbox 1275 173 1302 189; x_wconf 64' lang='lat'><strong>«-</strong></span> <span class='ocrx_word' id='word_1_48' title='bbox 1346 158 1355 183; x_wconf 84' lang='lat'><strong>&#39;·</strong></span> <span class='ocrx_word' id='word_1_49' title='bbox 1375 153 1385 175; x_wconf 88' lang='lat'><strong><em>‘</em></strong></span> <span class='ocrx_word' id='word_1_50' title='bbox 1406 182 1422 205; x_wconf 37' lang='grc' dir='ltr'><em>Α</em></span> <span class='ocrx_word' id='word_1_51' title='bbox 1440 163 1510 205; x_wconf 51' lang='lat' dir='ltr'><strong>a„</strong></span> <span class='ocrx_word' id='word_1_52' title='bbox 1535 162 1546 180; x_wconf 91' lang='lat'><strong>··</strong></span> <span class='ocrx_word' id='word_1_53' title='bbox 1638 187 1666 200; x_wconf 92' lang='lat'><strong>.,</strong></span> 
     </span>
     <span class='ocr_line' id='line_1_4' title="bbox 105 186 1581 233; baseline -0.001 -9"><span class='ocrx_word' id='word_1_54' title='bbox 105 199 137 217; x_wconf 74' lang='lat'><strong>²·;</strong></span> <span class='ocrx_word' id='word_1_55' title='bbox 173 210 187 224; x_wconf 84' lang='lat'><strong>.=</strong></span> <span class='ocrx_word' id='word_1_56' title='bbox 230 192 625 227; x_wconf 44' lang='lat' dir='ltr'><strong>.··1⁹05⁵·.&#39;··s·l&#39;&#39;·¹s⁴&#39;&#39;&#39;&#39;‘.=&#39;⁸⁴ae⁸.</strong></span> <span class='ocrx_word' id='word_1_57' title='bbox 653 192 778 229; x_wconf 48' lang='lat' dir='ltr'><strong>‘&#39;susq-R</strong></span> <span class='ocrx_word' id='word_1_58' title='bbox 804 186 953 233; x_wconf 41' lang='lat' dir='ltr'>..qumw</span> <span class='ocrx_word' id='word_1_59' title='bbox 981 203 1016 228; x_wconf 77' lang='lat'><strong>·.&#39;‹</strong></span> <span class='ocrx_word' id='word_1_60' title='bbox 1069 213 1074 223; x_wconf 64' lang='lat' dir='ltr'><strong>a</strong></span> <span class='ocrx_word' id='word_1_61' title='bbox 1109 194 1132 208; x_wconf 81' lang='lat'><strong>&#39;¹</strong></span> <span class='ocrx_word' id='word_1_62' title='bbox 1157 194 1164 203; x_wconf 71' lang='lat'><em>⁴</em></span> <span class='ocrx_word' id='word_1_63' title='bbox 1186 198 1191 208; x_wconf 63' lang='lat'>³</span> <span class='ocrx_word' id='word_1_64' title='bbox 1215 196 1220 210; x_wconf 82' lang='grc'><em>’</em></span> <span class='ocrx_word' id='word_1_65' title='bbox 1247 188 1314 217; x_wconf 53' lang='lat'><strong>“³¹⁵⁸</strong></span> <span class='ocrx_word' id='word_1_66' title='bbox 1338 192 1381 205; x_wconf 56' lang='grc' dir='ltr'>Ἠ</span> <span class='ocrx_word' id='word_1_67' title='bbox 1423 188 1428 202; x_wconf 57' lang='lat'>⁴</span> <span class='ocrx_word' id='word_1_68' title='bbox 1473 206 1476 213; x_wconf 85' lang='lat'><strong>¹</strong></span> <span class='ocrx_word' id='word_1_69' title='bbox 1578 198 1581 205; x_wconf 84' lang='lat'><strong>¹</strong></span> 
     </span>
     <span class='ocr_line' id='line_1_5' title="bbox 116 222 1064 246; baseline -0.004 -9"><span class='ocrx_word' id='word_1_70' title='bbox 116 224 121 233; x_wconf 91' lang='lat'><strong><em>¹</em></strong></span> <span class='ocrx_word' id='word_1_71' title='bbox 274 226 294 245; x_wconf 66' lang='lat' dir='ltr'><strong>r·</strong></span> <span class='ocrx_word' id='word_1_72' title='bbox 327 227 355 246; x_wconf 46' lang='lat'><strong>·&#39;</strong></span> <span class='ocrx_word' id='word_1_73' title='bbox 392 226 430 244; x_wconf 46' lang='lat' dir='ltr'><strong>¹1.ae</strong></span> <span class='ocrx_word' id='word_1_74' title='bbox 485 225 544 245; x_wconf 56' lang='lat'><strong>⁸³1¹:</strong></span> <span class='ocrx_word' id='word_1_75' title='bbox 660 239 662 242; x_wconf 70' lang='lat'>‚</span> <span class='ocrx_word' id='word_1_76' title='bbox 794 222 828 242; x_wconf 50' lang='grc'><strong>.-</strong></span> <span class='ocrx_word' id='word_1_77' title='bbox 855 226 881 235; x_wconf 67' lang='lat' dir='ltr'><strong>n„</strong></span> <span class='ocrx_word' id='word_1_78' title='bbox 906 223 916 236; x_wconf 69' lang='lat' dir='ltr'><em>n</em></span> <span class='ocrx_word' id='word_1_79' title='bbox 944 224 962 246; x_wconf 55' lang='lat' dir='ltr'><strong>&#39;g</strong></span> <span class='ocrx_word' id='word_1_80' title='bbox 1009 234 1013 242; x_wconf 45' lang='grc' dir='ltr'>ι</span> <span class='ocrx_word' id='word_1_81' title='bbox 1043 226 1064 245; x_wconf 58' lang='lat'><strong>.-</strong></span> 
     </span>
     <span class='ocr_line' id='line_1_6' title="bbox 255 250 973 278; baseline 0.001 -14"><span class='ocrx_word' id='word_1_82' title='bbox 255 259 265 277; x_wconf 38' lang='lat'><strong>.¹</strong></span> <span class='ocrx_word' id='word_1_83' title='bbox 298 268 320 278; x_wconf 40' lang='grc' dir='ltr'>Γ</span> <span class='ocrx_word' id='word_1_84' title='bbox 467 258 470 265; x_wconf 84' lang='grc'>.</span> <span class='ocrx_word' id='word_1_85' title='bbox 686 257 688 261; x_wconf 66' lang='lat'><strong>,</strong></span> <span class='ocrx_word' id='word_1_86' title='bbox 898 250 902 262; x_wconf 69' lang='lat' dir='ltr'><strong>s</strong></span> <span class='ocrx_word' id='word_1_87' title='bbox 968 255 973 263; x_wconf 63' lang='grc' dir='ltr'>ι</span> 
     </span>
     <span class='ocr_line' id='line_1_7' title="bbox 305 288 884 307; baseline 0 0"><span class='ocrx_word' id='word_1_88' title='bbox 305 289 308 292; x_wconf 45' lang='grc'><strong><em>’</em></strong></span> <span class='ocrx_word' id='word_1_89' title='bbox 378 298 382 307; x_wconf 86' lang='grc' dir='ltr'>Ι</span> <span class='ocrx_word' id='word_1_90' title='bbox 570 296 573 303; x_wconf 78' lang='lat'><strong>¹</strong></span> <span class='ocrx_word' id='word_1_91' title='bbox 616 288 620 293; x_wconf 31' lang='grc' dir='ltr'><strong><em>ᾖ</em></strong></span> <span class='ocrx_word' id='word_1_92' title='bbox 880 300 884 307; x_wconf 89' lang='grc' dir='ltr'><strong><em>Ι</em></strong></span> 
     </span>
    </p>
   </div>
   <div class='ocr_carea' id='block_1_2' title="bbox 175 486 1696 4981">
    <p class='ocr_par' dir='ltr' id='par_1_2' title="bbox 270 486 1696 1448">
     <span class='ocr_line' id='line_1_8' title="bbox 273 486 332 547; baseline 0 0"><span class='ocrx_word' id='word_1_93' title='bbox 273 486 332 547; x_wconf 70' lang='lat'><strong>120</strong></span> 
     </span>
     <span class='ocr_line' id='line_1_9' title="bbox 272 633 1600 730; baseline -0.002 -26"><span class='ocrx_word' id='word_1_94' title='bbox 272 659 393 728; x_wconf 80' lang='lat' dir='ltr'>evang.</span> <span class='ocrx_word' id='word_1_95' title='bbox 414 640 520 727; x_wconf 82' lang='lat'><strong>15,1),</strong></span> <span class='ocrx_word' id='word_1_96' title='bbox 535 636 672 703; x_wconf 79' lang='lat' dir='ltr'><strong>fallaces</strong></span> <span class='ocrx_word' id='word_1_97' title='bbox 684 639 765 728; x_wconf 91' lang='lat' dir='ltr'><strong>quia</strong></span> <span class='ocrx_word' id='word_1_98' title='bbox 784 640 989 730; x_wconf 89' lang='lat' dir='ltr'><strong>promittunt</strong></span> <span class='ocrx_word' id='word_1_99' title='bbox 1003 636 1094 724; x_wconf 93' lang='lat' dir='ltr'><strong>quod</strong></span> <span class='ocrx_word' id='word_1_100' title='bbox 1109 659 1179 705; x_wconf 91' lang='lat' dir='ltr'><strong>non</strong></span> <span class='ocrx_word' id='word_1_101' title='bbox 1193 636 1290 715; x_wconf 87' lang='lat' dir='ltr'><strong>dant,</strong></span> <span class='ocrx_word' id='word_1_102' title='bbox 1313 640 1394 725; x_wconf 93' lang='lat' dir='ltr'><strong>quia</strong></span> <span class='ocrx_word' id='word_1_103' title='bbox 1413 635 1456 703; x_wconf 94' lang='lat' dir='ltr'><strong>ab</strong></span> <span class='ocrx_word' id='word_1_104' title='bbox 1478 633 1600 701; x_wconf 82' lang='lat' dir='ltr'><strong>itinere</strong></span> 
     </span>
     <span class='ocr_line' id='line_1_10' title="bbox 271 740 1599 832; baseline -0.007 -19"><span class='ocrx_word' id='word_1_105' title='bbox 271 746 386 813; x_wconf 88' lang='lat' dir='ltr'><strong>salutis</strong></span> <span class='ocrx_word' id='word_1_106' title='bbox 399 745 531 812; x_wconf 80' lang='lat' dir='ltr'><strong>iaciunt</strong></span> <span class='ocrx_word' id='word_1_107' title='bbox 545 741 683 811; x_wconf 91' lang='lat' dir='ltr'><strong>deviare</strong></span> <span class='ocrx_word' id='word_1_108' title='bbox 695 752 728 812; x_wconf 90' lang='lat' dir='ltr'><strong>et</strong></span> <span class='ocrx_word' id='word_1_109' title='bbox 741 747 919 824; x_wconf 88' lang='lat' dir='ltr'><strong>aberrare;</strong></span> <span class='ocrx_word' id='word_1_110' title='bbox 934 742 978 808; x_wconf 87' lang='lat' dir='ltr'><strong>cf.</strong></span> <span class='ocrx_word' id='word_1_111' title='bbox 996 749 1011 807; x_wconf 84' lang='lat'>1</span> <span class='ocrx_word' id='word_1_112' title='bbox 1029 745 1113 811; x_wconf 87' lang='lat' dir='ltr'><strong>Tim.</strong></span> <span class='ocrx_word' id='word_1_113' title='bbox 1132 751 1205 826; x_wconf 84' lang='lat'><strong>6,9;</strong></span> <span class='ocrx_word' id='word_1_114' title='bbox 1221 752 1253 806; x_wconf 87' lang='lat' dir='ltr'><strong>et</strong></span> <span class='ocrx_word' id='word_1_115' title='bbox 1267 740 1357 808; x_wconf 86' lang='lat' dir='ltr'><strong>circa</strong></span> <span class='ocrx_word' id='word_1_116' title='bbox 1372 744 1503 832; x_wconf 79' lang='lat' dir='ltr'><strong>reliqua</strong></span> <span class='ocrx_word' id='word_1_117' title='bbox 1519 762 1599 805; x_wconf 83' lang='lat' dir='ltr'><strong>con-</strong></span> 
     </span>
     <span class='ocr_line' id='line_1_11' title="bbox 271 847 1599 943; baseline -0.007 -23"><span class='ocrx_word' id='word_1_118' title='bbox 271 849 498 943; x_wconf 67' lang='lat' dir='ltr'><strong>cupiscentiae</strong></span> <span class='ocrx_word' id='word_1_119' title='bbox 508 848 715 919; x_wconf 83' lang='lat' dir='ltr'><strong>introeuntes</strong></span> <span class='ocrx_word' id='word_1_120' title='bbox 728 853 902 942; x_wconf 73' lang='lat' dir='ltr'><strong>suffocant</strong></span> <span class='ocrx_word' id='word_1_121' title='bbox 913 847 1051 916; x_wconf 65' lang='lat' dir='ltr'><strong>verbum</strong></span> <span class='ocrx_word' id='word_1_122' title='bbox 1067 863 1100 917; x_wconf 86' lang='lat' dir='ltr'><strong>et</strong></span> <span class='ocrx_word' id='word_1_123' title='bbox 1115 851 1184 917; x_wconf 81' lang='lat' dir='ltr'><strong>sine</strong></span> <span class='ocrx_word' id='word_1_124' title='bbox 1199 848 1316 935; x_wconf 80' lang='lat' dir='ltr'><strong>fructu</strong></span> <span class='ocrx_word' id='word_1_125' title='bbox 1328 850 1484 937; x_wconf 74' lang='lat' dir='ltr'><strong>efficit-zu,</strong></span> <span class='ocrx_word' id='word_1_126' title='bbox 1501 848 1599 936; x_wconf 91' lang='lat' dir='ltr'><strong>cupi-</strong></span> 
     </span>
     <span class='ocr_line' id='line_1_12' title="bbox 270 953 1600 1048; baseline -0.006 -23"><span class='ocrx_word' id='word_1_127' title='bbox 270 958 393 1025; x_wconf 89' lang='lat' dir='ltr'><strong>ditates</strong></span> <span class='ocrx_word' id='word_1_128' title='bbox 406 977 495 1044; x_wconf 89' lang='lat' dir='ltr'><strong>quae</strong></span> <span class='ocrx_word' id='word_1_129' title='bbox 512 955 606 1024; x_wconf 86' lang='lat' dir='ltr'><strong>circa</strong></span> <span class='ocrx_word' id='word_1_130' title='bbox 622 958 771 1048; x_wconf 89' lang='lat' dir='ltr'><strong>reliqua,</strong></span> <span class='ocrx_word' id='word_1_131' title='bbox 789 954 996 1044; x_wconf 86' lang='lat' dir='ltr'><strong>voluptates,</strong></span> <span class='ocrx_word' id='word_1_132' title='bbox 1016 957 1178 1034; x_wconf 84' lang='lat' dir='ltr'>honores,</span> <span class='ocrx_word' id='word_1_133' title='bbox 1203 953 1384 1020; x_wconf 89' lang='lat' dir='ltr'><strong>vindictam</strong></span> <span class='ocrx_word' id='word_1_134' title='bbox 1399 953 1600 1044; x_wconf 79' lang='lat' dir='ltr'>capiendam</span> 
     </span>
     <span class='ocr_line' id='line_1_13' title="bbox 270 1059 1696 1150; baseline -0.006 -19"><span class='ocrx_word' id='word_1_135' title='bbox 270 1065 313 1131; x_wconf 94' lang='lat' dir='ltr'><strong>de</strong></span> <span class='ocrx_word' id='word_1_136' title='bbox 325 1060 472 1141; x_wconf 84' lang='lat' dir='ltr'><strong>iniuriis,</strong></span> <span class='ocrx_word' id='word_1_137' title='bbox 487 1063 657 1130; x_wconf 91' lang='lat' dir='ltr'><strong>invidiam</strong></span> <span class='ocrx_word' id='word_1_138' title='bbox 668 1067 732 1130; x_wconf 90' lang='lat' dir='ltr'><strong>etc.</strong></span> <span class='ocrx_word' id='word_1_139' title='bbox 745 1061 878 1127; x_wconf 89' lang='lat' dir='ltr'><strong>animos</strong></span> <span class='ocrx_word' id='word_1_140' title='bbox 887 1062 1036 1129; x_wconf 87' lang='lat' dir='ltr'><strong>subeunt</strong></span> <span class='ocrx_word' id='word_1_141' title='bbox 1046 1068 1080 1128; x_wconf 89' lang='lat' dir='ltr'><strong>et</strong></span> <span class='ocrx_word' id='word_1_142' title='bbox 1088 1066 1270 1150; x_wconf 89' lang='lat' dir='ltr'><strong>occupant,</strong></span> <span class='ocrx_word' id='word_1_143' title='bbox 1284 1059 1442 1143; x_wconf 88' lang='lat' dir='ltr'><strong>verbum,</strong></span> <span class='ocrx_word' id='word_1_144' title='bbox 1460 1061 1520 1128; x_wconf 89' lang='lat' dir='ltr'><strong>etsi</strong></span> <span class='ocrx_word' id='word_1_145' title='bbox 1531 1061 1601 1125; x_wconf 87' lang='lat' dir='ltr'><strong>iam</strong></span> <span class='ocrx_word' id='word_1_146' title='bbox 1690 1061 1696 1072; x_wconf 82' lang='lat'>‘</span> 
     </span>
     <span class='ocr_line' id='line_1_14' title="bbox 272 1165 1602 1257; baseline -0.004 -22"><span class='ocrx_word' id='word_1_147' title='bbox 272 1166 403 1235; x_wconf 85' lang='lat' dir='ltr'><strong>radices</strong></span> <span class='ocrx_word' id='word_1_148' title='bbox 412 1169 485 1255; x_wconf 91' lang='lat' dir='ltr'><strong>egit</strong></span> <span class='ocrx_word' id='word_1_149' title='bbox 497 1175 530 1236; x_wconf 90' lang='lat' dir='ltr'><strong>et</strong></span> <span class='ocrx_word' id='word_1_150' title='bbox 540 1169 660 1248; x_wconf 87' lang='lat' dir='ltr'><strong>crevit,</strong></span> <span class='ocrx_word' id='word_1_151' title='bbox 676 1166 856 1234; x_wconf 86' lang='lat' dir='ltr'><strong>suffocant.</strong></span> <span class='ocrx_word' id='word_1_152' title='bbox 870 1167 1044 1235; x_wconf 88' lang='lat' dir='ltr'><strong>ludicatur</strong></span> <span class='ocrx_word' id='word_1_153' title='bbox 1060 1169 1177 1255; x_wconf 91' lang='lat' dir='ltr'><strong>itaque</strong></span> <span class='ocrx_word' id='word_1_154' title='bbox 1189 1165 1379 1257; x_wconf 91' lang='lat' dir='ltr'><strong>periculum</strong></span> <span class='ocrx_word' id='word_1_155' title='bbox 1390 1166 1483 1254; x_wconf 91' lang='lat' dir='ltr'><strong>quod</strong></span> <span class='ocrx_word' id='word_1_156' title='bbox 1499 1168 1602 1233; x_wconf 90' lang='lat' dir='ltr'><strong>instat</strong></span> 
     </span>
     <span class='ocr_line' id='line_1_15' title="bbox 270 1271 1599 1363; baseline -0.006 -21"><span class='ocrx_word' id='word_1_157' title='bbox 270 1295 415 1361; x_wconf 82' lang='lat' dir='ltr'><strong>semper,</strong></span> <span class='ocrx_word' id='word_1_158' title='bbox 434 1276 583 1342; x_wconf 89' lang='lat' dir='ltr'><strong>etiamsi</strong></span> <span class='ocrx_word' id='word_1_159' title='bbox 599 1274 757 1363; x_wconf 90' lang='lat' dir='ltr'><strong>quisiam</strong></span> <span class='ocrx_word' id='word_1_160' title='bbox 768 1271 1095 1341; x_wconf 87' lang='lat' dir='ltr'><strong>diutiussecundum</strong></span> <span class='ocrx_word' id='word_1_161' title='bbox 1114 1294 1271 1340; x_wconf 89' lang='lat' dir='ltr'><strong>normam</strong></span> <span class='ocrx_word' id='word_1_162' title='bbox 1289 1272 1461 1338; x_wconf 87' lang='lat' dir='ltr'><strong>doctrinae</strong></span> <span class='ocrx_word' id='word_1_163' title='bbox 1478 1273 1599 1339; x_wconf 81' lang='lat' dir='ltr'><strong>Christi</strong></span> 
     </span>
     <span class='ocr_line' id='line_1_16' title="bbox 271 1380 593 1448; baseline 0.006 -3"><span class='ocrx_word' id='word_1_164' title='bbox 271 1380 456 1448; x_wconf 87' lang='lat' dir='ltr'><strong>instituerit</strong></span> <span class='ocrx_word' id='word_1_165' title='bbox 474 1381 593 1447; x_wconf 90' lang='lat' dir='ltr'><strong>vitam.</strong></span> 
     </span>
    </p>

    <p class='ocr_par' dir='ltr' id='par_1_3' title="bbox 175 1485 1608 2957">
     <span class='ocr_line' id='line_1_17' title="bbox 316 1485 1601 1575; baseline -0.002 -23"><span class='ocrx_word' id='word_1_166' title='bbox 316 1487 545 1574; x_wconf 86' lang='lat' dir='ltr'><strong>Designantur</strong></span> <span class='ocrx_word' id='word_1_167' title='bbox 561 1486 699 1572; x_wconf 88' lang='lat' dir='ltr'><strong>igitura</strong></span> <span class='ocrx_word' id='word_1_168' title='bbox 714 1488 846 1554; x_wconf 88' lang='lat' dir='ltr'><strong>Christo</strong></span> <span class='ocrx_word' id='word_1_169' title='bbox 865 1493 934 1554; x_wconf 87' lang='lat' dir='ltr'><strong>tres</strong></span> <span class='ocrx_word' id='word_1_170' title='bbox 948 1485 1005 1552; x_wconf 92' lang='lat' dir='ltr'><strong>illi</strong></span> <span class='ocrx_word' id='word_1_171' title='bbox 1023 1486 1140 1553; x_wconf 84' lang='lat' dir='ltr'><strong>salutis</strong></span> <span class='ocrx_word' id='word_1_172' title='bbox 1159 1486 1341 1552; x_wconf 88' lang='lat' dir='ltr'><strong>adversarii</strong></span> <span class='ocrx_word' id='word_1_173' title='bbox 1357 1507 1442 1575; x_wconf 91' lang='lat' dir='ltr'><strong>quos</strong></span> <span class='ocrx_word' id='word_1_174' title='bbox 1455 1505 1601 1571; x_wconf 83' lang='lat' dir='ltr'><strong>genera-</strong></span> 
     </span>
     <span class='ocr_line' id='line_1_18' title="bbox 271 1590 1601 1683; baseline -0.002 -26"><span class='ocrx_word' id='word_1_175' title='bbox 271 1593 332 1658; x_wconf 92' lang='lat' dir='ltr'><strong>tim</strong></span> <span class='ocrx_word' id='word_1_176' title='bbox 348 1593 521 1683; x_wconf 86' lang='lat' dir='ltr'><strong>appellare</strong></span> <span class='ocrx_word' id='word_1_177' title='bbox 535 1591 685 1659; x_wconf 91' lang='lat' dir='ltr'><strong>solemus</strong></span> <span class='ocrx_word' id='word_1_178' title='bbox 699 1601 855 1659; x_wconf 88' lang='lat' dir='ltr'><strong>satanam</strong></span> <span class='ocrx_word' id='word_1_179' title='bbox 865 1642 878 1673; x_wconf 78' lang='lat'><strong>,.</strong></span> <span class='ocrx_word' id='word_1_180' title='bbox 889 1591 1075 1674; x_wconf 89' lang='lat' dir='ltr'><strong>mundum,</strong></span> <span class='ocrx_word' id='word_1_181' title='bbox 1093 1613 1247 1673; x_wconf 82' lang='lat' dir='ltr'><strong>carnem3</strong></span> <span class='ocrx_word' id='word_1_182' title='bbox 1267 1591 1433 1658; x_wconf 92' lang='lat' dir='ltr'><strong>mundum</strong></span> <span class='ocrx_word' id='word_1_183' title='bbox 1448 1590 1601 1676; x_wconf 76' lang='lat' dir='ltr'><strong>intellige</strong></span> 
     </span>
     <span class='ocr_line' id='line_1_19' title="bbox 271 1697 1603 1789; baseline -0.002 -25"><span class='ocrx_word' id='word_1_184' title='bbox 271 1697 425 1766; x_wconf 89' lang='lat' dir='ltr'><strong>homines</strong></span> <span class='ocrx_word' id='word_1_185' title='bbox 436 1699 497 1789; x_wconf 95' lang='lat' dir='ltr'><strong>qui</strong></span> <span class='ocrx_word' id='word_1_186' title='bbox 509 1699 759 1787; x_wconf 82' lang='lat' dir='ltr'><strong>persecutiones</strong></span> <span class='ocrx_word' id='word_1_187' title='bbox 772 1703 925 1778; x_wconf 90' lang='lat' dir='ltr'><strong>movent,</strong></span> <span class='ocrx_word' id='word_1_188' title='bbox 942 1699 1001 1788; x_wconf 91' lang='lat' dir='ltr'><strong>qui</strong></span> <span class='ocrx_word' id='word_1_189' title='bbox 1016 1699 1120 1764; x_wconf 89' lang='lat' dir='ltr'><strong>variis</strong></span> <span class='ocrx_word' id='word_1_190' title='bbox 1134 1697 1243 1764; x_wconf 88' lang='lat' dir='ltr'><strong>modis</strong></span> <span class='ocrx_word' id='word_1_191' title='bbox 1254 1698 1338 1764; x_wconf 88' lang='lat' dir='ltr'><strong>alios</strong></span> <span class='ocrx_word' id='word_1_192' title='bbox 1351 1720 1373 1764; x_wconf 88' lang='lat' dir='ltr'><strong>a</strong></span> <span class='ocrx_word' id='word_1_193' title='bbox 1385 1697 1492 1764; x_wconf 89' lang='lat' dir='ltr'><strong>salute</strong></span> <span class='ocrx_word' id='word_1_194' title='bbox 1507 1718 1603 1763; x_wconf 88' lang='lat' dir='ltr'><strong>aver-</strong></span> 
     </span>
     <span class='ocr_line' id='line_1_20' title="bbox 271 1803 1599 1895; baseline -0.003 -23"><span class='ocrx_word' id='word_1_195' title='bbox 271 1809 342 1872; x_wconf 88' lang='lat' dir='ltr'><strong>tere</strong></span> <span class='ocrx_word' id='word_1_196' title='bbox 351 1804 503 1885; x_wconf 82' lang='lat' dir='ltr'><strong>student,</strong></span> <span class='ocrx_word' id='word_1_197' title='bbox 516 1825 655 1871; x_wconf 87' lang='lat' dir='ltr'><strong>carnem</strong></span> <span class='ocrx_word' id='word_1_198' title='bbox 668 1807 770 1871; x_wconf 90' lang='lat' dir='ltr'><strong>etiam</strong></span> <span class='ocrx_word' id='word_1_199' title='bbox 784 1806 894 1895; x_wconf 89' lang='lat' dir='ltr'><strong>ipsam</strong></span> <span class='ocrx_word' id='word_1_200' title='bbox 906 1810 1067 1872; x_wconf 90' lang='lat' dir='ltr'><strong>naturam</strong></span> <span class='ocrx_word' id='word_1_201' title='bbox 1080 1805 1229 1871; x_wconf 89' lang='lat' dir='ltr'><strong>hominis</strong></span> <span class='ocrx_word' id='word_1_202' title='bbox 1243 1803 1287 1870; x_wconf 90' lang='lat' dir='ltr'><strong>ad</strong></span> <span class='ocrx_word' id='word_1_203' title='bbox 1301 1805 1429 1871; x_wconf 87' lang='lat' dir='ltr'><strong>malum</strong></span> <span class='ocrx_word' id='word_1_204' title='bbox 1441 1824 1599 1893; x_wconf 89' lang='lat' dir='ltr'><strong>pronam.</strong></span> 
     </span>
     <span class='ocr_line' id='line_1_21' title="bbox 272 1909 1600 2001; baseline -0.003 -23"><span class='ocrx_word' id='word_1_205' title='bbox 272 1917 375 1978; x_wconf 85' lang='lat' dir='ltr'><strong>Porro</strong></span> <span class='ocrx_word' id='word_1_206' title='bbox 395 1909 590 1986; x_wconf 85' lang='lat' dir='ltr'><strong>declaratur</strong></span> <span class='ocrx_word' id='word_1_207' title='bbox 613 1932 684 1977; x_wconf 91' lang='lat' dir='ltr'><strong>esse</strong></span> <span class='ocrx_word' id='word_1_208' title='bbox 706 1912 898 2001; x_wconf 86' lang='lat' dir='ltr'><strong>periculum</strong></span> <span class='ocrx_word' id='word_1_209' title='bbox 918 1934 961 1979; x_wconf 92' lang='lat' dir='ltr'><strong>ne</strong></span> <span class='ocrx_word' id='word_1_210' title='bbox 975 1911 1121 1978; x_wconf 88' lang='lat' dir='ltr'><strong>verbum</strong></span> <span class='ocrx_word' id='word_1_211' title='bbox 1136 1911 1274 1976; x_wconf 92' lang='lat' dir='ltr'><strong>omnino</strong></span> <span class='ocrx_word' id='word_1_212' title='bbox 1293 1932 1362 1977; x_wconf 94' lang='lat' dir='ltr'><strong>non</strong></span> <span class='ocrx_word' id='word_1_213' title='bbox 1380 1911 1600 1999; x_wconf 87' lang='lat' dir='ltr'><strong>suscipiatur;</strong></span> 
     </span>
     <span class='ocr_line' id='line_1_22' title="bbox 175 2010 1601 2111; baseline -0.004 -25"><span class='ocrx_word' id='word_1_214' title='bbox 175 2075 181 2086; x_wconf 96' lang='lat'>.</span> <span class='ocrx_word' id='word_1_215' title='bbox 272 2016 333 2083; x_wconf 85' lang='lat' dir='ltr'><strong>etsi</strong></span> <span class='ocrx_word' id='word_1_216' title='bbox 348 2038 427 2083; x_wconf 91' lang='lat' dir='ltr'><strong>cum</strong></span> <span class='ocrx_word' id='word_1_217' title='bbox 441 2016 571 2103; x_wconf 88' lang='lat' dir='ltr'><strong>gaudio</strong></span> <span class='ocrx_word' id='word_1_218' title='bbox 586 2017 792 2106; x_wconf 87' lang='lat' dir='ltr'><strong>suscipiatur</strong></span> <span class='ocrx_word' id='word_1_219' title='bbox 804 2016 880 2084; x_wconf 89' lang='lat' dir='ltr'><strong>fieri</strong></span> <span class='ocrx_word' id='word_1_220' title='bbox 895 2039 1008 2108; x_wconf 89' lang='lat' dir='ltr'><strong>posse,</strong></span> <span class='ocrx_word' id='word_1_221' title='bbox 1027 2017 1189 2111; x_wconf 17' lang='lat' dir='ltr'><strong>uttiervor</strong></span> <span class='ocrx_word' id='word_1_222' title='bbox 1202 2017 1260 2083; x_wconf 93' lang='lat' dir='ltr'><strong>ille</strong></span> <span class='ocrx_word' id='word_1_223' title='bbox 1273 2018 1338 2083; x_wconf 85' lang='lat' dir='ltr'><strong>cito</strong></span> <span class='ocrx_word' id='word_1_224' title='bbox 1351 2010 1601 2102; x_wconf 63' lang='lat' dir='ltr'><strong>exstinguatum</strong></span> 
     </span>
     <span class='ocr_line' id='line_1_23' title="bbox 270 2121 1604 2212; baseline -0.001 -24"><span class='ocrx_word' id='word_1_225' title='bbox 270 2123 351 2189; x_wconf 88' lang='lat' dir='ltr'><strong>licet</strong></span> <span class='ocrx_word' id='word_1_226' title='bbox 364 2121 492 2189; x_wconf 90' lang='lat' dir='ltr'><strong>diutius</strong></span> <span class='ocrx_word' id='word_1_227' title='bbox 504 2123 575 2189; x_wconf 88' lang='lat' dir='ltr'><strong>iam</strong></span> <span class='ocrx_word' id='word_1_228' title='bbox 588 2123 626 2189; x_wconf 93' lang='lat' dir='ltr'><strong>in</strong></span> <span class='ocrx_word' id='word_1_229' title='bbox 640 2123 765 2190; x_wconf 88' lang='lat' dir='ltr'><strong>animis</strong></span> <span class='ocrx_word' id='word_1_230' title='bbox 779 2123 1043 2211; x_wconf 87' lang='lat' dir='ltr'><strong>germinaverit,</strong></span> <span class='ocrx_word' id='word_1_231' title='bbox 1063 2144 1130 2190; x_wconf 93' lang='lat' dir='ltr'><strong>uon</strong></span> <span class='ocrx_word' id='word_1_232' title='bbox 1148 2145 1219 2190; x_wconf 90' lang='lat' dir='ltr'><strong>esse</strong></span> <span class='ocrx_word' id='word_1_233' title='bbox 1233 2123 1423 2212; x_wconf 90' lang='lat' dir='ltr'><strong>putandum</strong></span> <span class='ocrx_word' id='word_1_234' title='bbox 1437 2124 1552 2189; x_wconf 89' lang='lat' dir='ltr'><strong>omnia</strong></span> <span class='ocrx_word' id='word_1_235' title='bbox 1568 2123 1604 2187; x_wconf 94' lang='lat' dir='ltr'><strong>in</strong></span> 
     </span>
     <span class='ocr_line' id='line_1_24' title="bbox 272 2227 1603 2321; baseline -0.001 -27"><span class='ocrx_word' id='word_1_236' title='bbox 272 2233 345 2295; x_wconf 89' lang='lat' dir='ltr'><strong>tuto</strong></span> <span class='ocrx_word' id='word_1_237' title='bbox 366 2249 436 2295; x_wconf 90' lang='lat' dir='ltr'><strong>esse</strong></span> <span class='ocrx_word' id='word_1_238' title='bbox 456 2227 631 2295; x_wconf 87' lang='lat' dir='ltr'><strong>collocata.</strong></span> <span class='ocrx_word' id='word_1_239' title='bbox 657 2232 765 2306; x_wconf 82' lang='lat' dir='ltr'><strong>Quare</strong></span> <span class='ocrx_word' id='word_1_240' title='bbox 780 2251 843 2320; x_wconf 87' lang='lat' dir='ltr'><strong>pro</strong></span> <span class='ocrx_word' id='word_1_241' title='bbox 866 2228 1028 2321; x_wconf 87' lang='lat' dir='ltr'><strong>apostolis</strong></span> <span class='ocrx_word' id='word_1_242' title='bbox 1043 2236 1078 2297; x_wconf 91' lang='lat' dir='ltr'><strong>et</strong></span> <span class='ocrx_word' id='word_1_243' title='bbox 1092 2228 1384 2319; x_wconf 82' lang='lat' dir='ltr'><strong>praedicatoribus</strong></span> <span class='ocrx_word' id='word_1_244' title='bbox 1400 2236 1433 2295; x_wconf 89' lang='lat' dir='ltr'><strong>et</strong></span> <span class='ocrx_word' id='word_1_245' title='bbox 1446 2228 1603 2295; x_wconf 91' lang='lat' dir='ltr'><strong>solatium</strong></span> 
     </span>
     <span class='ocr_line' id='line_1_25' title="bbox 272 2334 1605 2426; baseline -0.002 -24"><span class='ocrx_word' id='word_1_246' title='bbox 272 2335 462 2402; x_wconf 89' lang='lat' dir='ltr'><strong>continetur</strong></span> <span class='ocrx_word' id='word_1_247' title='bbox 480 2339 514 2401; x_wconf 91' lang='lat' dir='ltr'><strong>et</strong></span> <span class='ocrx_word' id='word_1_248' title='bbox 529 2334 698 2402; x_wconf 90' lang='lat' dir='ltr'><strong>institutio</strong></span> <span class='ocrx_word' id='word_1_249' title='bbox 717 2335 821 2426; x_wconf 91' lang='lat' dir='ltr'><strong>plane</strong></span> <span class='ocrx_word' id='word_1_250' title='bbox 841 2336 1044 2418; x_wconf 80' lang='lat' dir='ltr'><strong>necessaria3</strong></span> <span class='ocrx_word' id='word_1_251' title='bbox 1066 2335 1224 2402; x_wconf 91' lang='lat' dir='ltr'><strong>solatium</strong></span> <span class='ocrx_word' id='word_1_252' title='bbox 1238 2335 1311 2402; x_wconf 90' lang='lat' dir='ltr'><strong>scil.</strong></span> <span class='ocrx_word' id='word_1_253' title='bbox 1332 2358 1375 2402; x_wconf 93' lang='lat' dir='ltr'><strong>ne</strong></span> <span class='ocrx_word' id='word_1_254' title='bbox 1396 2335 1528 2402; x_wconf 88' lang='lat' dir='ltr'><strong>animos</strong></span> <span class='ocrx_word' id='word_1_255' title='bbox 1545 2334 1605 2400; x_wconf 87' lang='lat' dir='ltr'><strong>de-</strong></span> 
     </span>
     <span class='ocr_line' id='line_1_26' title="bbox 272 2432 1606 2533; baseline -0.002 -25"><span class='ocrx_word' id='word_1_256' title='bbox 272 2440 478 2532; x_wconf 84' lang='lat' dir='ltr'><strong>spondeant,</strong></span> <span class='ocrx_word' id='word_1_257' title='bbox 494 2441 523 2508; x_wconf 87' lang='lat' dir='ltr'><strong>si</strong></span> <span class='ocrx_word' id='word_1_258' title='bbox 538 2442 640 2509; x_wconf 90' lang='lat' dir='ltr'><strong>multi</strong></span> <span class='ocrx_word' id='word_1_259' title='bbox 656 2463 725 2509; x_wconf 92' lang='lat' dir='ltr'><strong>non</strong></span> <span class='ocrx_word' id='word_1_260' title='bbox 745 2442 892 2510; x_wconf 89' lang='lat' dir='ltr'><strong>credunt</strong></span> <span class='ocrx_word' id='word_1_261' title='bbox 909 2432 964 2509; x_wconf 71' lang='lat' dir='ltr'><strong>⁴vel</strong></span> <span class='ocrx_word' id='word_1_262' title='bbox 982 2448 1162 2533; x_wconf 89' lang='lat' dir='ltr'><strong>postquam</strong></span> <span class='ocrx_word' id='word_1_263' title='bbox 1181 2441 1405 2523; x_wconf 86' lang='lat' dir='ltr'><strong>crediderint,</strong></span> <span class='ocrx_word' id='word_1_264' title='bbox 1426 2463 1447 2507; x_wconf 91' lang='lat' dir='ltr'><strong>a</strong></span> <span class='ocrx_word' id='word_1_265' title='bbox 1466 2441 1532 2507; x_wconf 84' lang='lat' dir='ltr'><strong>fide</strong></span> <span class='ocrx_word' id='word_1_266' title='bbox 1552 2441 1606 2507; x_wconf 90' lang='lat' dir='ltr'><strong>vel</strong></span> 
     </span>
     <span class='ocr_line' id='line_1_27' title="bbox 273 2546 1603 2639; baseline -0.001 -25"><span class='ocrx_word' id='word_1_267' title='bbox 273 2546 396 2634; x_wconf 85' lang='lat' dir='ltr'><strong>regula</strong></span> <span class='ocrx_word' id='word_1_268' title='bbox 409 2568 545 2614; x_wconf 87' lang='lat' dir='ltr'><strong>morum</strong></span> <span class='ocrx_word' id='word_1_269' title='bbox 556 2547 733 2627; x_wconf 87' lang='lat' dir='ltr'><strong>deficiant;</strong></span> <span class='ocrx_word' id='word_1_270' title='bbox 750 2549 800 2615; x_wconf 88' lang='lat' dir='ltr'><strong>ita</strong></span> <span class='ocrx_word' id='word_1_271' title='bbox 811 2550 903 2616; x_wconf 92' lang='lat' dir='ltr'><strong>enim</strong></span> <span class='ocrx_word' id='word_1_272' title='bbox 915 2549 987 2616; x_wconf 86' lang='lat' dir='ltr'><strong>lore</strong></span> <span class='ocrx_word' id='word_1_273' title='bbox 1003 2549 1155 2615; x_wconf 85' lang='lat' dir='ltr'><strong>Christus</strong></span> <span class='ocrx_word' id='word_1_274' title='bbox 1167 2548 1335 2639; x_wconf 80' lang='lat' dir='ltr'><strong>praedixit</strong></span> <span class='ocrx_word' id='word_1_275' title='bbox 1349 2547 1413 2615; x_wconf 89' lang='lat' dir='ltr'><strong>bac</strong></span> <span class='ocrx_word' id='word_1_276' title='bbox 1424 2547 1603 2638; x_wconf 74' lang='lat' dir='ltr'><strong>parabola,</strong></span> 
     </span>
     <span class='ocr_line' id='line_1_28' title="bbox 273 2653 1607 2745; baseline -0.001 -24"><span class='ocrx_word' id='word_1_277' title='bbox 273 2654 440 2721; x_wconf 85' lang='lat' dir='ltr'><strong>institutio</strong></span> <span class='ocrx_word' id='word_1_278' title='bbox 460 2659 576 2722; x_wconf 88' lang='lat' dir='ltr'><strong>autem</strong></span> <span class='ocrx_word' id='word_1_279' title='bbox 597 2654 758 2737; x_wconf 88' lang='lat' dir='ltr'><strong>babetur,</strong></span> <span class='ocrx_word' id='word_1_280' title='bbox 776 2656 859 2745; x_wconf 89' lang='lat' dir='ltr'><strong>quia</strong></span> <span class='ocrx_word' id='word_1_281' title='bbox 876 2678 965 2745; x_wconf 89' lang='lat' dir='ltr'><strong>quae</strong></span> <span class='ocrx_word' id='word_1_282' title='bbox 980 2656 1183 2723; x_wconf 88' lang='lat' dir='ltr'><strong>immineant</strong></span> <span class='ocrx_word' id='word_1_283' title='bbox 1202 2655 1361 2722; x_wconf 86' lang='lat' dir='ltr'><strong>fidelibus</strong></span> <span class='ocrx_word' id='word_1_284' title='bbox 1377 2655 1531 2743; x_wconf 89' lang='lat' dir='ltr'><strong>pericula</strong></span> <span class='ocrx_word' id='word_1_285' title='bbox 1547 2653 1607 2719; x_wconf 92' lang='lat' dir='ltr'><strong>de-</strong></span> 
     </span>
     <span class='ocr_line' id='line_1_29' title="bbox 273 2759 1608 2851; baseline -0.001 -25"><span class='ocrx_word' id='word_1_286' title='bbox 273 2765 495 2843; x_wconf 86' lang='lat' dir='ltr'><strong>monstratur,</strong></span> <span class='ocrx_word' id='word_1_287' title='bbox 513 2766 552 2827; x_wconf 87' lang='lat' dir='ltr'><strong>ut</strong></span> <span class='ocrx_word' id='word_1_288' title='bbox 568 2761 610 2828; x_wconf 92' lang='lat' dir='ltr'><strong>iis</strong></span> <span class='ocrx_word' id='word_1_289' title='bbox 623 2782 684 2828; x_wconf 91' lang='lat' dir='ltr'><strong>suo</strong></span> <span class='ocrx_word' id='word_1_290' title='bbox 698 2766 851 2851; x_wconf 90' lang='lat' dir='ltr'><strong>tempore</strong></span> <span class='ocrx_word' id='word_1_291' title='bbox 868 2764 1031 2850; x_wconf 82' lang='lat' dir='ltr'><strong>congruis</strong></span> <span class='ocrx_word' id='word_1_292' title='bbox 1046 2766 1228 2828; x_wconf 89' lang='lat' dir='ltr'><strong>occurrant</strong></span> <span class='ocrx_word' id='word_1_293' title='bbox 1242 2761 1400 2827; x_wconf 87' lang='lat' dir='ltr'><strong>remediis</strong></span> <span class='ocrx_word' id='word_1_294' title='bbox 1414 2766 1447 2825; x_wconf 90' lang='lat' dir='ltr'><strong>et</strong></span> <span class='ocrx_word' id='word_1_295' title='bbox 1463 2759 1608 2826; x_wconf 90' lang='lat' dir='ltr'><strong>doceant</strong></span> 
     </span>
     <span class='ocr_line' id='line_1_30' title="bbox 273 2866 1392 2957; baseline -0.001 -24"><span class='ocrx_word' id='word_1_296' title='bbox 273 2866 450 2955; x_wconf 90' lang='lat' dir='ltr'><strong>quomodo</strong></span> <span class='ocrx_word' id='word_1_297' title='bbox 469 2866 679 2934; x_wconf 88' lang='lat' dir='ltr'><strong>ollendicula</strong></span> <span class='ocrx_word' id='word_1_298' title='bbox 696 2867 758 2935; x_wconf 89' lang='lat' dir='ltr'><strong>illa</strong></span> <span class='ocrx_word' id='word_1_299' title='bbox 776 2867 831 2935; x_wconf 88' lang='lat' dir='ltr'><strong>vel</strong></span> <span class='ocrx_word' id='word_1_300' title='bbox 848 2875 1090 2936; x_wconf 87' lang='lat' dir='ltr'><strong>removeantur</strong></span> <span class='ocrx_word' id='word_1_301' title='bbox 1108 2868 1162 2934; x_wconf 89' lang='lat' dir='ltr'><strong>vel</strong></span> <span class='ocrx_word' id='word_1_302' title='bbox 1180 2873 1392 2957; x_wconf 88' lang='lat' dir='ltr'><strong>superentur.</strong></span> 
     </span>
    </p>

    <p class='ocr_par' dir='ltr' id='par_1_4' title="bbox 181 2972 1612 4981">
     <span class='ocr_line' id='line_1_31' title="bbox 317 2972 1608 3066; baseline -0.002 -26"><span class='ocrx_word' id='word_1_303' title='bbox 317 2972 419 3040; x_wconf 76' lang='lat' dir='ltr'><strong>Aliud</strong></span> <span class='ocrx_word' id='word_1_304' title='bbox 437 2973 598 3040; x_wconf 91' lang='lat' dir='ltr'><strong>solatium</strong></span> <span class='ocrx_word' id='word_1_305' title='bbox 621 2973 714 3063; x_wconf 89' lang='lat' dir='ltr'><strong>quod</strong></span> <span class='ocrx_word' id='word_1_306' title='bbox 733 2975 845 3061; x_wconf 84' lang='lat' dir='ltr'><strong>magis</strong></span> <span class='ocrx_word' id='word_1_307' title='bbox 866 2979 1046 3066; x_wconf 82' lang='lat' dir='ltr'><strong>exoptatur</strong></span> <span class='ocrx_word' id='word_1_308' title='bbox 1061 2974 1213 3041; x_wconf 87' lang='lat' dir='ltr'><strong>Christus</strong></span> <span class='ocrx_word' id='word_1_309' title='bbox 1232 2974 1301 3040; x_wconf 90' lang='lat' dir='ltr'><strong>suis</strong></span> <span class='ocrx_word' id='word_1_310' title='bbox 1323 2973 1463 3063; x_wconf 83' lang='lat' dir='ltr'><strong>praebet</strong></span> <span class='ocrx_word' id='word_1_311' title='bbox 1487 2973 1608 3059; x_wconf 89' lang='lat' dir='ltr'><strong>legatis</strong></span> 
     </span>
     <span class='ocr_line' id='line_1_32' title="bbox 274 3077 1608 3169; baseline 0 -25"><span class='ocrx_word' id='word_1_312' title='bbox 274 3077 474 3169; x_wconf 88' lang='lat' dir='ltr'><strong>praedicens</strong></span> <span class='ocrx_word' id='word_1_313' title='bbox 495 3080 627 3146; x_wconf 84' lang='lat' dir='ltr'><strong>fructus</strong></span> <span class='ocrx_word' id='word_1_314' title='bbox 641 3080 830 3148; x_wconf 86' lang='lat' dir='ltr'><strong>exorituros</strong></span> <span class='ocrx_word' id='word_1_315' title='bbox 844 3103 916 3148; x_wconf 91' lang='lat' dir='ltr'><strong>esse</strong></span> <span class='ocrx_word' id='word_1_316' title='bbox 930 3103 970 3148; x_wconf 85' lang='lat' dir='ltr'><strong>ex</strong></span> <span class='ocrx_word' id='word_1_317' title='bbox 984 3102 1127 3148; x_wconf 87' lang='lat' dir='ltr'><strong>munere</strong></span> <span class='ocrx_word' id='word_1_318' title='bbox 1147 3080 1347 3167; x_wconf 89' lang='lat' dir='ltr'><strong>evangelico</strong></span> <span class='ocrx_word' id='word_1_319' title='bbox 1360 3079 1560 3146; x_wconf 91' lang='lat' dir='ltr'><strong>laetissimos</strong></span> <span class='ocrx_word' id='word_1_320' title='bbox 1575 3085 1608 3144; x_wconf 89' lang='lat' dir='ltr'><strong>et</strong></span> 
     </span>
     <span class='ocr_line' id='line_1_33' title="bbox 274 3184 1612 3279; baseline -0.002 -27"><span class='ocrx_word' id='word_1_321' title='bbox 274 3184 466 3252; x_wconf 86' lang='lat' dir='ltr'><strong>uberrimos</strong></span> <span class='ocrx_word' id='word_1_322' title='bbox 483 3207 515 3250; x_wconf 90' lang='lat' dir='ltr'><strong>v.</strong></span> <span class='ocrx_word' id='word_1_323' title='bbox 534 3191 577 3252; x_wconf 74' lang='lat'><strong>20</strong></span> <span class='ocrx_word' id='word_1_324' title='bbox 593 3197 627 3251; x_wconf 88' lang='lat' dir='ltr'><strong>ct</strong></span> <span class='ocrx_word' id='word_1_325' title='bbox 641 3185 680 3251; x_wconf 82' lang='lat' dir='ltr'><strong>lu&#39;</strong></span> <span class='ocrx_word' id='word_1_326' title='bbox 693 3198 772 3252; x_wconf 82' lang='lat' dir='ltr'><strong>sant</strong></span> <span class='ocrx_word' id='word_1_327' title='bbox 790 3188 854 3276; x_wconf 81' lang='lat' dir='ltr'><strong>qui</strong></span> <span class='ocrx_word' id='word_1_328' title='bbox 867 3209 969 3279; x_wconf 84' lang='lat' dir='ltr'><strong>super</strong></span> <span class='ocrx_word' id='word_1_329' title='bbox 986 3199 1111 3255; x_wconf 85' lang='lat' dir='ltr'><strong>terram</strong></span> <span class='ocrx_word' id='word_1_330' title='bbox 1125 3186 1248 3254; x_wconf 83' lang='lat' dir='ltr'><strong>bonam</strong></span> <span class='ocrx_word' id='word_1_331' title='bbox 1259 3185 1417 3253; x_wconf 73' lang='lat' dir='ltr'><strong>seminati</strong></span> <span class='ocrx_word' id='word_1_332' title='bbox 1431 3196 1531 3266; x_wconf 73' lang='lat' dir='ltr'><strong>stent,</strong></span> <span class='ocrx_word' id='word_1_333' title='bbox 1548 3185 1612 3274; x_wconf 80' lang='lat' dir='ltr'><strong>qai</strong></span> 
     </span>
     <span class='ocr_line' id='line_1_34' title="bbox 274 3289 1609 3382; baseline -0.001 -23"><span class='ocrx_word' id='word_1_334' title='bbox 274 3289 421 3359; x_wconf 75' lang='lat' dir='ltr'><strong>aedium</strong></span> <span class='ocrx_word' id='word_1_335' title='bbox 429 3290 571 3358; x_wconf 82' lang='lat' dir='ltr'><strong>verbum</strong></span> <span class='ocrx_word' id='word_1_336' title='bbox 584 3303 617 3359; x_wconf 83' lang='lat' dir='ltr'><strong>et</strong></span> <span class='ocrx_word' id='word_1_337' title='bbox 628 3292 819 3382; x_wconf 79' lang='lat' dir='ltr'><strong>suscipiunt</strong></span> <span class='ocrx_word' id='word_1_338' title='bbox 829 3304 862 3360; x_wconf 86' lang='lat' dir='ltr'><strong>ct</strong></span> <span class='ocrx_word' id='word_1_339' title='bbox 868 3294 1099 3382; x_wconf 76' lang='lat' dir='ltr'><strong>fructificant,</strong></span> <span class='ocrx_word' id='word_1_340' title='bbox 1112 3316 1218 3360; x_wconf 77' lang='lat' dir='ltr'><strong>acuum</strong></span> <span class='ocrx_word' id='word_1_341' title='bbox 1228 3294 1382 3382; x_wconf 79' lang='lat' dir='ltr'><strong>triqinta,</strong></span> <span class='ocrx_word' id='word_1_342' title='bbox 1395 3314 1500 3358; x_wconf 82' lang='lat' dir='ltr'><strong>unum</strong></span> <span class='ocrx_word' id='word_1_343' title='bbox 1512 3314 1609 3358; x_wconf 75' lang='lat' dir='ltr'><strong>seza·</strong></span> 
     </span>
     <span class='ocr_line' id='line_1_35' title="bbox 274 3386 1608 3489; baseline 0 -25"><span class='ocrx_word' id='word_1_344' title='bbox 274 3396 390 3489; x_wconf 72' lang='lat' dir='ltr'><strong>pinta,</strong></span> <span class='ocrx_word' id='word_1_345' title='bbox 405 3410 438 3464; x_wconf 86' lang='lat' dir='ltr'><strong>et</strong></span> <span class='ocrx_word' id='word_1_346' title='bbox 455 3421 562 3465; x_wconf 83' lang='lat' dir='ltr'><strong>unum</strong></span> <span class='ocrx_word' id='word_1_347' title='bbox 583 3410 737 3482; x_wconf 80' lang='lat' dir='ltr'><strong>centam;</strong></span> <span class='ocrx_word' id='word_1_348' title='bbox 756 3421 814 3481; x_wconf 94' lang='lat' dir='ltr'><strong>en,</strong></span> <span class='ocrx_word' id='word_1_349' title='bbox 832 3422 900 3466; x_wconf 93' lang='lat' dir='ltr'><strong>non</strong></span> <span class='ocrx_word' id='word_1_350' title='bbox 917 3399 1035 3467; x_wconf 89' lang='lat' dir='ltr'><strong>eadem</strong></span> <span class='ocrx_word' id='word_1_351' title='bbox 1052 3386 1216 3467; x_wconf 88' lang='lat' dir='ltr'><strong>virtutum</strong></span> <span class='ocrx_word' id='word_1_352' title='bbox 1230 3399 1447 3476; x_wconf 83' lang='lat' dir='ltr'><strong>documenta,</strong></span> <span class='ocrx_word' id='word_1_353' title='bbox 1468 3419 1538 3464; x_wconf 91' lang='lat' dir='ltr'><strong>non</strong></span> <span class='ocrx_word' id='word_1_354' title='bbox 1552 3420 1608 3464; x_wconf 90' lang='lat' dir='ltr'><strong>ea·</strong></span> 
     </span>
     <span class='ocr_line' id='line_1_36' title="bbox 275 3504 1608 3597; baseline 0 -26"><span class='ocrx_word' id='word_1_355' title='bbox 275 3504 356 3571; x_wconf 89' lang='lat' dir='ltr'><strong>dem</strong></span> <span class='ocrx_word' id='word_1_356' title='bbox 376 3526 480 3594; x_wconf 89' lang='lat' dir='ltr'><strong>opera</strong></span> <span class='ocrx_word' id='word_1_357' title='bbox 493 3505 586 3572; x_wconf 89' lang='lat' dir='ltr'><strong>bona</strong></span> <span class='ocrx_word' id='word_1_358' title='bbox 605 3507 792 3595; x_wconf 87' lang='lat' dir='ltr'><strong>exspectari</strong></span> <span class='ocrx_word' id='word_1_359' title='bbox 807 3507 861 3572; x_wconf 88' lang='lat' dir='ltr'><strong>vel</strong></span> <span class='ocrx_word' id='word_1_360' title='bbox 877 3506 1045 3596; x_wconf 89' lang='lat' dir='ltr'><strong>postulari</strong></span> <span class='ocrx_word' id='word_1_361' title='bbox 1067 3511 1200 3597; x_wconf 89' lang='lat' dir='ltr'><strong>oportet</strong></span> <span class='ocrx_word' id='word_1_362' title='bbox 1214 3506 1258 3573; x_wconf 90' lang='lat' dir='ltr'><strong>ab</strong></span> <span class='ocrx_word' id='word_1_363' title='bbox 1274 3526 1495 3595; x_wconf 72' lang='lat' dir='ltr'><strong>unoquoque,</strong></span> <span class='ocrx_word' id='word_1_364' title='bbox 1512 3505 1608 3571; x_wconf 90' lang='lat' dir='ltr'><strong>stella</strong></span> 
     </span>
     <span class='ocr_line' id='line_1_37' title="bbox 276 3610 1608 3679; baseline -0.002 -1"><span class='ocrx_word' id='word_1_365' title='bbox 276 3610 391 3678; x_wconf 86' lang='lat' dir='ltr'><strong>differt</strong></span> <span class='ocrx_word' id='word_1_366' title='bbox 401 3632 423 3676; x_wconf 88' lang='lat' dir='ltr'><strong>a</strong></span> <span class='ocrx_word' id='word_1_367' title='bbox 435 3610 532 3677; x_wconf 90' lang='lat' dir='ltr'><strong>stella</strong></span> <span class='ocrx_word' id='word_1_368' title='bbox 545 3611 582 3677; x_wconf 94' lang='lat' dir='ltr'><strong>in</strong></span> <span class='ocrx_word' id='word_1_369' title='bbox 597 3611 751 3679; x_wconf 88' lang='lat' dir='ltr'><strong>claritate</strong></span> <span class='ocrx_word' id='word_1_370' title='bbox 763 3617 797 3678; x_wconf 89' lang='lat' dir='ltr'><strong>et</strong></span> <span class='ocrx_word' id='word_1_371' title='bbox 810 3613 846 3678; x_wconf 93' lang='lat' dir='ltr'><strong>in</strong></span> <span class='ocrx_word' id='word_1_372' title='bbox 860 3611 963 3679; x_wconf 91' lang='lat' dir='ltr'><strong>domo</strong></span> <span class='ocrx_word' id='word_1_373' title='bbox 976 3614 1084 3679; x_wconf 88' lang='lat' dir='ltr'><strong>Patris</strong></span> <span class='ocrx_word' id='word_1_374' title='bbox 1099 3613 1227 3679; x_wconf 89' lang='lat' dir='ltr'><strong>multae</strong></span> <span class='ocrx_word' id='word_1_375' title='bbox 1237 3619 1314 3679; x_wconf 92' lang='lat' dir='ltr'><strong>sunt</strong></span> <span class='ocrx_word' id='word_1_376' title='bbox 1325 3612 1512 3678; x_wconf 87' lang='lat' dir='ltr'><strong>mansiones</strong></span> <span class='ocrx_word' id='word_1_377' title='bbox 1525 3611 1608 3678; x_wconf 91' lang='lat' dir='ltr'><strong>etin</strong></span> 
     </span>
     <span class='ocr_line' id='line_1_38' title="bbox 277 3717 1608 3807; baseline 0.001 -24"><span class='ocrx_word' id='word_1_378' title='bbox 277 3739 345 3784; x_wconf 92' lang='lat' dir='ltr'><strong>uno</strong></span> <span class='ocrx_word' id='word_1_379' title='bbox 364 3738 504 3807; x_wconf 88' lang='lat' dir='ltr'><strong>corpore</strong></span> <span class='ocrx_word' id='word_1_380' title='bbox 531 3718 627 3784; x_wconf 89' lang='lat' dir='ltr'><strong>varia</strong></span> <span class='ocrx_word' id='word_1_381' title='bbox 651 3725 730 3784; x_wconf 92' lang='lat' dir='ltr'><strong>sunt</strong></span> <span class='ocrx_word' id='word_1_382' title='bbox 749 3717 922 3803; x_wconf 89' lang='lat' dir='ltr'><strong>membra,</strong></span> <span class='ocrx_word' id='word_1_383' title='bbox 950 3718 1118 3785; x_wconf 90' lang='lat' dir='ltr'><strong>nobiliora</strong></span> <span class='ocrx_word' id='word_1_384' title='bbox 1137 3724 1171 3785; x_wconf 88' lang='lat' dir='ltr'><strong>et</strong></span> <span class='ocrx_word' id='word_1_385' title='bbox 1187 3718 1412 3805; x_wconf 84' lang='lat' dir='ltr'><strong>ignobiliora,</strong></span> <span class='ocrx_word' id='word_1_386' title='bbox 1434 3725 1468 3784; x_wconf 92' lang='lat' dir='ltr'><strong>et</strong></span> <span class='ocrx_word' id='word_1_387' title='bbox 1486 3719 1521 3784; x_wconf 94' lang='lat' dir='ltr'><strong>in</strong></span> <span class='ocrx_word' id='word_1_388' title='bbox 1540 3741 1608 3784; x_wconf 94' lang='lat' dir='ltr'><strong>una</strong></span> 
     </span>
     <span class='ocr_line' id='line_1_39' title="bbox 276 3822 1608 3914; baseline -0.001 -24"><span class='ocrx_word' id='word_1_389' title='bbox 276 3822 379 3890; x_wconf 90' lang='lat' dir='ltr'><strong>domo</strong></span> <span class='ocrx_word' id='word_1_390' title='bbox 402 3824 496 3890; x_wconf 89' lang='lat' dir='ltr'><strong>varia</strong></span> <span class='ocrx_word' id='word_1_391' title='bbox 514 3822 679 3914; x_wconf 86' lang='lat' dir='ltr'><strong>supellex,</strong></span> <span class='ocrx_word' id='word_1_392' title='bbox 696 3846 776 3891; x_wconf 89' lang='lat' dir='ltr'><strong>vasa</strong></span> <span class='ocrx_word' id='word_1_393' title='bbox 790 3826 941 3913; x_wconf 89' lang='lat' dir='ltr'><strong>pretiosa</strong></span> <span class='ocrx_word' id='word_1_394' title='bbox 956 3831 991 3891; x_wconf 89' lang='lat' dir='ltr'><strong>et</strong></span> <span class='ocrx_word' id='word_1_395' title='bbox 1004 3824 1140 3906; x_wconf 73' lang='lat' dir='ltr'><strong>viliora,</strong></span> <span class='ocrx_word' id='word_1_396' title='bbox 1158 3826 1217 3891; x_wconf 94' lang='lat' dir='ltr'><strong>uni</strong></span> <span class='ocrx_word' id='word_1_397' title='bbox 1232 3825 1325 3891; x_wconf 90' lang='lat' dir='ltr'><strong>enim</strong></span> <span class='ocrx_word' id='word_1_398' title='bbox 1340 3824 1437 3890; x_wconf 87' lang='lat' dir='ltr'><strong>dedit</strong></span> <span class='ocrx_word' id='word_1_399' title='bbox 1455 3825 1608 3914; x_wconf 91' lang='lat' dir='ltr'><strong>quinque</strong></span> 
     </span>
     <span class='ocr_line' id='line_1_40' title="bbox 276 3929 1604 4021; baseline -0.001 -25"><span class='ocrx_word' id='word_1_400' title='bbox 276 3929 421 4011; x_wconf 85' lang='lat' dir='ltr'><strong>talenta,</strong></span> <span class='ocrx_word' id='word_1_401' title='bbox 441 3929 499 3996; x_wconf 91' lang='lat' dir='ltr'><strong>alii</strong></span> <span class='ocrx_word' id='word_1_402' title='bbox 515 3929 601 4008; x_wconf 91' lang='lat' dir='ltr'><strong>duo,</strong></span> <span class='ocrx_word' id='word_1_403' title='bbox 623 3929 684 3996; x_wconf 93' lang='lat' dir='ltr'><strong>alii</strong></span> <span class='ocrx_word' id='word_1_404' title='bbox 703 3953 783 3997; x_wconf 89' lang='lat' dir='ltr'><strong>vero</strong></span> <span class='ocrx_word' id='word_1_405' title='bbox 805 3953 926 3998; x_wconf 87' lang='lat' dir='ltr'><strong>unum.</strong></span> <span class='ocrx_word' id='word_1_406' title='bbox 944 3970 989 3981; x_wconf 88' lang='lat'><strong>—-</strong></span> <span class='ocrx_word' id='word_1_407' title='bbox 1004 3937 1187 4021; x_wconf 89' lang='lat' dir='ltr'><strong>Perperam</strong></span> <span class='ocrx_word' id='word_1_408' title='bbox 1205 3936 1319 3998; x_wconf 91' lang='lat' dir='ltr'><strong>autem</strong></span> <span class='ocrx_word' id='word_1_409' title='bbox 1333 3930 1496 4015; x_wconf 86' lang='lat' dir='ltr'><strong>eolligunt</strong></span> <span class='ocrx_word' id='word_1_410' title='bbox 1523 3931 1604 3996; x_wconf 81' lang='lat' dir='ltr'><strong>Vict.</strong></span> 
     </span>
     <span class='ocr_line' id='line_1_41' title="bbox 280 4036 1604 4128; baseline 0 -26"><span class='ocrx_word' id='word_1_411' title='bbox 280 4036 426 4126; x_wconf 74' lang='lat' dir='ltr'><strong>Theopb.</strong></span> <span class='ocrx_word' id='word_1_412' title='bbox 442 4058 492 4123; x_wconf 87' lang='lat' dir='ltr'><strong>ex</strong></span> <span class='ocrx_word' id='word_1_413' title='bbox 511 4037 677 4126; x_wconf 89' lang='lat' dir='ltr'><strong>parabola</strong></span> <span class='ocrx_word' id='word_1_414' title='bbox 696 4059 822 4127; x_wconf 88' lang='lat' dir='ltr'><strong>paucos</strong></span> <span class='ocrx_word' id='word_1_415' title='bbox 842 4038 951 4105; x_wconf 87' lang='lat' dir='ltr'><strong>solum</strong></span> <span class='ocrx_word' id='word_1_416' title='bbox 972 4038 1101 4105; x_wconf 89' lang='lat' dir='ltr'><strong>servari</strong></span> <span class='ocrx_word' id='word_1_417' title='bbox 1118 4059 1157 4104; x_wconf 86' lang='lat' dir='ltr'><strong>ex</strong></span> <span class='ocrx_word' id='word_1_418' title='bbox 1176 4038 1217 4104; x_wconf 93' lang='lat' dir='ltr'><strong>iis</strong></span> <span class='ocrx_word' id='word_1_419' title='bbox 1236 4037 1361 4128; x_wconf 89' lang='lat' dir='ltr'><strong>quibus</strong></span> <span class='ocrx_word' id='word_1_420' title='bbox 1379 4037 1604 4126; x_wconf 88' lang='lat' dir='ltr'><strong>praedicetur,</strong></span> 
     </span>
     <span class='ocr_line' id='line_1_42' title="bbox 277 4143 1606 4235; baseline 0 -26"><span class='ocrx_word' id='word_1_421' title='bbox 277 4164 355 4209; x_wconf 91' lang='lat' dir='ltr'><strong>cum</strong></span> <span class='ocrx_word' id='word_1_422' title='bbox 365 4151 486 4232; x_wconf 89' lang='lat' dir='ltr'><strong>quarta</strong></span> <span class='ocrx_word' id='word_1_423' title='bbox 496 4143 711 4211; x_wconf 91' lang='lat' dir='ltr'><strong>solummodo</strong></span> <span class='ocrx_word' id='word_1_424' title='bbox 719 4145 858 4211; x_wconf 88' lang='lat' dir='ltr'><strong>seminis</strong></span> <span class='ocrx_word' id='word_1_425' title='bbox 866 4167 947 4235; x_wconf 88' lang='lat' dir='ltr'><strong>pars</strong></span> <span class='ocrx_word' id='word_1_426' title='bbox 956 4144 1056 4212; x_wconf 90' lang='lat' dir='ltr'><strong>cadat</strong></span> <span class='ocrx_word' id='word_1_427' title='bbox 1065 4145 1233 4211; x_wconf 88' lang='lat' dir='ltr'><strong>interram</strong></span> <span class='ocrx_word' id='word_1_428' title='bbox 1243 4144 1379 4211; x_wconf 88' lang='lat' dir='ltr'><strong>bonam.</strong></span> <span class='ocrx_word' id='word_1_429' title='bbox 1392 4148 1482 4222; x_wconf 83' lang='lat' dir='ltr'><strong>Quae</strong></span> <span class='ocrx_word' id='word_1_430' title='bbox 1492 4151 1606 4210; x_wconf 90' lang='lat' dir='ltr'><strong>tamen</strong></span> 
     </span>
     <span class='ocr_line' id='line_1_43' title="bbox 181 4249 1604 4341; baseline 0.001 -27"><span class='ocrx_word' id='word_1_431' title='bbox 181 4270 186 4279; x_wconf 66' lang='lat'><em>⁴</em></span> <span class='ocrx_word' id='word_1_432' title='bbox 277 4249 364 4315; x_wconf 90' lang='lat' dir='ltr'><strong>ratio</strong></span> <span class='ocrx_word' id='word_1_433' title='bbox 376 4250 479 4337; x_wconf 89' lang='lat' dir='ltr'><strong>plane</strong></span> <span class='ocrx_word' id='word_1_434' title='bbox 493 4251 607 4318; x_wconf 89' lang='lat' dir='ltr'><strong>aliena</strong></span> <span class='ocrx_word' id='word_1_435' title='bbox 618 4255 668 4316; x_wconf 92' lang='lat' dir='ltr'><strong>est</strong></span> <span class='ocrx_word' id='word_1_436' title='bbox 682 4271 703 4315; x_wconf 90' lang='lat' dir='ltr'><strong>a</strong></span> <span class='ocrx_word' id='word_1_437' title='bbox 717 4251 893 4340; x_wconf 89' lang='lat' dir='ltr'><strong>parabola.</strong></span> <span class='ocrx_word' id='word_1_438' title='bbox 910 4255 994 4318; x_wconf 89' lang='lat' dir='ltr'><strong>Nam</strong></span> <span class='ocrx_word' id='word_1_439' title='bbox 1007 4252 1034 4319; x_wconf 94' lang='lat' dir='ltr'><strong>si</strong></span> <span class='ocrx_word' id='word_1_440' title='bbox 1047 4251 1124 4341; x_wconf 91' lang='lat' dir='ltr'><strong>quis</strong></span> <span class='ocrx_word' id='word_1_441' title='bbox 1135 4250 1278 4317; x_wconf 86' lang='lat' dir='ltr'><strong>seminat</strong></span> <span class='ocrx_word' id='word_1_442' title='bbox 1291 4273 1404 4317; x_wconf 91' lang='lat' dir='ltr'><strong>semen</strong></span> <span class='ocrx_word' id='word_1_443' title='bbox 1419 4253 1454 4316; x_wconf 92' lang='lat' dir='ltr'><strong>in</strong></span> <span class='ocrx_word' id='word_1_444' title='bbox 1468 4272 1604 4337; x_wconf 84' lang='lat' dir='ltr'><strong>agrum,</strong></span> 
     </span>
     <span class='ocr_line' id='line_1_44' title="bbox 278 4355 1606 4447; baseline 0.001 -27"><span class='ocrx_word' id='word_1_445' title='bbox 278 4355 397 4444; x_wconf 90' lang='lat' dir='ltr'><strong>utique</strong></span> <span class='ocrx_word' id='word_1_446' title='bbox 420 4356 537 4445; x_wconf 89' lang='lat' dir='ltr'><strong>aliqua</strong></span> <span class='ocrx_word' id='word_1_447' title='bbox 556 4378 666 4444; x_wconf 84' lang='lat' dir='ltr'><strong>grana</strong></span> <span class='ocrx_word' id='word_1_448' title='bbox 686 4355 808 4423; x_wconf 85' lang='lat' dir='ltr'><strong>cadere</strong></span> <span class='ocrx_word' id='word_1_449' title='bbox 827 4362 991 4447; x_wconf 87' lang='lat' dir='ltr'><strong>poterunt</strong></span> <span class='ocrx_word' id='word_1_450' title='bbox 1010 4357 1100 4424; x_wconf 88' lang='lat' dir='ltr'><strong>circa</strong></span> <span class='ocrx_word' id='word_1_451' title='bbox 1121 4359 1211 4423; x_wconf 90' lang='lat' dir='ltr'><strong>viam</strong></span> <span class='ocrx_word' id='word_1_452' title='bbox 1230 4357 1285 4422; x_wconf 92' lang='lat' dir='ltr'><strong>vel</strong></span> <span class='ocrx_word' id='word_1_453' title='bbox 1304 4364 1403 4423; x_wconf 92' lang='lat' dir='ltr'><strong>vento</strong></span> <span class='ocrx_word' id='word_1_454' title='bbox 1422 4356 1536 4424; x_wconf 86' lang='lat' dir='ltr'><strong>ablata</strong></span> <span class='ocrx_word' id='word_1_455' title='bbox 1555 4358 1606 4423; x_wconf 89' lang='lat' dir='ltr'><strong>vel</strong></span> 
     </span>
     <span class='ocr_line' id='line_1_45' title="bbox 278 4462 1607 4554; baseline 0.003 -28"><span class='ocrx_word' id='word_1_456' title='bbox 278 4462 531 4530; x_wconf 87' lang='lat' dir='ltr'><strong>vehementiore</strong></span> <span class='ocrx_word' id='word_1_457' title='bbox 545 4465 638 4531; x_wconf 88' lang='lat' dir='ltr'><strong>iactu</strong></span> <span class='ocrx_word' id='word_1_458' title='bbox 652 4469 746 4530; x_wconf 88' lang='lat' dir='ltr'><strong>extra</strong></span> <span class='ocrx_word' id='word_1_459' title='bbox 760 4484 883 4550; x_wconf 84' lang='lat' dir='ltr'><strong>agrum</strong></span> <span class='ocrx_word' id='word_1_460' title='bbox 897 4464 1060 4543; x_wconf 87' lang='lat' dir='ltr'><strong>volantia;</strong></span> <span class='ocrx_word' id='word_1_461' title='bbox 1078 4465 1161 4530; x_wconf 89' lang='lat' dir='ltr'><strong>item</strong></span> <span class='ocrx_word' id='word_1_462' title='bbox 1173 4462 1248 4530; x_wconf 86' lang='lat' dir='ltr'><strong>fieri</strong></span> <span class='ocrx_word' id='word_1_463' title='bbox 1258 4472 1378 4554; x_wconf 85' lang='lat' dir='ltr'><strong>potest,</strong></span> <span class='ocrx_word' id='word_1_464' title='bbox 1396 4471 1433 4530; x_wconf 91' lang='lat' dir='ltr'><strong>ut</strong></span> <span class='ocrx_word' id='word_1_465' title='bbox 1447 4464 1499 4531; x_wconf 89' lang='lat' dir='ltr'><strong>vel</strong></span> <span class='ocrx_word' id='word_1_466' title='bbox 1515 4465 1607 4530; x_wconf 85' lang='lat' dir='ltr'><strong>iuxta</strong></span> 
     </span>
     <span class='ocr_line' id='line_1_46' title="bbox 277 4569 1605 4660; baseline 0.002 -26"><span class='ocrx_word' id='word_1_467' title='bbox 277 4588 400 4654; x_wconf 84' lang='lat' dir='ltr'><strong>agrum</strong></span> <span class='ocrx_word' id='word_1_468' title='bbox 418 4569 471 4634; x_wconf 92' lang='lat' dir='ltr'><strong>vel</strong></span> <span class='ocrx_word' id='word_1_469' title='bbox 491 4570 525 4636; x_wconf 90' lang='lat' dir='ltr'><strong>in</strong></span> <span class='ocrx_word' id='word_1_470' title='bbox 540 4570 614 4659; x_wconf 90' lang='lat' dir='ltr'><strong>ipso</strong></span> <span class='ocrx_word' id='word_1_471' title='bbox 630 4591 716 4657; x_wconf 87' lang='lat' dir='ltr'><strong>agro</strong></span> <span class='ocrx_word' id='word_1_472' title='bbox 733 4570 867 4637; x_wconf 83' lang='lat' dir='ltr'><strong>exsistat</strong></span> <span class='ocrx_word' id='word_1_473' title='bbox 884 4571 1012 4637; x_wconf 90' lang='lat' dir='ltr'><strong>alicubi</strong></span> <span class='ocrx_word' id='word_1_474' title='bbox 1027 4571 1138 4637; x_wconf 90' lang='lat' dir='ltr'><strong>solum</strong></span> <span class='ocrx_word' id='word_1_475' title='bbox 1159 4576 1330 4660; x_wconf 88' lang='lat' dir='ltr'><strong>petrosum</strong></span> <span class='ocrx_word' id='word_1_476' title='bbox 1351 4579 1384 4637; x_wconf 91' lang='lat' dir='ltr'><strong>et</strong></span> <span class='ocrx_word' id='word_1_477' title='bbox 1398 4571 1502 4660; x_wconf 90' lang='lat' dir='ltr'><strong>spinis</strong></span> <span class='ocrx_word' id='word_1_478' title='bbox 1518 4571 1605 4636; x_wconf 88' lang='lat' dir='ltr'><strong>obsi-</strong></span> 
     </span>
     <span class='ocr_line' id='line_1_47' title="bbox 277 4675 1602 4767; baseline 0.005 -29"><span class='ocrx_word' id='word_1_479' title='bbox 277 4677 362 4740; x_wconf 89' lang='lat' dir='ltr'><strong>tum.</strong></span> <span class='ocrx_word' id='word_1_480' title='bbox 381 4678 423 4740; x_wconf 78' lang='lat' dir='ltr'><strong>nt</strong></span> <span class='ocrx_word' id='word_1_481' title='bbox 442 4675 518 4763; x_wconf 90' lang='lat' dir='ltr'><strong>quis</strong></span> <span class='ocrx_word' id='word_1_482' title='bbox 533 4675 642 4763; x_wconf 87' lang='lat' dir='ltr'><strong>finget</strong></span> <span class='ocrx_word' id='word_1_483' title='bbox 660 4678 884 4744; x_wconf 86' lang='lat' dir='ltr'><strong>seminantem</strong></span> <span class='ocrx_word' id='word_1_484' title='bbox 904 4675 989 4744; x_wconf 89' lang='lat' dir='ltr'><strong>adeo</strong></span> <span class='ocrx_word' id='word_1_485' title='bbox 1006 4684 1065 4743; x_wconf 91' lang='lat' dir='ltr'><strong>aut</strong></span> <span class='ocrx_word' id='word_1_486' title='bbox 1085 4677 1259 4767; x_wconf 89' lang='lat' dir='ltr'><strong>stupidum</strong></span> <span class='ocrx_word' id='word_1_487' title='bbox 1276 4685 1336 4745; x_wconf 90' lang='lat' dir='ltr'><strong>aut</strong></span> <span class='ocrx_word' id='word_1_488' title='bbox 1354 4678 1602 4764; x_wconf 82' lang='lat' dir='ltr'><strong>negligentem,</strong></span> 
     </span>
     <span class='ocr_line' id='line_1_48' title="bbox 277 4782 1604 4874; baseline 0.005 -31"><span class='ocrx_word' id='word_1_489' title='bbox 277 4782 313 4843; x_wconf 91' lang='lat' dir='ltr'><strong>ut</strong></span> <span class='ocrx_word' id='word_1_490' title='bbox 333 4784 401 4847; x_wconf 88' lang='lat' dir='ltr'><strong>tres</strong></span> <span class='ocrx_word' id='word_1_491' title='bbox 414 4785 528 4869; x_wconf 88' lang='lat' dir='ltr'><strong>partes</strong></span> <span class='ocrx_word' id='word_1_492' title='bbox 549 4784 690 4850; x_wconf 89' lang='lat' dir='ltr'><strong>seminis</strong></span> <span class='ocrx_word' id='word_1_493' title='bbox 703 4784 860 4874; x_wconf 89' lang='lat' dir='ltr'><strong>proiiciat</strong></span> <span class='ocrx_word' id='word_1_494' title='bbox 876 4784 912 4850; x_wconf 92' lang='lat' dir='ltr'><strong>in</strong></span> <span class='ocrx_word' id='word_1_495' title='bbox 930 4783 1039 4850; x_wconf 88' lang='lat' dir='ltr'><strong>solum</strong></span> <span class='ocrx_word' id='word_1_496' title='bbox 1060 4784 1098 4850; x_wconf 91' lang='lat' dir='ltr'><strong>in</strong></span> <span class='ocrx_word' id='word_1_497' title='bbox 1117 4805 1185 4873; x_wconf 93' lang='lat' dir='ltr'><strong>quo</strong></span> <span class='ocrx_word' id='word_1_498' title='bbox 1203 4786 1325 4874; x_wconf 90' lang='lat' dir='ltr'><strong>nequit</strong></span> <span class='ocrx_word' id='word_1_499' title='bbox 1342 4783 1441 4850; x_wconf 88' lang='lat' dir='ltr'><strong>edere</strong></span> <span class='ocrx_word' id='word_1_500' title='bbox 1456 4784 1604 4850; x_wconf 83' lang='lat' dir='ltr'><strong>fructum</strong></span> 
     </span>
     <span class='ocr_line' id='line_1_49' title="bbox 276 4884 1604 4981; baseline 0.005 -32"><span class='ocrx_word' id='word_1_501' title='bbox 276 4884 327 4951; x_wconf 89' lang='lat' dir='ltr'><strong>vel</strong></span> <span class='ocrx_word' id='word_1_502' title='bbox 344 4893 380 4952; x_wconf 93' lang='lat' dir='ltr'><strong>ut</strong></span> <span class='ocrx_word' id='word_1_503' title='bbox 395 4886 482 4952; x_wconf 88' lang='lat' dir='ltr'><strong>colat</strong></span> <span class='ocrx_word' id='word_1_504' title='bbox 494 4892 526 4954; x_wconf 91' lang='lat' dir='ltr'><strong>et</strong></span> <span class='ocrx_word' id='word_1_505' title='bbox 542 4889 672 4956; x_wconf 85' lang='lat' dir='ltr'><strong>semine</strong></span> <span class='ocrx_word' id='word_1_506' title='bbox 687 4897 831 4981; x_wconf 87' lang='lat' dir='ltr'><strong>spargat</strong></span> <span class='ocrx_word' id='word_1_507' title='bbox 845 4912 987 4978; x_wconf 87' lang='lat' dir='ltr'><strong>agrum,</strong></span> <span class='ocrx_word' id='word_1_508' title='bbox 1004 4892 1101 4958; x_wconf 92' lang='lat' dir='ltr'><strong>cuius</strong></span> <span class='ocrx_word' id='word_1_509' title='bbox 1117 4898 1184 4958; x_wconf 89' lang='lat' dir='ltr'><strong>tres</strong></span> <span class='ocrx_word' id='word_1_510' title='bbox 1199 4891 1253 4958; x_wconf 90' lang='lat' dir='ltr'><strong>vel</strong></span> <span class='ocrx_word' id='word_1_511' title='bbox 1273 4890 1360 4958; x_wconf 88' lang='lat' dir='ltr'><strong>duae</strong></span> <span class='ocrx_word' id='word_1_512' title='bbox 1377 4897 1489 4981; x_wconf 89' lang='lat' dir='ltr'><strong>partes</strong></span> <span class='ocrx_word' id='word_1_513' title='bbox 1504 4892 1604 4980; x_wconf 88' lang='lat' dir='ltr'><strong>plane</strong></span> 
     </span>
    </p>
   </div>
   <div class='ocr_carea' id='block_1_3' title="bbox 0 0 1989 5652">
    <p class='ocr_par' dir='ltr' id='par_1_5' title="bbox 0 0 1989 5652">
     <span class='ocr_line' id='line_1_50' title="bbox 0 0 1989 5652; baseline 0 0"><span class='ocrx_word' id='word_1_514' title='bbox 0 0 1989 5652; x_wconf 95' lang='lat' dir='ltr'><strong> </strong></span> 
     </span>
    </p>
   </div>
  </div>
 </body>
</html>
