3960 5654
270 552 330 615 2¹2
799 569 889 616 usne.
912 552 941 620 8,
967 550 1072 611 tt-st.

269 726 346 771 eum
362 726 440 771 eum
454 721 568 771 sectam
586 698 750 769 liaberent
760 705 854 770 cuius
869 701 1052 792 pietantiam
1068 701 1201 770 iambis
1216 704 1343 790 experti
1360 704 1455 770 crant
1470 700 1506 765 in
1517 723 1600 790 sup-

270 810 478 901 peditatione
496 808 776 877 necessariorum.
794 815 901 888 Quare
921 829 942 872 a
963 807 1094 876 Christo
1109 807 1409 900 reprehenduntur
1425 831 1455 874 v.
1478 813 1519 873 17
1534 830 1601 896 quo

269 919 402 1006 copm'to
428 917 479 983 ait
498 912 563 980 illis
587 916 677 982 laras
698 939 708 982 :
724 917 809 1007 quid
829 914 987 1005 copitotis
1003 903 1227 1006 διαλογίζεσθε,
1253 915 1301 980 uti
1324 918 1359 983 in
1383 940 1413 982 v.
1442 920 1495 994 16,
1518 914 1601 1002 quia

266 1045 374 1114 panes
386 1046 454 1091 non
467 1020 619 1087 tratetis?
634 1024 785 1090 nondum
802 1020 997 1111 coquoscitis·
1010 1044 1070 1089 acc
1083 1021 1290 1111 catelliqitis‘?
1299 1021 1412 1089 adlatae
1426 1033 1601 1089 corculum

268 1129 397 1198 bebetis
412 1152 469 1197 coa·
484 1135 654 1197 oestrum?
669 1133 690 1197 i.
708 1153 737 1198 e.
755 1154 775 1198 o
790 1151 848 1197 vos
862 1129 1004 1219 pusillae
1022 1130 1100 1198 fidei
1117 1130 1281 1209 hominm,
1298 1129 1381 1217 quid
1397 1135 1446 1196 est
1458 1152 1520 1195 cur
1532 1126 1600 1194 sol·
1709 1136 1711 1139 ’

269 1237 351 1304 liciti
366 1238 436 1305 sitis
451 1235 493 1302 de
509 1237 655 1325 panibus
672 1239 725 1305 vel
743 1260 796 1305 me
814 1236 855 1302 de
873 1235 1018 1324 panibus
1035 1238 1181 1305 locutum
1200 1234 1417 1302 existimetis?
1434 1243 1485 1303 tot
1501 1257 1602 1325 prae-

267 1346 373 1434 ceptis
394 1344 536 1411 instituti
562 1344 715 1412 nonduin
741 1343 873 1411 liabetis
896 1363 972 1409 eam
995 1367 1098 1433 quam
1124 1342 1293 1409 deberetis
1317 1342 1602 1429 intelligentiam‘.t

268 1453 351 1519 Nota
369 1472 474 1542 quam
494 1451 643 1537 ingenue
661 1475 701 1519 ae
721 1451 867 1518 fideliter
887 1450 1055 1517 reteratur
1073 1449 1215 1517 tarditas
1237 1457 1271 1516 et
1296 1449 1447 1517 deiectus
1465 1454 1601 1539 aposto-

268 1559 398 1641 lorum;
418 1557 512 1625 nullo
529 1557 630 1625 modo
643 1557 871 1646 evangelistae
886 1558 1057 1625 occultare
1068 1557 1206 1625 student
1223 1579 1328 1646 quam
1343 1558 1471 1624 luerint
1485 1555 1599 1640 rudes,

266 1665 325 1733 sod
344 1667 475 1733 sineere
500 1686 540 1731 ac
564 1665 712 1734 eandida
734 1686 805 1732 rem
828 1671 985 1747 narrant,
1011 1665 1060 1732 uti
1087 1663 1268 1733 acciderat.
1297 1664 1331 1731 ld
1356 1664 1506 1755 protecto
1526 1662 1602 1731 aliis

266 1793 402 1863 quoque
417 1793 537 1840 eorum
554 1772 810 1841 narrationibus
834 1793 1003 1839 summam
1024 1769 1207 1839 conciliare
1228 1771 1330 1838 debet
1351 1771 1599 1839 anctoritatem.

266 1882 427 1970 Apposite
446 1883 542 1948 notat
563 1880 637 1947 Coi.
664 1901 676 1947 .·
698 1907 714 1942 «
734 1877 880 1970 provida
898 1878 1148 1970 dispensatione
1168 1878 1283 1945 divina
1304 1878 1464 1946 ellectum
1481 1884 1546 1960 est,
1565 1885 1603 1945 ut

265 1984 424 2078 discipuli
451 1992 524 2054 lesu
548 1987 625 2053 visis
652 1992 702 2053 tot
728 1985 900 2053 miraculis
927 1985 1041 2052 adhuc
1062 1994 1235 2053 caecatum
1268 2008 1329 2052 cor
1352 1986 1535 2067 haberent;
1557 1985 1601 2053 ad

264 2092 455 2161 tollendum
472 2117 492 2160 a
507 2091 635 2160 mundo
649 2095 876 2183 suspicionem
892 2093 1002 2160 omnis
1019 2094 1189 2160 humanae
1209 2093 1292 2159 artis
1306 2094 1341 2159 in
1360 2097 1432 2160 lesu
1453 2097 1487 2159 et
1504 2092 1602 2159 disci-

265 2198 356 2291 pulis
375 2202 448 2268 oius
467 2223 529 2291 per
546 2223 633 2291 quos
652 2207 767 2291 postea
785 2199 932 2267 mundus
949 2222 1130 2267 conversus
1144 2206 1193 2267 est
1210 2199 1253 2266 ad
1275 2199 1377 2267 tidem
1399 2205 1470 2267 lesu
1499 2200 1601 2266 »1.νί-

264 2305 386 2375 demus
401 2315 514 2375 autem
529 2309 566 2374 in
582 2307 758 2398 discipulis
772 2329 875 2397 quam
894 2307 1029 2374 tardum
1050 2308 1085 2374 in
1105 2307 1206 2374 rebus
1220 2306 1345 2374 divinis
1364 2307 1407 2374 sit
1420 2307 1601 2395 ingenium

265 2414 462 2496 huminum,
484 2415 548 2481 nisi
569 2414 734 2504 peculiari
756 2415 901 2504 Spiritus
922 2414 1030 2482 saneti
1055 2437 1120 2504 ope
1141 2414 1339 2481 illustretur.
1366 2418 1399 2481 ln
1428 2419 1497 2481 lesu
1522 2436 1603 2481 vero

265 2528 418 2613 spectare
445 2523 523 2589 licet
549 2521 734 2590 bonitatem
761 2529 795 2588 et
820 2522 1039 2612 patientiam,
1066 2545 1134 2612 qua
1152 2544 1270 2589 eorum
1293 2523 1474 2612 pertentet
1501 2521 1602 2588 docet

266 2629 474 2698 tarditatem.

310 2741 384 2828 lpsa
404 2738 637 2827 increpatione
652 2759 709 2804 eos
723 2738 846 2804 excitat
858 2736 902 2804 ad
913 2737 1218 2805 considerationem
1232 2736 1514 2806 documentorum
1527 2739 1603 2828 qui·

265 2844 329 2912 bus
343 2845 410 2912 iam
422 2843 673 2912 erantiustituti
685 2843 745 2911 sed
758 2866 846 2934 quae
860 2846 942 2911 satis
953 2845 1171 2932 neglexerant
1179 2845 1231 2911 vel
1244 2844 1407 2912 oblivioni
1421 2845 1600 2913 dederant.

265 2954 373 3030 Quare
392 2952 550 3042 pluribus
570 2950 716 3042 explicat
731 2973 820 3040 quae
841 2951 942 3018 modo
962 2952 1004 3018 iis
1020 2951 1285 3042 exprobraverat
1299 2976 1330 3018 v.
1351 2959 1390 3020 18
1411 2952 1526 3020 oculos
1539 2954 1602 3021 lto-

266 3057 377 3126 dcatrs
397 3081 465 3125 riou
485 3058 626 3125 irritetis?
644 3070 677 3125 et
702 3080 802 3125 oteres
822 3058 982 3125 dedentes
1003 3081 1072 3126 aon
1094 3059 1243 3127 eraditis?
1267 3082 1329 3127 nec
1353 3060 1604 3128 recordamini?

266 3189 298 3235 ν.
325 3172 365 3234 to
385 3164 523 3258 qairrudo
543 3165 697 3256 petiitque
719 3187 825 3256 portes
844 3166 936 3255 scopi
958 3167 993 3232 in
1017 3168 1168 3257 quinque
1191 3165 1321 3248 millio,
1341 3180 1425 3259 quot
1440 3167 1603 3259 cophinos

263 3273 536 3364 [rtrprarutortuu
554 3272 758 3341 sustulistis?
772 3272 891 3339 dictent
911 3272 944 3339 ei
963 3295 974 3338 .·
994 3272 1174 3340 duodecim
1179 3294 1193 3356 ;
1207 3275 1394 3341 sententiae
1414 3297 1475 3365 per
1496 3277 1604 3343 inter·

267 3382 481 3469 negationem
497 3379 665 3467 legendae
678 3387 774 3460 sunt3
796 3381 843 3446 ita
862 3382 953 3448 euim
974 3379 1070 3447 etad
1093 3379 1326 3448 antecedentia
1344 3384 1604 3451 conformantur

265 3494 300 3556 et
320 3489 486 3556 uiaiorem
500 3510 582 3579 prae
597 3508 632 3554 se
646 3487 762 3554 lerarnt
774 3488 842 3553 rim
858 3509 899 3555 ac
910 3488 1189 3568 concitationem,
1206 3510 1295 3577 quae
1308 3490 1366 3557 hic
1378 3513 1458 3557 sane
1472 3491 1601 3574 subest,

266 3603 369 3687 prout
387 3619 427 3663 ex
443 3602 492 3662 tot
507 3595 672 3662 membris
685 3594 847 3662 brevibus
861 3602 895 3661 et
910 3595 1015 3662 citato
1030 3618 1131 3662 cursu
1151 3596 1239 3662 inter
1254 3619 1290 3663 se
1309 3598 1531 3687 sequentibus
1544 3620 1604 3687 ap

266 3710 376 3794 paret,
394 3703 503 3771 Etiam
523 3725 593 3769 nou
617 3701 850 3769 recordemini
868 3700 983 3788 legere
1001 3701 1173 3793 oportebit
1194 3725 1254 3792 per
1276 3704 1601 3791 interrogationem,

267 3832 378 3901 neque
392 3811 519 3901 poterit
531 3810 622 3876 trahi
634 3808 679 3877 ad
691 3809 946 3899 subsequentia,
965 3817 1002 3877 ut
1019 3831 1136 3876 sensus
1147 3811 1190 3876 sit
1207 3831 1215 3876 :
1232 3833 1345 3877 nonne
1361 3812 1601 3896 recordamini,

265 3925 351 4008 quot
379 3917 547 4008 ctiplriuos
568 3916 799 3984 sustuleritis?
823 3920 923 3996 Nam,
952 3918 1079 3984 utiam
1108 3919 1196 3984 loru.
1224 3919 1311 3985 bene
1335 3919 1497 4001 advertit,
1520 3931 1604 3988 tunc

267 4046 334 4092 otiu
351 4032 439 4093 mete
452 4024 722 4112 subiungeretur
737 4045 744 4090 :
762 4022 882 4090 dicunt
896 4025 926 4091 ei
944 4046 952 4091 :
970 4023 1173 4107 duodecim;
1191 4047 1308 4092 rernm
1326 4027 1602 4117 respondendum

266 4140 374 4202 esset:
392 4133 510 4223 utiquc
531 4131 762 4199 recordamur.
790 4130 882 4196 ldem
898 4130 1010 4198 clucet
1034 4155 1073 4199 ex
1093 4135 1289 4222 quaestione
1306 4136 1479 4224 sequenti3
1502 4159 1534 4201 v.
1559 4142 1603 4202 20

266 4240 405 4331 paritulo
419 4255 452 4307 et
465 4253 593 4331 septem
604 4261 713 4330 pones
725 4240 762 4305 ia
777 4251 940 4328 quattuor
952 4240 1077 4317 mettio,
1091 4255 1174 4330 quot
1186 4255 1318 4331 sportas
1329 4244 1603 4332 scupmentorum

267 4346 414 4416 tulistis?
432 4360 465 4416 ct
483 4348 604 4415 dicauit
623 4347 657 4414 ei
675 4368 687 4412 .·
705 4359 857 4437 septem:
875 4347 937 4413 iste
958 4347 1118 4436 dialogus
1143 4353 1249 4415 llarco
1270 4352 1429 4440 proprius
1446 4359 1497 4418 est
1514 4374 1603 4418 reru-

267 4478 335 4546 quc
350 4456 394 4523 ad
415 4457 530 4524 ritum
543 4454 716 4547 exprimit.
737 4453 897 4543 Discipuli
912 4477 980 4521 non
994 4456 1067 4522 sine
1082 4456 1230 4547 quodam
1247 4456 1290 4523 de
1304 4480 1365 4524 sua
1378 4458 1605 4549 trepidatione

268 4562 399 4655 paidom
414 4563 634 4654 respoudeat.
649 4566 734 4628 Cum
751 4561 868 4651 itaqua
883 4564 1083 4629 aremoriam
1102 4564 1343 4631 miraculorum
1361 4566 1521 4641 babeant,
1536 4589 1605 4632 me·

267 4671 335 4738 rito
350 4693 419 4737 uon
439 4672 513 4738 siue
528 4670 756 4739 admiratione
774 4668 892 4758 aliqua
910 4670 1177 4757 interrogantur.
1195 4672 1369 4761 quomodo
1388 4672 1462 4739 lieri
1478 4675 1602 4763 possit,

269 4786 307 4845 ut
319 4800 360 4846 es
374 4778 433 4845 tali
456 4780 623 4845 retentoria
638 4800 706 4845 nou
724 4776 887 4864 colligant
901 4799 1038 4844 omnem
1056 4801 1172 4846 curam
1188 4802 1227 4846 ac
1244 4779 1508 4847 solticitudinem
1526 4782 1606 4848 inu·

268 4886 364 4954 tileut
378 4906 450 4952 esse
465 4885 713 4953 abiiciendam.
729 4885 823 4953 llnde
844 4908 876 4949 s.
898 4890 936 4950 st
958 4897 992 4951 rt
1009 4885 1144 4952 dicebat
1161 4888 1210 4954 cis
1228 4911 1241 4953 ,·
1259 4888 1429 4977 quorrrodo
1448 4888 1601 4955 nondum

268 4992 486 5083 iatetta'pitis?
503 4992 581 5060 ride
596 4993 675 5061 leet.
691 5015 763 5060 var.
