3960 5654
162 490 222 551 366
683 506 774 552 nanc.
799 493 846 561 tr,
872 487 976 551 10-11.

163 643 370 730 famaquam
385 635 531 702 maxime
548 638 746 726 indignatus
758 647 807 706 111
821 637 911 726 quod
926 660 1084 726 magnam
1100 638 1192 703 illam
1209 640 1372 727 pecuniae
1395 659 1487 702 sum-

162 754 254 816 mam
270 765 372 833 quam
388 765 429 808 111
445 748 611 831 unguenti
626 747 821 813 venditione
837 747 994 831 sperabat
1006 745 1071 812 sibi
1092 743 1228 810 videbat
1244 753 1408 835 ereptam.
1426 747 1487 809 Co-

161 851 349 943 gnoscebat
365 857 576 942 quantopere
590 855 754 943 primates
768 855 875 916 lesum
887 873 1008 941 capere
1022 850 1268 931 desiderareut3
1285 875 1362 918 cum
1381 855 1487 917 lesum

163 961 222 1027 diu
244 979 312 1023 non
335 978 431 1044 posse
454 959 593 1026 illorum
615 959 866 1026 infestationem
888 959 1037 1045 effugere
1058 957 1122 1023 sibi
1143 958 1375 1047 persuaderet,
1405 956 1489 1045 opti-

163 1063 441 1133 mumduxitcum
449 1066 656 1155 primoribus
668 1063 987 1151 ingratiamredire.
997 1069 1120 1131 Eorum
1130 1071 1244 1130 autem
1258 1065 1410 1131 favorem
1423 1064 1488 1130 sibi

162 1171 345 1259 acquirere¹
355 1176 389 1237 et
407 1170 509 1238 simul
530 1173 695 1261 pecuniae
709 1169 886 1258 cupiditati
906 1179 939 1237 et
957 1171 1119 1237 avaritiae
1134 1170 1325 1236 satisfacere
1339 1194 1373 1238 se
1393 1193 1488 1260 posse

161 1276 248 1343 vidit
258 1278 285 1343 si
298 1281 406 1345 lesum
421 1278 593 1368 proderet.
610 1283 678 1344 Hoc
688 1278 761 1343 eius
776 1277 881 1343 animi
895 1265 1076 1344 consilium'
1088 1278 1232 1344 maxime
1247 1278 1436 1343 stimulasse
1451 1300 1490 1343 ac

162 1387 369 1474 promovisse
384 1384 572 1452 censendus
587 1390 636 1450 est
649 1381 821 1461 diabolus;
840 1406 919 1449 nam
936 1411 951 1443 «
970 1383 1111 1449 intravit
1128 1392 1261 1450 satanas
1277 1384 1312 1448 in
1336 1383 1453 1449 ludam
1472 1412 1487 1440 »

162 1489 206 1557 de
220 1514 259 1558 eo
272 1499 425 1580 tempore
436 1496 553 1558 narrat
566 1496 599 1557 S.
618 1494 723 1555 Lucas
733 1488 855 1578 (22,3);
871 1488 1040 1579 quomodo
1053 1511 1136 1577 ergo
1152 1492 1271 1570 intrat,
1289 1490 1336 1556 ait
1350 1492 1386 1557 S.
1400 1492 1487 1578 Aap.

163 1597 221 1687 (de
235 1620 327 1666 cons.
350 1619 473 1684 evang.
493 1596 578 1684 at),
598 1594 661 1661 nisi
677 1596 892 1663 immittendo
913 1594 1046 1683 iniquas
1060 1598 1292 1684 persuasiones
1309 1597 1490 1682 cogitatio-

162 1725 246 1771 num
267 1704 489 1793 iniquarum?
507 1725 538 1769 v.
560 1708 600 1767 10
618 1712 651 1767 et
667 1702 772 1768 ludas
792 1703 964 1769 iscariotes
980 1702 1046 1790 (vir
1066 1703 1229 1769 oriundus
1244 1726 1282 1768 ex
1302 1703 1439 1770 Cariath
1455 1702 1488 1767 in

163 1811 256 1878 tribu
271 1809 370 1889 luda,
387 1807 679 1899 probabilissime3
702 1807 780 1874 vide
792 1808 836 1874 ad
850 1814 953 1896 ate),
972 1829 1058 1873 unus
1072 1807 1113 1874 de
1131 1808 1335 1875 duodecimi
1353 1800 1394 1881 εἷς
1405 1831 1491 1874 unus

161 1917 219 1984 ille
241 1916 331 1983 mala
350 1915 443 1983 iaina
456 1918 554 1981 notus
571 1920 604 1980 et
622 1914 692 1980 iam
707 1936 813 2003 supra
829 1921 907 1993 3,19
922 1922 1096 2002 tamquam
1111 1914 1243 1981 iuturus
1258 1916 1410 2003 proditor
1430 1915 1490 1980 de-

161 2024 331 2110 signatus,
358 2019 443 2087 abiit
466 2020 514 2087 ad
530 2042 679 2087 summos
702 2019 891 2086 sacerdotes
916 2032 954 2085 ut
968 2019 1131 2110 proderet
1154 2044 1230 2088 eum
1254 2021 1334 2088 illis.
1361 2022 1491 2088 Accidit

162 2128 255 2220 quod
269 2127 319 2194 illi
339 2126 481 2194 minime
499 2126 573 2193 ausi
587 2133 699 2193 essent
712 2148 869 2215 sperare3
890 2149 929 2194 11
944 2127 1024 2216 ipsis
1042 2131 1113 2193 lesu
1129 2128 1300 2217 discipulis
1317 2151 1403 2194 unus
1422 2129 1489 2193 iam

162 2234 331 2303 existimat
348 2255 427 2300 eum
442 2255 512 2299 esse
525 2232 792 2322 relinquendum
807 2234 900 2299 omni
917 2255 974 2321 spe
989 2234 1142 2324 prosperi
1157 2256 1327 2301 successus
1344 2234 1487 2300 abiecta.

206 2343 240 2408 Si
256 2348 372 2408 autem
391 2345 481 2406 lesus
494 2339 539 2407 ab
556 2338 732 2430 discipulis
747 2340 782 2404 in
799 2361 918 2405 manus
934 2346 967 2405 et
981 2346 1178 2429 potestatem
1192 2342 1408 2408 inimicorum
1423 2348 1491 2407 111-

161 2449 266 2530 ditur,
291 2447 327 2513 id
346 2468 450 2536 quam
473 2446 619 2513 maxime
638 2446 728 2512 valet
744 2446 789 2512 ad
809 2446 924 2536 populi
943 2446 1093 2512 studium
1114 2449 1147 2512 in
1169 2453 1275 2513 lesum
1297 2451 1487 2537 reprimen-

160 2554 261 2636 dum,
274 2557 381 2622 immo
390 2552 434 2621 ad
445 2553 609 2619 invidiam
623 2553 654 2618 ci
664 2552 848 2620 creandam
864 2558 897 2619 11
909 2553 1040 2620 animos
1052 2560 1169 2620 contra
1181 2577 1259 2620 eum
1272 2555 1489 2620 inflamman-

162 2662 235 2730 dos.
248 2666 351 2729 Porro
360 2663 388 2727 si
403 2683 443 2728 ex
453 2661 534 2750 ipsis
545 2659 720 2749 discipulis
733 2682 819 2726 unus
830 2661 997 2750 reperitur
1007 2660 1091 2727 adeo
1105 2662 1191 2728 male
1204 2663 1235 2726 in
1248 2684 1326 2728 eum
1338 2662 1487 2742 affectus,

162 2791 276 2835 nonne
292 2769 414 2834 merito
434 2766 711 2834 concludendum
729 2767 794 2833 erit
809 2767 1002 2833 nullatenus
1016 2789 1084 2834 esse
1106 2776 1156 2834 tot
1173 2776 1353 2834 sectatores
1367 2778 1399 2834 ct
1415 2769 1490 2834 iau-

163 2880 253 2942 torcs
274 2879 347 2940 lesu
370 2895 480 2963 neque
502 2872 768 2940 admirationem
794 2895 898 2962 quam
924 2874 1018 2962 plebs
1039 2896 1121 2963 prae
1143 2898 1176 2940 se
1197 2876 1285 2941 serre
1311 2875 1492 2941 videbatur

161 2981 246 3049 altas
266 2982 374 3067 egisse
395 2979 545 3046 radices?
563 2979 658 3045 Talia
672 3001 754 3045 sane
770 2981 805 3045 in
822 2979 992 3046 mentibus
1012 2980 1223 3047 sacerdotum
1246 2983 1332 3047 volvi
1348 2982 1490 3047 credon-

163 3086 246 3154 dum
266 3093 316 3152 est
331 3108 408 3152 cum
429 3085 586 3153 audirent
601 3084 686 3174 quid
700 3085 833 3151 consilii
856 3085 953 3152 ludas
968 3095 1182 3175 proponeret.
1205 3088 1297 3154 Unde
1313 3111 1345 3153 v.
1370 3095 1406 3153 11
1430 3090 1491 3176 qui

162 3193 338 3262 audientes
348 3192 460 3282 partiti
470 3206 570 3274 sunt,·
586 3220 602 3252 «
618 3191 729 3279 gavisi
742 3199 820 3257 sunt
834 3214 903 3257 non
915 3191 1024 3258 solum
1039 3195 1118 3281 quia
1133 3195 1241 3282 ipsum
1258 3197 1329 3259 sinc
1344 3196 1490 3260 tumultu

162 3299 443 3390 comprehensuri
461 3304 573 3380 erant,
594 3320 716 3365 verum
738 3298 840 3364 etiam
856 3297 946 3386 quod
967 3321 987 3364 1
1003 3301 1071 3365 suis
1086 3300 1259 3389 discipulis
1276 3303 1355 3393 oclio
1371 3303 1489 3367 haberi

71 3460 74 3464 .
117 3411 120 3416 '
162 3409 327 3498 inciperet
346 3437 361 3468 »
376 3405 530 3496 (nerag
547 3411 581 3471 et
593 3427 632 3471 eo
649 3405 852 3493 modoquod
865 3411 963 3471 antea
976 3406 1157 3485 timebant,
1176 3430 1216 3472 ne
1231 3409 1314 3473 torte
1329 3409 1492 3474 tumultus

163 3515 261 3581 fieret
275 3516 310 3580 in
331 3511 461 3604 populo
476 3511 522 3601 (v.
540 3512 574 3600 2)
601 3511 702 3578 facile
719 3534 816 3600 posse
831 3512 937 3578 averti
952 3512 1016 3578 sibi
1031 3512 1295 3602 persuadebant;
1318 3528 1350 3579 ct
1359 3516 1491 3603 promi·

161 3633 279 3689 rerunt
295 3621 329 3686 ei
334 3617 521 3708 pecuniam
535 3641 569 3684 11
588 3617 751 3700 domena·
771 3640 850 3684 nam
865 3640 921 3685 eos
935 3619 1066 3685 adierat
1080 3643 1245 3708 quaerens
1263 3644 1269 3687 ε
1289 3621 1371 3710 quid
1393 3621 1492 3687 vultis

164 3727 249 3794 mihi
262 3726 366 3793 dare?
379 3731 442 3792 111.
458 3725 571 3791 1111111.
587 3730 703 3805 attat.
720 3725 904 3814 Sponsione
917 3727 1005 3792 iacta
1020 3727 1116 3792 ludas
1129 3727 1310 3816 quaerebat
1324 3727 1491 3816 pererrando

164 3834 263 3903 illum
283 3846 474 3924 opportune
494 3830 641 3897 traderet
648 3851 662 3913 ;
689 3833 755 3898 hac
780 3854 847 3897 una
868 3833 938 3898 scil.
964 3835 1166 3919 cogitatione
1184 3857 1260 3899 eum
1284 3834 1438 3900 tradendi
1460 3843 1493 3900 et

161 3943 325 4033 pecuniae
353 3939 514 4006 aviditate
537 3943 720 4026 occupatus
739 3959 850 4027 neque
871 3939 1050 4027 perpendit
1069 3940 1150 4028 quid
1175 3947 1249 4028 post
1271 3941 1490 4007 traditionem

163 4049 319 4115 futurum
338 4053 424 4113 esset
452 4051 485 4112 et
504 4044 599 4134 quali
617 4045 700 4110 sorti
720 4047 826 4111 lesum
847 4053 931 4111 esset
949 4068 1009 4111 sua
1028 4045 1218 4134 proditione
1239 4049 1490 4113 commissurus.

164 4157 225 4233 Qui
244 4156 334 4222 enim
352 4153 446 4220 iatali
462 4151 610 4242 quodam
625 4151 721 4240 quasi
740 4151 855 4217 lurore
872 4152 917 4217 ad
933 4154 1040 4218 scelus
1054 4154 1318 4242 perpetrandum
1332 4155 1444 4243 abripi
1460 4178 1493 4220 se

164 4263 331 4342 sentiunt,
359 4260 395 4326 id
421 4282 528 4326 unum
549 4263 661 4324 mente
686 4259 820 4343 agitant
843 4258 1014 4346 quomodo
1039 4260 1164 4326 scelere
1184 4261 1411 4349 perpetrando
1429 4262 1494 4326 sibi

165 4369 389 4446 satisfaciant3
415 4366 524 4434 scelus
547 4364 635 4431 illud
663 4365 711 4430 ita
732 4370 838 4430 totum
856 4366 1007 4432 animum
1028 4389 1230 4456 omnemque
1255 4370 1492 4454 cogitationem

165 4481 306 4563 occupat
329 4480 368 4540 ut
392 4474 474 4563 quid
494 4496 533 4539 ex
554 4471 682 4538 scelere
703 4480 930 4560 consequatur
947 4474 1001 4539 vel
1017 4496 1116 4561 quem
1137 4475 1274 4541 demum
1294 4477 1420 4540 exitum
1444 4498 1496 4540 111

166 4580 327 4648 habitura
343 4581 385 4646 sit
401 4582 541 4646 minime
560 4586 681 4646 curent
697 4601 806 4667 neque
819 4579 888 4644 fere
901 4579 945 4645 ad
962 4581 996 4646 id
1011 4589 1157 4649 mentem
1175 4583 1349 4648 advertere
1367 4584 1495 4671 possint

166 4694 225 4758 aut
242 4687 359 4754 velint.
