3960 5654
526 684 618 760 Quod
641 680 794 768 sequitur
818 693 914 748 erant
935 679 1024 744 enim
1044 676 1146 744 multi
1163 675 1252 766 (qui)
1274 689 1306 743 et
1319 676 1547 767 sequebantur
1563 703 1640 748 eum
1661 703 1727 747 non
1743 705 1811 750 uno

480 790 581 856 modo
598 787 777 875 accipitur;
792 793 844 855 sat
858 786 956 854 multi
973 784 1006 849 id
1020 787 1173 851 referunt
1187 783 1233 848 ad
1249 784 1450 873 publicanos
1462 786 1557 872 (Bcd.
1574 788 1681 856 Mald.
1699 787 1764 857 cal
1801 840 1808 854 .

477 895 621 984 Scheqq,
638 892 699 958 Fil.
716 894 862 982 Meyer);
879 919 895 952 «
914 891 978 957 hoc
990 892 1080 957 solus
1090 889 1175 955 dixit
1186 895 1326 970 llarcus,
1345 889 1622 959 utellicacitatem
1639 894 1810 962 fructum-

478 1024 544 1089 que
563 998 827 1089 praedicationis
845 997 968 1064 Christi
989 997 1197 1077 declararet,
1217 1019 1286 1084 qua
1301 998 1385 1062 moti
1401 997 1500 1062 multi
1516 998 1617 1064 etiam
1634 1000 1808 1087 publicani

478 1115 511 1173 et
537 1112 728 1194 peccatores
750 1127 827 1172 eum
852 1110 1030 1192 tamquam
1054 1104 1261 1188 magistrum
1284 1101 1442 1191 discipuli
1466 1110 1692 1184 sectarentur3
1722 1107 1810 1174 hanc

477 1214 546 1277 rim
562 1212 665 1279 hahet
682 1211 848 1302 particula
869 1211 927 1276 illa
942 1222 974 1276 et
991 1210 1089 1300 quasi
1108 1209 1202 1275 dicat
1215 1208 1418 1299 publicanos
1435 1215 1468 1276 et
1480 1216 1672 1299 peccatores
1687 1211 1812 1280 multos

477 1340 546 1384 non
565 1319 673 1385 solum
693 1319 838 1385 libenter
856 1316 1025 1383 audivisse
1045 1315 1217 1381 Christum
1237 1319 1271 1382 et
1289 1337 1378 1404 quae
1398 1315 1442 1382 ab
1462 1337 1502 1382 eo
1520 1314 1724 1385 dicebantur
1739 1340 1812 1386 cre-

476 1425 619 1508 didisse,
637 1425 696 1492 sed
710 1428 839 1491 secutos
854 1425 959 1489 etiarn
973 1423 1076 1488 luisse
1093 1443 1172 1488 eum
1185 1443 1325 1511 quoquo
1340 1428 1517 1510 pergeret;
1543 1430 1735 1513 peccatores
1748 1447 1810 1492 au·

476 1538 542 1597 tem
554 1539 652 1598 vocat
669 1553 735 1596 non
749 1552 788 1596 eo
805 1552 904 1596 sensu
919 1550 988 1619 quo
1000 1549 1119 1594 omnes
1129 1528 1286 1594 homines
1304 1534 1337 1594 et
1346 1534 1426 1595 sunt
1439 1535 1473 1595 et
1482 1531 1597 1596 vocari
1610 1530 1736 1614 solent,
1752 1531 1812 1599 sed

475 1660 515 1704 eo
526 1660 594 1727 quo
606 1636 719 1704 ludaei
728 1637 816 1703 solos
825 1636 972 1723 gentiles
986 1641 1046 1701 aut
1056 1635 1239 1720 gentilium
1250 1634 1377 1701 similes
1390 1635 1593 1724 publicanos
1603 1638 1663 1726 qui
1673 1639 1812 1724 negotia

475 1745 624 1811 Caesaris
634 1742 785 1830 agebant
799 1741 1021 1833 appellabant
1036 1769 1050 1799 ο
1070 1741 1220 1827 (Mala).
1236 1746 1326 1819 Quae
1342 1747 1457 1808 tamen
1469 1742 1620 1831 acceptio
1633 1766 1705 1810 non
1719 1752 1812 1812 caret

475 1849 696 1932 difficultate3
724 1871 803 1916 nam
823 1849 950 1915 multos
976 1847 1180 1938 publicanos
1204 1854 1238 1914 et
1256 1853 1451 1937 peccatores
1474 1850 1575 1915 simul
1601 1848 1810 1919 discubuisse

475 1979 553 2024 cum
573 1961 645 2023 lesu
666 1956 767 2023 modo
786 1956 915 2022 dictum
936 1960 1001 2035 est;
1025 1976 1087 2020 cur
1106 1976 1191 2041 ergo
1212 1959 1423 2042 repeteretur
1438 1955 1551 2022 statim
1570 1957 1694 2023 iterum
1714 1970 1812 2025 crant

475 2064 565 2129 enim
573 2063 696 2129 multi?
706 2085 817 2151 neque
830 2084 917 2151 opus
930 2069 1005 2128 erat
1020 2068 1139 2127 notare
1156 2060 1282 2127 multos
1296 2062 1455 2128 exsistere
1468 2062 1632 2129 eiusmodi
1645 2064 1808 2133 homines.

474 2172 557 2237 bein
573 2192 651 2236 cum
667 2171 733 2236 hoc
747 2170 820 2236 loco
833 2168 969 2235 dicatur
986 2167 1139 2234 Christus
1155 2169 1308 2257 primum
1322 2169 1651 2256 compeccatoribus
1668 2192 1810 2238 couver-

474 2278 558 2359 sari,
576 2278 675 2343 etiam
691 2298 757 2342 non
770 2276 1004 2364 exspectamus
1016 2273 1085 2340 dici
1102 2274 1294 2360 generatim
1311 2275 1428 2349 solitos
1441 2298 1511 2342 esse
1526 2281 1719 2365 peccatores
1735 2301 1808 2345 ma-

474 2405 545 2471 gno
560 2404 702 2451 numero
714 2405 792 2450 aum
807 2383 916 2471 sequi,
932 2381 966 2447 id
982 2383 1053 2449 scil.
1067 2388 1278 2470 supponeret
1291 2383 1360 2447 iam
1373 2382 1723 2472 alongioretempore
1734 2407 1811 2475 pec-

474 2498 605 2557 catores
616 2498 650 2557 et
664 2489 862 2579 publicanos
876 2489 979 2555 fuisse
992 2488 1132 2554 comitas
1148 2493 1232 2555 lesu.
1251 2493 1295 2555 lte
1306 2510 1376 2577 qua
1388 2495 1504 2555 tamen
1517 2511 1553 2555 re
1567 2490 1604 2555 in
1615 2491 1809 2559 narratione

473 2619 622 2686 eousque
641 2597 774 2663 nullum
795 2596 965 2685 reperitur
983 2594 1161 2662 indicium.
1184 2599 1300 2682 Neque
1322 2593 1458 2661 admitti
1475 2601 1585 2683 potest
1603 2596 1695 2686 quod
1716 2620 1810 2664 com·

473 2704 630 2794 pluribus
650 2705 763 2769 arrisit
785 2707 909 2770 :erant
926 2702 1024 2768 multi
1039 2710 1073 2767 et
1092 2701 1293 2767 secalz'eum
1313 2715 1412 2767 erant
1425 2701 1498 2768 scil.
1518 2703 1553 2768 in
1569 2701 1707 2770 domum
1727 2709 1809 2772 llat-

473 2811 577 2877 thaei.
594 2810 708 2878 Obstat
719 2811 811 2876 enim
824 2810 938 2898 primo
953 2809 1142 2894 tautologia
1153 2829 1241 2897 quae
1254 2808 1289 2873 in
1301 2821 1399 2874 crant
1409 2808 1513 2874 multi
1523 2809 1680 2893 hahetur,
1698 2833 1808 2901 neque

473 2917 571 2984 facile
587 2912 767 2986 ἠκολούθουν
781 2917 919 2983 notione
934 2916 1098 3003 temporis
1115 2914 1443 3003 plusquamperfecti
1459 2915 1567 3005 accipi
1585 2920 1695 3005 potest
1706 2917 1732 2999 ¹;
1754 2920 1808 2985 in·

472 3047 574 3114 super
588 3025 706 3091 inutile
724 3029 772 3090 est
789 3029 967 3111 postquam
981 3020 1110 3086 dictum
1126 3027 1177 3087 est
1193 3042 1250 3086 eos
1265 3021 1468 3087 accumbere
1480 3044 1557 3088 cum
1571 3026 1660 3105 lesu,
1680 3023 1808 3093 addere

473 3154 529 3198 eos
541 3137 673 3198 secutos
688 3152 758 3197 esse
773 3134 880 3195 lesum
894 3129 929 3194 in
942 3128 1096 3194 domum.
1109 3131 1193 3194 Nam
1208 3150 1277 3215 qua
1290 3127 1357 3194 alia
1372 3127 1504 3194 ratione
1516 3134 1675 3217 poterant
1689 3153 1759 3199 esse
1771 3132 1807 3199 in

472 3238 591 3304 eadem
612 3259 690 3304 cum
706 3242 779 3303 lesu
798 3235 922 3302 domo?
942 3237 1048 3300 Nemo
1065 3234 1157 3301 enim
1179 3233 1314 3322 putabit
1335 3257 1392 3300 eos
1408 3235 1476 3300 iam
1495 3240 1573 3302 ante
1593 3238 1805 3305 vocationem

473 3345 629 3411 Matthaei
649 3345 685 3410 in
704 3344 775 3410 eius
795 3342 936 3408 domum
956 3341 1165 3407 convenisse.

518 3452 612 3517 Hisce
627 3450 801 3539 perpensis
822 3448 931 3515 altera
946 3447 1208 3514 commendatur
1222 3447 1372 3536 acceptio
1387 3469 1489 3536 quam
1506 3451 1599 3515 Patr.
1616 3451 1804 3541 proposuit,

472 3557 674 3625 senteutiam
688 3556 806 3623 referri
818 3555 862 3622 ad
877 3554 1000 3620 Christi
1015 3552 1199 3642 discipulos
1210 3576 1294 3642 quos
1305 3555 1430 3621 multos
1439 3554 1541 3622 luisse
1553 3563 1586 3622 et
1599 3559 1803 3645 magistrum

471 3665 567 3754 sequi
591 3664 705 3730 solitos
728 3668 856 3729 llarcus
877 3667 992 3728 narret
1017 3661 1079 3749 (ita
1103 3682 1240 3750 quoque
1264 3660 1419 3741 Schanz,
1449 3661 1580 3750 Weiss).
1608 3666 1691 3730 Cum
1711 3666 1803 3732 enim

473 3776 599 3837 llarcus
618 3772 729 3860 prima
747 3771 818 3836 vice
838 3769 1047 3835 mentionem
1065 3766 1312 3857 discipulorum
1331 3767 1473 3850 inferat,
1495 3790 1566 3835 non
1589 3776 1664 3836 erat
1686 3771 1747 3838 ahs
1771 3795 1807 3839 re

472 3876 635 3944 adnotare
657 3879 725 3943 iam
749 3897 866 3943 eorum
887 3895 1069 3941 numerum
1096 3894 1262 3960 magnum
1285 3874 1388 3940 luisse
1412 3896 1535 3964 eosque
1558 3882 1751 3944 constanter
1772 3879 1807 3945 in

472 3984 595 4050 Christi
619 3983 784 4050 comitatu
811 3987 960 4048 versatos
981 4002 1064 4047 esse.
1095 3986 1134 4047 Et
1153 3981 1323 4047 Christum
1352 4003 1392 4047 eo
1411 3987 1563 4070 tempore
1588 3983 1657 4049 iam
1682 3985 1804 4052 multos

472 4091 631 4158 habuisse
657 4088 840 4179 discipulos
863 4110 964 4155 nemo
986 4086 1188 4153 incredibile
1213 4109 1350 4154 censere
1375 4093 1498 4176 potest,
1524 4111 1605 4155 nam
1629 4111 1697 4157 non
1720 4090 1806 4158 adeo

472 4196 578 4264 multo
596 4204 670 4287 post
683 4219 723 4263 ex
737 4195 911 4284 discipulis
929 4192 1034 4280 elegit
1052 4192 1236 4260 duodecim
1252 4193 1421 4282 apostolos
1441 4198 1475 4259 et
1496 4196 1629 4262 vocatio
1650 4197 1806 4265 llatthaei

471 4326 587 4370 versus
611 4303 710 4369 finem
732 4304 835 4392 primi
855 4301 936 4369 anni
957 4302 1046 4367 vitae
1066 4302 1139 4366 eius
1158 4299 1320 4389 publicae
1339 4322 1380 4366 ac
1405 4300 1671 4390 praedicationis
1694 4305 1805 4371 evenit

473 4412 530 4500 (cl.
552 4409 710 4498 Cornelq,
727 4409 852 4476 lntrod.
872 4413 911 4474 lll
927 4433 960 4497 p.
979 4409 1071 4493 287).
1090 4414 1134 4475 Ex
1148 4408 1292 4474 lectione
1307 4408 1446 4473 demum
1460 4430 1564 4497 quam
1583 4409 1622 4475 Ti
1632 4410 1806 4499 adoptavit

472 4519 570 4585 tertia
588 4517 718 4583 eruitur
737 4518 905 4606 acceptio,
926 4536 1031 4603 quam
1052 4514 1127 4579 li'er'l
1143 4515 1320 4604 adoptavit
1348 4537 1357 4580 ι
1379 4521 1476 4581 erant
1495 4515 1585 4581 enim
1606 4517 1705 4583 multi
1726 4517 1805 4606 (pu-

504 4741 524 4783 t.
541 4732 698 4796 Quandoque
714 4731 790 4780 ctiam
807 4730 896 4780 dicum
918 4731 1060 4780 ἀκολουθεῖν
1077 4728 1219 4791 significare
1241 4731 1313 4794 sequi
1329 4734 1459 4794 tamquam
1475 4729 1638 4793 discipulum.
1661 4731 1688 4780 ld
1699 4731 1804 4796 quidem

472 4813 579 4863 habetur
594 4815 619 4862 in
632 4827 655 4862 r.
672 4817 712 4871 tl;
725 4816 751 4861 at
763 4810 863 4874 saepius
878 4823 984 4874 quoque
1000 4808 1105 4859 verbnm
1121 4809 1218 4858 dicitur
1232 4808 1281 4858 alio
1299 4823 1374 4860 sensu
1392 4809 1423 4859 de
1439 4809 1470 4859 iis
1486 4809 1531 4874 qui
1551 4812 1634 4861 lesum
1654 4811 1739 4861 solum
1758 4825 1802 4876 per

472 4894 546 4944 breve
556 4897 654 4957 ternpus
668 4893 832 4951 comitantur,
845 4905 903 4941 eum
917 4891 943 4940 in
956 4890 1086 4940 desertum
1103 4889 1186 4939 locum
1199 4895 1356 4953 sequuntur,
1370 4890 1405 4940 itu
1418 4895 1471 4951 a,7;
1492 4895 1561 4952 53⁴3
1577 4895 1633 4952 a,1;
1657 4896 1735 4952 ¹0³2.
1749 4895 1778 4944 52

473 4979 540 5036 ll,9;
557 4979 636 5036 tint.
649 4981 685 5024 51.
698 4978 726 5024 st
738 4977 765 5024 ct
776 4973 809 5023 ita
821 4972 1002 5038 quoqueapud
1013 4970 1077 5022 alios
1087 4971 1267 5035 evangelistas.
