3960 5654
179 126 661 185 ἑζῖίείώᾛίὼξὲΫ-,ὒιθάίᾼῦῧῦῑίῦ[ιἰν“ν”
680 158 682 168 ¹
702 173 704 176 .
771 159 775 166 ·
809 162 829 175 ¹.
874 168 879 175 -
910 171 913 177 .
1014 160 1016 167 ¹
1039 143 1096 173 ·¹‘⁸'
1121 158 1138 176 ⁸¹

186 188 198 205 μ’
215 194 226 202 ..
242 180 298 205 κ“’·,”’;-
310 187 314 205 ’.
328 175 374 211 ,ομηὶ
390 177 433 217 ’,γ”ἶ
445 189 450 199 ι
466 206 470 212 ¹
483 181 489 192 ¹¹
536 187 539 192 ·
568 204 570 209 Ι
707 182 710 189 “
728 178 734 188 ⁴
761 171 831 194 ’ΝΗ
851 176 873 196 Τ
909 184 919 200 ο
931 183 954 195 εἰ
968 176 986 201 2¹
1001 174 1020 184 ''
1123 174 1151 199 Ἰζ

246 509 250 516 ·
341 480 397 542 136

337 627 416 711 quae
430 631 482 692 hic
495 627 624 693 ‘sanctos
640 633 747 691 manet
760 635 871 693 nutura
886 632 947 693 hoc
965 631 1034 691 loco
1048 630 1198 708 graphice
1213 629 1412 708 est'depicta.
1428 629 1665 707 Tempestalem

337 732 424 792 enim
441 730 574 790 immisit
592 745 730 800 saevam,
747 745 850 806 neque
870 730 931 791 hoc
949 731 1131 800 contentus,
1149 730 1266 808 operiri
1284 728 1380 790 etiam
1396 725 1543 786 iluctibus
1557 725 1666 785 navim

337 847 373 889 ac
386 826 511 904 impleri
527 846 609 907 aque
624 827 715 896 sinit;
732 824 770 883 ad
788 825 867 888 beec
880 842 1005 888 summe
1023 825 1237 901 periclitantes
1254 827 1338 887 visus
1353 828 1401 886 est
1419 839 1550 906 prorsus
1565 822 1667 900 negli-

337 943 421 1006 gere.
442 925 507 984 lllis
525 928 610 987 enim
626 927 689 984 iam
707 927 846 986 extrema
865 922 1122 1004 exspectantibus
1138 941 1266 986 securus
1284 924 1352 1002 ipse
1369 920 1488 983 dormit
1503 922 1620 979 stratus
1636 920 1669 978 in
1739 982 1744 991 „

338 1023 447 1101 puppi.
463 1023 515 1084 Sic
530 1042 606 1084 sane
627 1021 801 1100 probantur
819 1024 929 1094 sancti,
948 1026 983 1081 ut
999 1037 1061 1079 non
1080 1021 1184 1082 solum
1200 1038 1297 1098 supra
1314 1038 1408 1097 quam
1424 1018 1594 1079 videantur
1607 1016 1667 1075 sibi

337 1121 418 1181 ierre
434 1139 526 1199 posse
546 1122 736 1198 alligantur,
755 1121 809 1180 sed
826 1121 921 1181 simul
938 1120 981 1178 ita
998 1135 1031 1177 se
1052 1119 1136 1178 Deus
1151 1137 1223 1197 erga
1239 1118 1309 1178 illos
1325 1115 1467 1189 exhibet,
1483 1116 1578 1188 etiam
1594 1129 1667 1173 cum

337 1224 446 1279 actum
461 1221 500 1281 de
515 1222 562 1281 eis
576 1221 638 1278 iam
654 1216 786 1286 videtur,
802 1224 838 1279 ut
849 1218 966 1279 nullam
981 1232 1090 1275 eorum
1104 1219 1258 1278 rationem
1271 1213 1388 1274 habere
1403 1214 1614 1274 existimetur.
1631 1212 1670 1270 at

337 1333 402 1377 non
417 1318 494 1378 sinit
508 1323 614 1377 tamen
630 1319 755 1374 sanctos
775 1315 973 1395 despondere
992 1313 1150 1386 animum;
1167 1316 1251 1382 sicul
1271 1313 1358 1372 enim
1378 1310 1429 1372 hic
1449 1311 1598 1389 discipuli
1614 1326 1668 1369 ne·

337 1398 498 1493 quaquam
513 1430 642 1476 omnem
659 1429 749 1490 spem
765 1414 965 1484 abiecerunt,
980 1411 1034 1471 sed
1050 1413 1223 1490 Dominum
1238 1410 1413 1470 excitarunt
1427 1425 1585 1487 opemque
1602 1407 1670 1468 eius

338 1514 580 1592 implorarunt...
602 1512 645 1570 ita
664 1515 696 1569 et
710 1503 827 1593 sanctis
844 1508 990 1572 usuvenit
1011 1534 1036 1581 u,
1055 1514 1115 1570 etc.
1135 1506 1258 1588 (Iam).
1273 1509 1438 1568 Praeterea
1451 1507 1604 1583 frequens
1622 1509 1671 1564 est

336 1611 405 1673 eius
421 1617 551 1673 eventus
569 1609 741 1687 applicatio
761 1614 792 1669 et
808 1608 848 1669 ad
868 1607 1043 1668 Ecclesiam
1062 1608 1243 1668 universam
1263 1608 1295 1666 el
1313 1605 1508 1684 sid-singulas
1525 1594 1674 1676 animas;v

337 1708 375 1770 de
391 1727 452 1787 qua
466 1709 539 1769 vide
555 1709 733 1767 Comment.
752 1707 783 1766 iu
798 1704 907 1766 naith.
925 1705 937 1765 1
953 1721 984 1782 p.
1000 1707 1069 1764 332.
1525 1725 1527 1728 ⁴

703 1904 729 1968 o)
749 1904 898 1956 sanatur
916 1902 1152 1955 daemoniacus
1171 1901 1303 1968 5‚1-2o.

373 2056 428 2117 5,1.
445 2056 479 2106 Et
491 2057 628 2106 venerunt
647 2057 723 2105 trane
736 2055 836 2106 iretum
851 2055 936 2105 maris
951 2055 978 2103 in
1065 2055 1120 2114 5,l.
1143 2048 1190 2100 uu
1208 2046 1287 2116 ἦλθον
1309 2047 1341 2110 είς
1364 2048 1392 2101 rb
1416 2049 1488 2118 πίραν
1506 2050 1550 2114 τῆς
1572 2045 1670 2099 θαλάσ-

337 2143 481 2208 regionem
498 2145 714 2195 Gerasenorum.
731 2144 758 2193 θ.
774 2144 808 2194 Et
821 2144 934 2194 exeunti
953 2145 979 2193 ei
1029 2158 1085 2205 σης,
1108 2137 1141 2200 είς
1160 2136 1204 2203 τὴν
1229 2140 1314 2209 χώραν
1337 2143 1386 2190 τῶν
1404 2137 1561 2207 Γερασηνῶν.
1582 2141 1609 2191 θ.
1630 2136 1673 2188 καί

337 2233 373 2282 de
395 2235 461 2282 navi
482 2234 576 2283 statim
600 2235 720 2283 occurrit
733 2233 769 2283 de
791 2234 979 2282 monumentis
1029 2226 1170 2289 ἐξελθόντος
1188 2226 1263 2281 αὐτοῦ
1287 2225 1313 2280 dx
1336 2230 1380 2281 τοῦ
1402 2226 1492 2280 πλοίου
1499 2254 1508 2291 ,·
1530 2225 1670 2292 ὑπήντησεν

339 2321 423 2370 horno
438 2323 466 2370 in
480 2323 580 2384 spiritu
593 2321 748 2371 immundo.
770 2321 796 2371 3.
818 2320 873 2380 Qui
888 2321 978 2371 domi·
1029 2315 1097 2387 αὐτῷ
1116 2316 1142 2369 ίκ
1166 2322 1215 2369 τῶν
1239 2318 1368 2388 μνημείων
1393 2316 1521 2386 ἅνθρωπος
1544 2315 1570 2368 ἐν
1596 2314 1671 2368 nied·
1708 2379 1710 2388 γ

336 2410 430 2461 cilium
444 2410 565 2460 habebat
579 2412 607 2459 in
627 2412 827 2469 monumentis;
848 2413 877 2461 et
889 2423 979 2474 neque
1029 2404 1251 2478 ματιάκαθάριῳ,
1273 2410 1298 2459 3.
1318 2408 1345 2468 ὃς
1364 2407 1407 2463 τὴν
1432 2405 1576 2472 κατοίκησιν
1600 2401 1671 2474 εἶχεν

338 2501 443 2550 eatenis
457 2499 976 2563 iamquisqusmpoterateumligare;
1029 2493 1054 2548 ἐν
1085 2496 1137 2556 τοῖς
1164 2495 1289 2566 μνήμασιν
1317 2495 1359 2547 καὶ
1391 2493 1445 2547 οὐδὲ
1477 2494 1564 2546 ἁλύσει
1591 2491 1673 2546 eisin

373 2589 399 2661 ί.
421 2588 560 2648 Quoniam
583 2600 668 2651 saepe
687 2588 867 2651 compedibus
880 2592 908 2639 et
930 2601 978 2638 oa-
1028 2583 1105 2646 οθδεὶς
1124 2583 1230 2649 ἠδύνατο
1249 2584 1322 2637 αὐτὸν
1341 2585 1415 2650 δῆσαι
1422 2627 1431 2653 ,
1456 2587 1482 2639 ί.
1501 2583 1543 2635 eu
1569 2582 1598 2635 rb
1625 2581 1671 2634 αὒ-

338 2679 412 2728 lenis
447 2680 570 2737 vinctus,
608 2677 760 2740 dirupisset
794 2682 921 2738 catenas,
951 2680 979 2727 et
1029 2673 1071 2725 riv
1096 2673 1217 2736 πολλάκις
1240 2675 1322 2735 πέδαις
1353 2674 1395 2726 καὶ
1418 2673 1519 2726 ἀλάσισι
1542 2659 1670 2740 irbieton,⁴

337 2766 485 2828 compedes
499 2767 722 2826 comminuisset;
735 2770 763 2817 et
772 2779 856 2817 nemo
870 2769 979 2830 poterat
1028 2762 1070 2815 καὶ
1083 2759 1230 2816 διεσπάσθαι
1245 2761 1290 2816 ῦπ’
1302 2762 1377 2815 αὐτοῦ
1389 2761 1432 2824 τὰς
1446 2762 1557 2827 ἀλύσεις,
1573 2759 1673 2822 καὶτὰς

338 2867 402 2905 oum
416 2854 540 2904 domare.
558 2855 583 2904 5.
601 2855 635 2904 Et
653 2867 764 2917 semper
782 2856 830 2906 die
843 2869 876 2906 ao
897 2860 979 2906 noete
1028 2853 1100 2914 πέδας
1112 2854 1298 2923 συντετρῖφθαι,
1313 2852 1356 2904 καὶ
1365 2851 1441 2914 obern
1452 2852 1537 2922 ἴσχυεν
1545 2850 1620 2903 αὐτὸν
1629 2851 1672 2901 δα·

337 2943 367 2992 ln
382 2944 570 2993 monumentis
583 2949 610 2993 et
629 2944 659 2993 in
674 2944 814 2994 montibus
830 2948 904 3005 eret,
920 2946 979 2994 ola·
1030 2942 1115 3010 μάσαι·
1138 2947 1164 2996 5.
1185 2941 1226 2993 καί
1244 2940 1285 2993 ul
1303 2940 1394 3003 παντὸς
1413 2942 1498 3003 νυκτὸς
1521 2928 1564 2992 καί
1582 2939 1673 3010 ίημίρας

337 3044 431 3090 mans,
442 3031 627 3081 etconoidens
635 3045 666 3082 se
674 3033 822 3095 lapidibus.
832 3033 861 3106 6.
873 3034 979 3084 Videns
1029 3027 1053 3079 ἐν
1072 3033 1124 3092 τοῖς
1142 3030 1268 3101 μνήμασιν
1287 3030 1330 3082 καὶ
1347 3029 1373 3083 ίν
1393 3033 1445 3092 τοῖς
1463 3030 1545 3100 θρεσιν
1564 3025 1595 3096 ἦν
1614 3029 1673 3099 κρά-

340 3126 435 3170 autem
449 3119 541 3169 Iesum
555 3132 572 3169 a
587 3121 686 3180 longe,
707 3124 841 3182 cucurrit,
862 3126 890 3172 et
909 3122 978 3173 ado·
1028 3121 1079 3179 ζων
1106 3118 1148 3171 καὶ
1166 3119 1328 3173 κατακόπτων
1352 3118 1441 3174 ἑαυτὸν
1464 3118 1553 3180 λίθοις.
1580 3121 1605 3172 6.
1631 3117 1674 3170 καὶ

338 3210 410 3258 revit
427 3221 513 3258 eum:
533 3208 559 3257 7.
579 3211 607 3257 et
627 3209 751 3259 olamans
772 3223 839 3261 vooe
861 3224 977 3274 magns,
1030 3207 1088 3260 ίδὼν
1115 3209 1158 3260 τὀν
1190 3207 1289 3274 Ἰησοῦν
1317 3207 1366 3261 ἀπὸ
1400 3210 1537 3278 μακρόθεν,
1567 3206 1672 3277 ίδραμεν

337 3296 407 3347 dixit
429 3309 435 3344 :
459 3296 532 3356 Quid
546 3299 629 3357 mihi,
646 3303 674 3347 et
695 3299 758 3359 tibi,
777 3298 841 3349 lesu
856 3299 908 3349 Fili
928 3300 979 3349 Dei
1029 3297 1071 3348 καὶ
1104 3297 1285 3366 προσεκύνησεν
1323 3296 1411 3359 αὐτόν,
1442 3302 1468 3351 7.
1509 3297 1552 3351 καὶ
1586 3296 1674 3366 κράξας

337 3384 482 3436 altissimi?
499 3386 599 3435 adiuro
620 3389 646 3436 te
667 3399 717 3450 per
743 3388 845 3449 Deum,
872 3402 908 3439 ne
936 3401 980 3438 me
1028 3389 1095 3456 ρωνῇ
1111 3386 1207 3455 μεγάλη
1223 3385 1306 3455 λέγει,
1322 3387 1353 3440 Τί
1367 3385 1424 3456 ίμοί
1441 3387 1484 3438 καὶ
1502 3386 1557 3453 σοί,
1573 3385 1671 3452 Ἰησοῦ,

338 3477 479 3538 torqueas.
1028 3474 1064 3526 uli
1087 3481 1131 3528 τοῦ
1159 3476 1222 3529 θεοῦ
1249 3481 1293 3528 τοῦ
1318 3476 1434 3547 'uitatem
1458 3476 1549 3545 ὁρκίζω
1576 3493 1604 3527 σε
1629 3474 1673 3527 τὸν

373 3563 398 3614 8.
414 3563 531 3614 Dicebat
544 3567 618 3614 enim
634 3566 693 3613 illi:
711 3565 775 3625 Exi,
797 3568 909 3629 spiritus
927 3569 979 3615 im·
1029 3563 1089 3617 Θεὸν
1110 3566 1144 3634 μη
1160 3585 1190 3635 με
1209 3566 1351 3636 βασανίσῃς.
1371 3569 1397 3619 8.
1416 3564 1502 3634 ἔλεγεν
1522 3564 1572 3634 γὰρ
1591 3562 1672 3635 αθπῷ,

338 3652 454 3711 munde,
475 3654 509 3702 ab
535 3654 658 3703 bomine.
685 3655 711 3705 9.
737 3654 771 3704 Et
790 3656 980 3719 interrogabat
1030 3652 1146 3718 Ἔξελθε,
1185 3656 1214 3707 τὸ
1255 3659 1351 3724 πνεῦμα
1388 3653 1416 3706 το
1453 3653 1607 3723 ἀκάθαρτον,
1646 3651 1673 3705 lx

338 3753 402 3792 eum
418 3755 424 3789 :
440 3740 519 3800 Quod
536 3742 585 3792 ubi
601 3755 703 3793 nomen
717 3743 776 3792 est?
791 3744 825 3793 Et
842 3744 910 3794 dicit
928 3746 977 3794 ei:
1029 3746 1073 3793 τοῦ
1091 3742 1232 3813 ἀνθρώπου.
1258 3749 1284 3798 9.
1310 3742 1353 3795 καὶ
1381 3741 1496 3812 ἐπηρώτα
1521 3740 1611 3803 αὐτὸν,
1643 3741 1674 3793 Τί

337 3828 425 3894 Legio
439 3831 507 3879 mihi
518 3843 619 3880 nomen
633 3833 768 3895 est‚quie
782 3834 861 3883 multi
871 3846 976 3883 sumus.
1029 3832 1108 3901 ὄνομά
1134 3852 1186 3897 σοι;
1211 3833 1254 3885 καὶ
1280 3832 1348 3902 λέγει
1374 3830 1441 3902 einp
1466 3831 1565 3901 ιίεγεὼν
1591 3831 1673 3901 ὄνομά

341 3918 383 3968 ίθ.
399 3918 433 3968 Et
451 3919 653 3982 deprecabatur
666 3932 731 3970 enm
750 3922 882 3980 muitum,
900 3935 979 3973 nese
1030 3921 1072 3988 μοί
1091 3920 1173 3989 ἐστιν,
1194 3923 1232 3974 θτι
1251 3921 1343 3976 πολλοί
1360 3920 1444 3992 ἐσμεν.
1473 3924 1514 3975 lo.
1535 3920 1577 3972 καὶ
1595 3938 1673 3990 παρτ-

337 4009 490 4070 expelleret
504 4013 585 4058 extra
598 4011 753 4072 regionem.
1029 4009 1099 4062 κάλει
1118 4009 1192 4063 atrii
1213 4010 1311 4076 πολλὰ,
1330 4011 1373 4062 ἵνα
1398 4009 1431 4079 μὴ
1457 4008 1519 4062 αὗτά
1536 4008 1673 4082 ἀποστείλῃ

376 4096 416 4146 li.
434 4097 500 4146 Erat
513 4101 606 4147 autern
626 4099 663 4147 ibi
677 4100 750 4149 circa
769 4102 890 4151 montem
910 4114 979 4164 grex
1029 4098 1074 4160 ι’ξιο
1102 4095 1144 4165 τῆς
1170 4101 1262 4170 χώρας.
1294 4104 1335 4154 ti.
1360 4094 1391 4166 ἦν
1421 4098 1448 4152 ei
1472 4097 1528 4151 ἐκεῖ
1551 4099 1612 4168 πρὸς
1639 4104 1675 4170 τῷ

337 4198 483 4248 porcorum
498 4200 631 4250 magnus,
648 4200 775 4251 pascens.
1028 4189 1079 4258 ὄρει
1107 4187 1185 4258 ἀγέλη
1213 4190 1305 4261 χοίρων
1329 4188 1427 4259 μιγάλη
1452 4189 1600 4258 βοσκομένη·
1629 4192 1671 4242 tt.

376 4274 416 4325 12.
434 4275 467 4324 Et
479 4276 701 4339 deprecabantur
715 4290 778 4327 eum
793 4280 920 4341 spiritus,
935 4280 978 4329 di·
1029 4278 1070 4328 καὶ
1101 4277 1271 4348 παρεκάλεσαν
1304 4270 1377 4330 αὐτὸν
1409 4276 1539 4348 λέγοντες,
1573 4276 1673 4348 Πέμψον

338 4366 433 4413 centes
450 4377 456 4412 ε
475 4364 554 4414 Mitte
576 4378 628 4415 nos
648 4368 676 4415 in
693 4379 806 4430 porcos,
828 4371 857 4416 ut
880 4371 908 4417 in
930 4382 979 4419 eos
1028 4365 1093 4437 ἡμεῖς
1108 4365 1140 4429 εἰς
1154 4368 1210 4429 τοῦς
1228 4368 1334 4437 χοίρους,
1348 4368 1391 4419 ίνα
1406 4365 1438 4428 εἰς
1453 4366 1539 4427 αὖτοὺς
1554 4364 1673 4419 :leote-

339 4453 518 4503 introeamus.
545 4455 584 4504 13.
605 4454 639 4503 Et
658 4457 794 4506 concessit
822 4458 863 4506 eis
884 4459 977 4507 statim
1028 4456 1350 4528 μεν.13.κσ“ιέπίτρε·ίρεν
1375 4453 1673 4518 senoniensium
1772 4519 1774 4524 Ι

339 4539 427 4591 Iesus.
445 4541 628 4593 sternentes
648 4547 761 4607 spiritus
779 4546 913 4596 immundi
934 4548 978 4595 in·
1029 4546 1059 4598 :ii
1078 4547 1204 4616 πνεύματα
1223 4546 1254 4599 τά
1278 4545 1402 4616 ἀκάθαρτα
1422 4544 1538 4610 εἰσῆλθον
1562 4541 1596 4605 είς
1617 4543 1673 4606 τοίνς

337 4631 510 4679 troieruntin
522 4645 633 4692 porcos;
647 4639 675 4683 et
683 4636 899 4698 magnoimpetu
910 4648 978 4699 grex
1028 4636 1137 4705 χοίρους·
1165 4637 1207 4686 καὶ
1233 4637 1348 4706 ὥρμησεν
1379 4639 1395 4692 τ’.
1431 4633 1506 4707 ἀγέλη
1535 4632 1598 4685 κατά
1629 4637 1672 4686 τοῦ

338 4720 535 4782 praecipitatus
550 4725 593 4770 esi
611 4724 638 4771 in
654 4736 730 4773 mare
748 4724 782 4774 ad
801 4725 855 4774 duo
874 4726 976 4784 millia,
1028 4729 1139 4794 κρημνοῦ
1163 4723 1196 4785 είς
1219 4723 1263 4789 τὴν
1286 4724 1411 4776 θάλασσαν
1430 4725 1463 4785 ὼς
1480 4723 1611 4793 δισχίλιοι·
1631 4723 1674 4775 καί

338 4807 504 4858 etsullocati
519 4812 626 4859 suntin
645 4815 723 4861 mari.
745 4813 785 4863 il.
810 4814 864 4874 Qui
886 4819 978 4865 autem
1028 4812 1158 4884 ἐπνίγοντο
1174 4813 1200 4865 ἐν
1219 4819 1250 4884 τῇ
1269 4814 1389 4886 θαλάσση.
1410 4817 1450 4868 ii.
1471 4814 1513 4865 καὶ
1526 4814 1550 4865 oi
1570 4814 1673 4884 βόσκον-

339 4896 489 4962 pascebant
500 4911 562 4956 eos,
579 4897 726 4962 ingerunt,
739 4907 767 4952 et
781 4905 980 4954 nuntiaverunt
1029 4922 1067 4964 τες
1087 4901 1173 4963 auron
1195 4903 1301 4973 ἔρυγον,
1326 4905 1368 4957 καί
1392 4902 1547 4973 ἀπήγγειλαν
1572 4903 1604 4964 εἰς
1628 4901 1672 4968 τὴν
