3960 5654
297 517 353 576 iia

298 675 367 722 erat.
395 673 420 722 ⁸2.
451 673 485 722 Et
515 667 633 719 docebat
661 679 710 717 eos
741 669 768 717 in
795 662 936 729 parabolis

300 761 400 825 multa,
413 764 440 813 et
454 757 563 808 dicebat
578 756 633 805 iliis
644 757 673 805 in
685 756 811 807 doctrina
824 765 874 803 sua
891 765 896 797 :

331 850 358 900 3.
375 848 494 900 Audite:
511 858 576 894 eece
592 847 660 895 exiit
674 847 815 895 seminans
834 839 868 889 ad
888 853 934 889 se·

296 936 467 989 minandum.
499 935 523 983 i.
551 934 585 984 Et
607 935 672 985 dum
702 933 835 986 seminat,
857 929 932 978 atiud

295 1025 394 1077 decidit
407 1025 480 1073 cirea
495 1025 582 1084 viam;
602 1029 629 1074 et
651 1023 787 1073 venerunt
808 1018 934 1068 volucres

295 1114 379 1170 coeii,
396 1117 424 1162 et
437 1114 618 1164 eomederunt
633 1110 710 1161 iliud.
728 1111 753 1158 5.
769 1107 853 1157 Aliud
868 1121 934 1158 vero

295 1200 393 1252 cecidit
411 1215 494 1265 super
523 1206 648 1266 petrosa,
677 1199 722 1247 ubi
753 1209 808 1245 non
837 1196 934 1246 habuit

295 1296 396 1339 terram
416 1292 547 1348 muitam;
571 1295 599 1340 et
618 1288 711 1337 statim
730 1289 857 1335 exortum
876 1288 931 1343 est,

295 1381 427 1440 quoniam
443 1393 498 1430 non
509 1378 630 1429 habebat
640 1374 815 1424 altitudinem
827 1379 932 1433 terrae;

296 1467 321 1515 6.
339 1467 373 1517 Ei
387 1468 499 1532 quando
519 1469 633 1518 exortus
652 1468 694 1513 est
708 1465 765 1523 soi,
791 1466 933 1513 exaestua-

296 1558 348 1616 vit,
373 1560 402 1608 et
427 1570 461 1607 eo
488 1536 565 1620 quod
590 1566 644 1604 non
667 1553 788 1602 habebat
813 1552 934 1602 radieem

295 1648 413 1696 exaruit.
431 1647 457 1694 7.
475 1645 510 1695 Et
525 1642 602 1694 aliud
621 1642 720 1692 cecidit
739 1643 768 1690 in
782 1643 890 1704 spinas;
908 1642 936 1689 et

296 1735 482 1785 ascenderunt
495 1735 605 1796 apinae,
624 1735 652 1781 et
672 1730 879 1780 suffocaverunt
901 1729 934 1778 ii-

296 1823 342 1873 lud
350 1837 357 1882 ;
376 1826 404 1872 et
424 1821 541 1871 iructum
561 1833 618 1871 non
639 1798 724 1869 dedit.
749 1817 775 1867 8.
800 1818 834 1868 Et
859 1813 936 1868 aiiud

295 1912 393 1962 cecidit
407 1912 436 1959 in
452 1914 556 1959 terram
575 1910 694 1967 bonam,
716 1910 744 1957 et
758 1907 841 1956 dabat
861 1905 935 1955 iruc·

295 2003 353 2049 ium
368 1999 564 2050 ascendentem
580 2001 607 2048 et
622 2000 807 2055 crescentem
823 1995 852 2045 'et
866 1993 936 2044 aiie·

296 2089 374 2139 rebat
384 2100 469 2138 unum
485 2089 615 2150 triginta,
632 2098 717 2136 unum
735 2086 894 2148 sexaginta,
908 2085 937 2133 et

296 2189 382 2227 unum
396 2182 519 2227 eentum.
544 2176 569 2227 9.
587 2176 621 2226 Et
634 2175 745 2224 dicebat
761 2187 767 2222 :
789 2175 837 2237 qui
852 2173 936 2222 habet

296 2278 378 2316 aures
386 2265 527 2323 audiendi,
543 2265 649 2315 audiat.
668 2262 709 2313 10.
724 2263 758 2313 Et
768 2275 852 2326 quum
863 2264 936 2311 esset

306 2354 470 2417 singularis,
494 2355 738 2416 interrogaverunt
761 2363 824 2401 eum
843 2351 872 2400 hi
887 2352 934 2414 qui

301 2455 363 2494 cum
377 2455 412 2492 eo
426 2447 505 2493 erant
526 2441 686 2499 duodecim,
704 2440 873 2503 parabolam.

333 2532 374 2581 11.
396 2531 430 2581 Et
453 2531 562 2582 dicebat
581 2534 622 2580 eis
642 2542 648 2578 :
672 2530 753 2580 vobis
776 2528 871 2579 datum
893 2534 935 2579 est

298 2633 381 2672 nosse
395 2622 557 2684 mysterium
572 2620 653 2683 regni
674 2619 726 2669 Dei
743 2631 749 2667 :
768 2618 824 2669 iilis
841 2620 934 2668 autem

296 2712 343 2774 qui
359 2709 426 2760 ioris
439 2712 517 2767 aunt,
535 2711 563 2758 in
582 2709 723 2772 parabolis
736 2707 832 2758 omnia
854 2705 932 2756 irunt.

333 2798 373 2848 ii.
398 2797 436 2849 Ut
462 2797 587 2848 videntes
613 2797 739 2857 videant,
765 2800 794 2846 et
816 2809 872 2845 non
896 2798 934 2844 vi·

297 2887 394 2946 deant;
412 2889 439 2936 et
463 2887 609 2937 audientes
623 2887 751 2946 audiant,
773 2888 801 2936 et
819 2898 876 2935 non
891 2887 934 2933 in-

295 2975 435 3038 telligant;
465 2987 500 3024 ne
530 2975 642 3038 quando
670 2976 876 3032 convertantur,
907 2976 934 3022 ei

297 3064 472 3113 dimittantur
485 3065 526 3113 ais
540 3068 662 3126 peecata.
682 3063 724 3114 13.
741 3063 775 3113 Et
794 3064 834 3112 ait
852 3062 931 3112 iilis:

295 3153 408 3203 nescitis
434 3152 598 3215 parabolam
623 3151 712 3201 hanc?
737 3154 766 3202 et
793 3151 934 3215 quomodo

294 3254 392 3291 omnes
416 3241 566 3305 parabolas
589 3239 781 3302 cognoscetis?
813 3239 853 3289 ii.
879 3240 934 3298 Qui

295 3331 429 3390 seminat,
448 3330 564 3380 verbum
579 3332 708 3379 seminat,
729 3330 769 3378 15.
787 3328 822 3378 iii
840 3332 933 3379 autem

295 3421 372 3479 sunt,
389 3420 437 3482 qui
453 3420 527 3467 circa
542 3420 629 3476 viam,
645 3417 691 3468 ubi
706 3419 860 3468 seminatur
876 3430 934 3467 ver·

295 3507 373 3566 ουσι,
395 3512 423 3557 et
437 3519 522 3570 quum
546 3508 698 3566 audierint,
725 3506 870 3557 coniestim
889 3519 933 3556 ve·

295 3597 335 3646 nit
363 3598 490 3655 satanas,
527 3599 556 3645 et
587 3595 678 3645 autari
708 3595 823 3646 verbum
859 3596 934 3658 quod

294 3687 463 3735 seminatum
479 3688 523 3734 est
538 3686 566 3732 in
576 3683 707 3735 cordibus
721 3697 827 3735 eorum.
843 3684 884 3734 16.
900 3683 935 3733 Et

295 3774 323 3823 hi
335 3776 400 3823 sunt
418 3772 557 3833 similiter,
580 3775 628 3836 qui
651 3786 737 3836 sirper
755 3776 867 3836 petrosa
887 3786 934 3823 se·

296 3864 435 3912 minantur
441 3875 449 3921 ;
466 3864 514 3924 qui
537 3875 623 3925 quum
647 3861 786 3912 audierint
802 3864 931 3923 verbum,

294 3952 386 4000 statim
397 3963 462 4000 eum
477 3950 581 4013 gaudio
595 3953 735 4014 accipiunt
746 3951 828 4010 iiiud;
849 3951 888 4000 17.
906 3954 934 4001 et

294 4051 349 4088 non
364 4039 469 4088 habent
485 4038 606 4088 radicem
622 4040 710 4099 inse,
726 4040 776 4088 sed
790 4043 932 4102 tempora·

295 4128 335 4177 ies
363 4133 442 4185 sunt;
481 4127 583 4177 deinde
611 4132 673 4178 orta
702 4128 881 4178 tribulatione
906 4136 934 4179 et

294 4219 488 4278 persecutione
507 4220 620 4280 propter
634 4217 763 4276 verbum,
788 4217 932 4268 contestim

294 4305 528 4355 scandalizantur.
553 4306 592 4355 18.
617 4306 651 4355 Et
665 4307 713 4355 aiii
736 4313 816 4366 sunt,
837 4308 932 4370 quiin

295 4395 381 4455 spinis
395 4396 593 4443 seminantur:
620 4395 649 4443 iri
671 4400 736 4445 sunt
750 4396 799 4457 qui
818 4395 933 4445 verbum

295 4481 424 4539 audiunt;
459 4482 498 4532 19.
530 4487 558 4532 et
582 4497 733 4534 aerumnae
761 4485 880 4544 saeculi,
905 4491 933 4535 et

294 4568 420 4632 deceptio
438 4570 606 4636 divitiarum,
620 4576 647 4621 et
661 4575 733 4622 cirea
748 4572 932 4635 reliquacon-

295 4659 483 4720 cupiscentiae
513 4662 687 4712 introeuntes
710 4662 847 4712 suiiocant
868 4676 932 4713 ver·

295 4747 359 4795 bum
366 4761 373 4807 ;
384 4750 411 4796 et
420 4749 481 4797 sine
496 4747 586 4799 iruetu
598 4749 726 4800 eiireitur.

330 4835 373 4884 20.
391 4835 424 4885 Ei
441 4837 467 4885 iii
485 4841 563 4896 suni,
580 4841 627 4901 qui
652 4854 737 4904 super
759 4846 860 4892 terram
881 4842 931 4892 bo-

296 4936 358 4972 nnm
373 4927 505 4975 seminati
516 4932 580 4976 sunt
597 4942 603 4974 ι
618 4931 665 4992 qui
676 4930 792 4982 audiunt
806 4932 930 4993 verbum,

829 525 918 573 nanc.
942 510 972 577 i,
995 507 1081 567 2-20.

985 657 1044 727 πρὸς
1067 655 1110 720 τὴν
1134 659 1261 711 θάλασσαν
1287 656 1327 710 ἐπὶ
1352 662 1395 725 τῆς
1416 663 1461 729 γῆς
1488 652 1561 723 ἦσαν.
1593 663 1619 714 θ.

984 747 1025 798 καί
1044 744 1169 801 ίδίδασκεν
1189 748 1274 807 αθτοὶις
1298 745 1321 798 έν
1344 748 1496 818 παραθολαῖς
1520 745 1620 810 πολλὰ,

984 836 1023 886 καί
1043 833 1129 899 ἔλεγεν
1153 837 1236 897 αὺτοῖς
1260 833 1286 886 έν
1310 843 1341 906 τῇ
1364 835 1456 908 διδαχῇ
1479 834 1567 894 aiteio,
1594 840 1621 891 i.

987 921 1111 976 Ἀκούετε.
1143 924 1208 988 ίδοὶι,
1244 922 1342 988 ἐξῆλθεν
1369 925 1384 977 θ
1420 927 1526 995 σπείρων
1555 927 1623 976 σπιῖ·

984 1028 1033 1082 ραι·
1061 1017 1086 1066 i.
1116 1016 1158 1065 καί
1175 1013 1273 1084 ίγένετο
1301 1011 1327 1064 έν
1347 1019 1383 1084 τῷ
1400 1016 1519 1085 σπείρειν,
1543 1015 1558 1065 δ
1578 1012 1622 1083 μέν

984 1102 1056 1157 ἔπεσε
1075 1103 1139 1172 παρά
1157 1101 1202 1167 τὴν
1224 1102 1297 1163 θδδν,
1317 1102 1359 1153 καί
1381 1099 1456 1168 ἦλθεν
1477 1103 1506 1157 τά
1524 1101 1623 1156 πετεινὰ

984 1189 1025 1241 καὶ
1043 1193 1177 1262 κατέραγεν
1197 1190 1265 1245 αθτθ.
1287 1197 1312 1244 5.
1333 1190 1375 1243 καί
1392 1191 1456 1244 ἄλλο
1478 1192 1564 1246 ἔπεσεν
1585 1189 1625 1244 ini

984 1279 1013 1331 :i
1032 1281 1164 1349 πετρῶδες,
1185 1280 1227 1331 καὶ
1249 1280 1309 1332 ὅπου
1328 1278 1372 1332 οὒκ
1397 1278 1465 1350 εἶχεν
1490 1286 1538 1352 γῆν
1563 1281 1622 1335 πολ-

983 1367 1043 1433 λην·
1068 1369 1110 1420 καὶ
1135 1369 1199 1429 atim
1217 1367 1364 1429 ἐξανέτειλεν
1388 1367 1429 1420 διδ
1448 1369 1476 1421 τδ
1496 1369 1529 1440 μὴ
1555 1369 1623 1440 ἔχειν

987 1457 1062 1526 βάθος
1080 1462 1123 1523 τῆς
1140 1462 1194 1529 γῆς·
1216 1462 1242 1510 6.
1262 1460 1302 1510 καί
1316 1460 1363 1510 ’θτε
1383 1455 1506 1511 ἀνέτειλεν
1524 1458 1624 1524 θῆλιος

985 1545 1198 1616 ἐκαυματίσθησαν
1224 1547 1266 1598 καὶ
1292 1545 1333 1598 διδ
1356 1545 1386 1601 τδ
1412 1545 1445 1617 μὴ
1465 1545 1533 1617 ἔχειν
1556 1547 1623 1616 ῥίζαν

985 1635 1114 1705 ίξηράνθπ.
1136 1642 1162 1691 7.
1183 1637 1225 1688 καί
1242 1635 1305 1688 ἀλλο
1324 1636 1410 1690 έπεσεν
1429 1634 1463 1698 ιίς
1480 1635 1523 1698 τάς
1545 1635 1623 1688 ἀκάν-

986 1725 1038 1786 θας·
1058 1725 1099 1776 καὶ
1118 1724 1240 1792 ἀνέδησαν
1259 1724 1284 1776 αἱ
1304 1725 1423 1789 ἀαανθαι,
1447 1725 1490 1777 καὶ
1510 1727 1623 1778 συνέπνι-

985 1812 1027 1876 ξαν
1054 1813 1129 1881 αθτδ,
1149 1814 1190 1865 καὶ
1215 1813 1308 1884 καρπδν
1332 1812 1377 1866 οθκ
1400 1811 1502 1866 ἔδωκεν.
1531 1817 1557 1867 8.
1583 1813 1624 1867 καὶ

987 1901 1054 1954 ἄλλα
1075 1901 1159 1955 ἔπεσεν
1185 1901 1218 1964 είς
1240 1900 1285 1966 τὴν
1308 1905 1357 1972 γῆν
1385 1898 1431 1967 τὴν
1459 1901 1551 1969 καλήν·
1581 1903 1624 1955 καί

986 1991 1066 2045 ἐδίδου
1085 1992 1179 2060 καρπὸν
1203 1990 1369 2043 ἀναθαένοντα
1390 1991 1431 2044 καί
1451 1990 1621 2061 αθξανθμενα,

985 2080 1027 2131 καί
1045 2079 1126 2150 ἔφερεν
1151 2079 1183 2141 είς
1205 2082 1351 2150 τριάκοντα,
1375 2080 1418 2132 καί
1439 2081 1466 2133 iv
1489 2079 1622 2145 ἐξήκοντα,

985 2169 1027 2221 καὶ
1043 2170 1071 2222 ἒν
1088 2168 1187 2223 ίκατθν.
1208 2173 1234 2224 9.
1255 2170 1296 2221 καί
1314 2168 1413 2236 ἔλεγεν,
1435 2169 1478 2231 Ὃς
1497 2168 1552 2239 ἔχει
1570 2165 1623 2222 ὦτα

985 2257 1082 2311 ἀκούειν
1106 2259 1224 2312 ἀκουέτω.

1026 2350 1067 2401 ίθ.
1090 2347 1137 2398 itai
1154 2348 1197 2400 θτε
1220 2346 1317 2418 ἐγένετο
1336 2346 1399 2400 κατίι
1412 2349 1501 2418 μόνας,
1518 2345 1622 2416 ἠρώτων

985 2435 1060 2489 αὺτδν
1080 2436 1104 2488 οί
1135 2437 1190 2506 πιρὶ
1214 2435 1288 2489 αὖτὀν
1317 2435 1361 2487 συν
1385 2438 1437 2498 τοῖς
1464 2437 1560 2489 δώδεκα
1581 2434 1623 2497 τίς

985 2524 1138 2595 παραθολάς.
1164 2530 1205 2579 ii.
1233 2524 1275 2577 καὶ
1298 2523 1386 2593 έλεγεν
1419 2523 1515 2589 αὐτοῖς,
1546 2523 1622 2595 Ὑμῖν

985 2614 1014 2666 τδ
1033 2614 1167 2684 μυστήριον
1185 2615 1283 2667 δίδοται
1295 2617 1338 2679 τῆς
1353 2613 1477 2684 βασιλείας
1490 2618 1532 2666 τοῦ
1546 2618 1621 2668 Θεοῦ·

985 2703 1085 2765 ι’κείνοις
1108 2703 1134 2755 δέ
1161 2705 1214 2765 τοῖς
1242 2703 1332 2764 ἔξωθεν
1361 2703 1387 2756 έν
1413 2702 1567 2773 παραθολαῖς
1593 2702 1623 2754 κά

984 2793 1065 2845 πάντα
1082 2793 1187 2863 γίνεται·
1216 2796 1257 2847 i‘t.
1281 2793 1325 2844 iva
1350 2792 1480 2861 βλέποντες
1499 2792 1621 2862 βλέπωσι,

984 2880 1025 2933 καὶ
1045 2879 1078 2951 μὴ
1099 2879 1194 2932 ἴδωσιν·
1215 2881 1257 2932 καὶ
1279 2879 1410 2943 ἀκοθοντες
1435 2879 1555 2948 ἀκούωσι,
1583 2882 1624 2933 καὶ

984 2967 1018 3040 μὴ
1034 2975 1157 3023 ουνιῶσιν·
1170 2970 1204 3041 μή
1221 2989 1279 3023 ποτε
1297 2969 1469 3042 ἐπιστρέψωσιν
1484 2971 1525 3022 καὶ
1545 2969 1622 3040 ἀφεθῇ

984 3057 1075 3120 αὐτοῖς.
1109 3063 1152 3113 ii.
1180 3059 1227 3110 ίίαί
1251 3061 1318 3129 λέγει
1344 3057 1440 3121 αθτοῖς,
1458 3058 1509 3111 Οὔκ
1539 3056 1622 3112 οίδατε

983 3146 1028 3212 τὴν
1047 3147 1191 3217 παραθολὴν
1215 3149 1321 3215 ταύτην,
1348 3148 1391 3200 καί
1412 3153 1462 3210 καῖις
1480 3149 1557 3210 παίσας
1581 3148 1623 3207 τὰς

984 3236 1125 3306 παραθολάς
1158 3237 1299 3307 γνώσεσθε,
1333 3241 1375 3291 ii.
1399 3237 1414 3289 θ
1444 3238 1549 3307 σπείρων
1579 3237 1623 3291 τδν

983 3325 1062 3396 λόγον
1086 3327 1188 3396 σπείρει.
1220 3331 1261 3379 15.
1283 3320 1353 3378 οὗτοι
1376 3326 1403 3378 δέ
1430 3325 1489 3379 εἰσιν
1513 3326 1536 3379 οἱ
1557 3326 1623 3397 παρὰ

986 3412 1028 3478 τὴν
1066 3415 1132 3478 θδδν,
1166 3416 1228 3467 ὅπου
1264 3415 1390 3485 σπείρεται
1424 3414 1438 3466 θ
1474 3414 1563 3483 λόγος,
1597 3419 1623 3468 οἳ

983 3504 1043 3555 θταν
1074 3502 1221 3567 ἀκούσωσιν,
1251 3503 1320 3566 stin
1348 3504 1447 3575 ἔρχεται
1476 3504 1490 3556 θ
1518 3508 1624 3566 σατανᾶς

983 3593 1026 3644 καὶ
1056 3591 1121 3663 αἴρει
1150 3592 1191 3645 τδν
1221 3592 1299 3662 λόγον
1327 3593 1370 3646 τδν
1404 3593 1555 3664 ἐσπαρμένον
1591 3594 1622 3654 εἰς

984 3680 1080 3743 αθτοθς.
1113 3685 1154 3736 ίθ.
1178 3680 1221 3733 καί
1244 3676 1314 3734 οὗτοί
1337 3680 1397 3734 είσιν
1415 3682 1508 3753 ὁμοίως
1530 3683 1555 3735 οί
1583 3683 1623 3737 ἐπὶ

983 3769 1014 3822 τὰ
1045 3771 1157 3840 πετρώδη
1187 3772 1357 3841 σπειρόμενοι,
1389 3775 1427 3839 οἳ,
1458 3774 1517 3824 θταν
1545 3771 1623 3826 ἀκού-

983 3878 1058 3911 σωσιν
1085 3860 1128 3911 τδυ
1148 3859 1240 3932 λόγον,
1261 3859 1329 3922 εὐθὺς
1342 3860 1405 3930 μετά
1424 3864 1502 3931 χαρᾶς
1521 3861 1621 3932 λαμθά·

983 3966 1066 4000 νουσιν
1088 3947 1175 4010 αὐτον,
1201 3953 1241 4001 ti.
1262 3947 1304 4000 καλ
1321 3948 1366 4001 οθκ
1384 3948 1484 4020 έχουσιν
1503 3949 1572 4020 ῥίζαν
1596 3950 1621 4004 ίν

983 4035 1089 4100 έαυτοῐς,
1110 4035 1176 4087 ἀλλά
1200 4037 1344 4108 πρόσκαιροί
1366 4036 1437 4090 είσιν·
1464 4036 1519 4091 εἶτα
1548 4059 1621 4110 γενο-

983 4126 1057 4195 μένης
1082 4125 1185 4196 θλίψεως
1209 4126 1224 4191 ἢ
1251 4127 1363 4197 διωγμοῦ
1391 4126 1432 4179 διά
1456 4128 1499 4180 τδν
1527 4128 1620 4200 λόγον,

983 4213 1052 4275 εθθδς
1074 4214 1288 4276 σκανδαλίζονται.
1321 4220 1362 4271 18.
1392 4216 1434 4268 καί
1459 4217 1533 4270 ἀλλοι
1562 4218 1622 4271 εἰσὶν

982 4303 1006 4355 οἱ
1026 4303 1058 4365 εἰς
1078 4304 1119 4365 τὰς
1142 4302 1248 4366 ἀκάνθας
1271 4306 1441 4376 σπειρόμενοι,
1467 4303 1535 4360 οὗτοί
1561 4307 1622 4360 εἰσιν

982 4393 1006 4444 οἷ
1030 4393 1073 4445 τδν
1097 4393 1175 4462 λόγον
1199 4392 1360 4459 ἀκούσαντες,
1386 4399 1425 4451 19.
1451 4397 1535 4448 καλαί
1555 4400 1622 4466 μέρι·

983 4501 1042 4553 μναι
1062 4486 1105 4534 τοῦ
1128 4480 1216 4543 αἰῶνος
1233 4481 1306 4549 καίέη
1327 4483 1408 4551 ἀπάτη
1428 4491 1471 4537 τοῦ
1496 4487 1621 4548 πλούτου,

983 4570 1024 4622 καὶ
1052 4571 1078 4623 αί
1097 4571 1151 4640 περὶ
1176 4571 1206 4623 τὰ
1235 4570 1310 4625 λοιπὰ
1338 4572 1463 4644 έπιθυμίαι
1492 4574 1619 4644 εἰσπορευ-

982 4660 1070 4728 όμεναι
1094 4663 1254 4731 συμπνὶγουρι
1277 4663 1320 4715 τὀν
1338 4662 1432 4729 λόγον,
1454 4664 1494 4715 καὶ
1516 4665 1623 4733 ἄκαρπος

981 4742 1087 4819 γίνεται.
1118 4754 1160 4804 θθ.
1190 4752 1232 4802 καὶ
1259 4751 1351 4805 ίκεῖνοί
1377 4752 1436 4805 εἰσιν
1465 4752 1489 4805 οἱ
1517 4755 1555 4806 ἐπὶ
1577 4754 1622 4818 τὴν

982 4842 1031 4908 γῆν
1064 4835 1108 4903 τὴν
1141 4839 1219 4905 καλὴν
1252 4844 1394 4913 σπαρέντες,
1423 4843 1512 4905 οἵτινες
1547 4843 1622 4896 ἀκού-

983 4948 1037 4981 ουσι
1078 4929 1120 4981 τον
1153 4928 1230 4999 λόγον
1264 4931 1306 4983 καὶ
1348 4932 1543 5002 παραδέχονται,
1583 4934 1624 4986 καί
