3960 5654
184 474 244 534 ³62
743 488 833 532 nanc.
857 470 906 539 tt,
929 470 959 528 3.
1033 484 1036 489 ·

184 631 294 692 motus
308 623 411 688 luerit
426 618 526 685 ludas
538 618 581 683 ad
599 620 813 689 vendendum
829 623 936 685 lesum
952 621 1094 688 summis
1105 617 1336 686 sacerdotibus
1355 616 1402 705 (et
1416 617 1510 682 simi-

183 731 261 797 liter
279 728 377 816 Sylv.
400 729 494 793 Patr.
512 724 656 816 Schepq,
673 730 764 816 Fit).
783 731 961 793 Praeterea
975 730 1099 794 iterum
1114 746 1177 793 nos
1191 723 1288 791 docet
1301 722 1511 809 evangeliste

181 841 292 911 lesum
313 832 500 899 clarissime
519 835 736 921 praescivisse
752 839 895 900 mortem
917 855 1014 900 suam
1033 840 1067 899 et
1085 831 1295 922 sepulturam
1310 838 1345 898 et
1362 827 1461 898 nobis
1474 830 1509 894 in

183 964 223 1009 ea
238 962 342 1007 coena
355 938 504 1006 delineat
519 948 648 1028 quante
660 943 766 1009 animi
781 960 865 1027 pace
881 962 920 1006 ac
934 939 1179 1026 tranquillitate
1196 942 1285 1003 lesus
1299 960 1395 1004 suam
1411 958 1510 1027 prae-

184 1046 297 1112 videat
306 1047 514 1135 passionem,
528 1046 610 1113 dum
621 1050 699 1115 eius
709 1046 895 1114 adversarii
909 1044 1070 1137 inquieti,
1082 1044 1215 1112 consilii
1225 1032 1377 1132 expertes
1390 1045 1511 1110 timore

183 1152 431 1242 perturbentur
445 1152 626 1243 (Satanz);
649 1178 681 1220 v.
707 1135 775 1221 ἑοὶ
791 1173 870 1218 cum
884 1166 965 1220 esset
987 1151 1173 1218 Britanniae
1187 1150 1224 1216 ιἰι
1241 1148 1341 1216 domo
1362 1150 1512 1219 Simonis

184 1257 307 1348 leprosi
320 1261 379 1348 qui
394 1258 477 1325 olim
490 1267 563 1327 erat
576 1262 728 1352 leprosus
742 1264 775 1325 et
790 1281 891 1347 quem
907 1283 928 1326 a
942 1265 1015 1326 lesu
1029 1265 1185 1325 sanatum
1200 1262 1322 1346 putant
1336 1267 1369 1321 et
1381 1279 1512 1323 recum·

170 1364 288 1446 taret,
307 1386 443 1432 mensae
456 1368 689 1447 accumberet,
707 1365 797 1431 venit
811 1365 943 1449 miclier,
964 1386 1004 1430 ex
1019 1369 1113 1430 toan.
1131 1370 1208 1443 123
1224 1363 1266 1429 ci.
1286 1368 1361 1442 11,1
1380 1369 1512 1429 certum

143 1459 145 1463 ’
183 1477 233 1539 est
251 1472 432 1539 mulierem
452 1475 547 1540 illam
565 1473 666 1538 fuisse
680 1473 833 1554 Mariam,
850 1492 1001 1540 sororem
1017 1471 1148 1552 Lazari,
1163 1470 1289 1538 tabens
1301 1467 1512 1535 alabastrum

184 1581 353 1668 unquenti
361 1578 466 1647 nardi
479 1578 604 1669 spicati
610 1577 757 1666 pretiosi
761 1599 776 1664 ‚·
789 1577 970 1661 alabaster,
987 1566 1181 1664 ἀλάὸαστρον
1194 1576 1435 1668 appellabatur
1454 1598 1513 1643 vas

181 1688 451 1773 unguentarium
471 1708 511 1752 ex
535 1684 735 1752 alabastrite
760 1685 874 1775 lapide
893 1684 1096 1751 confectum.
1118 1683 1307 1771 Ouychem,
1328 1689 1367 1750 ut
1386 1683 1513 1750 Plinius

182 1793 301 1860 scribit
315 1795 398 1879 (nat.
411 1793 490 1858 hist.
504 1791 620 1879 36‚12)
633 1792 740 1881 aliqui
752 1790 900 1881 lapidem
912 1791 1131 1857 alabastriten
1143 1797 1265 1857 vocant
1276 1810 1378 1879 quem
1389 1795 1513 1857 cavant

182 1898 226 1965 ad
237 1921 317 1966 vasa
329 1897 569 1986 unguentaria,
587 1900 751 1987 quoniam
763 1899 888 1986 optime
900 1919 1036 1963 servare
1045 1899 1242 1986 incorrupta
1250 1896 1392 1978 dicitur3
1407 1896 1513 1962 nasci·

182 2010 239 2071 tur
261 2006 353 2072 circa
372 2004 501 2071 Thebas
524 2006 707 2093 aegyptias
735 2009 768 2070 ct
792 2009 991 2071 Damascum
1016 2003 1150 2092 Syriae3
1176 2004 1233 2069 hic
1251 2003 1371 2070 ceteris
1395 2001 1512 2070 candi-

182 2111 274 2191 dior3
288 2110 549 2200 probatissimus
564 2133 647 2177 vero
662 2112 696 2176 in
712 2112 903 2190 Carmania,
923 2132 1001 2176 mox
1015 2111 1052 2176 in
1068 2110 1180 2186 ludia,
1194 2111 1262 2177 iam
1277 2109 1415 2199 quidem
1429 2109 1512 2176 etin

183 2219 282 2305 Syria
300 2217 456 2307 Asiaque.
479 2223 524 2284 lle
543 2217 654 2283 nardo
675 2217 767 2284 idem
787 2218 821 2300 (l.
842 2241 872 2284 c.
897 2222 1009 2297 lm.
1028 2217 1084 2306 26)
1109 2217 1175 2283 :de
1191 2216 1273 2283 folio
1292 2215 1391 2282 nardi
1410 2215 1512 2305 plura

181 2324 250 2390 dici
265 2347 329 2415 par
340 2333 436 2391 estut
448 2325 628 2414 principali
641 2326 680 2389 in
696 2326 898 2411 unguentis3
911 2325 1022 2390 lrutex
1033 2330 1081 2390 est
1094 2324 1194 2411 gravi
1206 2330 1240 2390 et
1252 2345 1366 2389 crassa
1378 2323 1508 2402 radice,

181 2430 241 2499 sed
267 2431 363 2498 brevi
392 2453 432 2498 ac
452 2432 554 2518 nigra
579 2431 769 2522 fragilique
795 2430 952 2519 quamvis
970 2431 1109 2519 pingui,
1135 2431 1237 2496 situm
1262 2428 1452 2510 redolente,
1476 2436 1512 2495 ut

181 2539 331 2627 cypiroS,
358 2561 479 2627 aspero
499 2560 635 2628 sapore,
656 2537 741 2605 lolio
763 2560 868 2628 parvo
885 2538 1075 2627 densoquc3
1094 2538 1274 2603 cacumina
1293 2538 1330 2603 in
1345 2537 1463 2604 aristas
1477 2559 1512 2603 sc

181 2650 366 2734 spargunt,
385 2645 463 2711 idco
485 2646 626 2731 gemina
642 2645 721 2711 dote
736 2645 835 2711 nardi
850 2645 960 2734 spicas
978 2667 1018 2711 ac
1032 2644 1112 2710 folia
1126 2643 1312 2710 celebrant.
1330 2648 1369 2710 Et
1385 2650 1473 2723 132.
1492 2649 1511 2710 3

180 2751 270 2816 idem
296 2754 416 2818 asserit
440 2757 618 2837 unguenta
642 2752 770 2841 optime
793 2753 920 2818 servari
943 2753 980 2817 in
1002 2751 1178 2817 alabastris
1199 2761 1234 2816 et
1252 2750 1296 2816 ad
1315 2752 1433 2837 regale
1448 2772 1512 2816 un-

181 2864 347 2943 guentum
371 2860 460 2923 inter
479 2860 545 2924 alia
564 2858 724 2924 adhiberi
746 2858 846 2925 nardi
861 2861 1004 2949 spicam.
1026 2862 1092 2923 Vox
1109 2857 1182 2947 ipsa
1200 2873 1251 2922 ‘iii
1271 2857 1400 2924 nardus
1421 2857 1512 2925 deri-

145 2975 149 2983 '
183 2970 281 3029 vatur
295 2987 315 3030 a
334 2986 415 3030 voce
429 2964 626 3031 sanscritica
640 2964 766 3030 nalada
781 2964 883 3051 (nala,
899 2964 1012 3031 suavis
1025 2963 1138 3052 odor);
1156 2964 1272 3054 planta
1287 2986 1435 3031 ererum
1450 2987 1513 3030 na-

181 3070 345 3137 turalium
377 3071 496 3160 peritis
529 3070 677 3137 refertur
707 3071 750 3137 ad
781 3071 946 3136 familiam
978 3070 1229 3137 valerianarum
1261 3076 1295 3136 et
1320 3071 1515 3160 appellatur

181 3175 424 3264 nardostachys
442 3177 629 3262 jatamansi
654 3177 712 3265 (cl.
739 3176 886 3267 Sebepp,
909 3176 994 3242 Bibl.
1020 3177 1266 3263 Archaeologie
1284 3201 1319 3266 p.
1341 3179 1437 3264 229);
1461 3178 1514 3244 in-

181 3289 310 3372 terpres
337 3291 452 3350 noster
475 3284 653 3373 adoptavit
688 3284 831 3351 alteram
859 3284 951 3351 vocis
976 3284 1120 3349 formam
1150 3305 1158 3350 :
1180 3283 1342 3364 nardum,
1367 3284 1395 3363 i;
1423 3285 1513 3353 unde

181 3391 313 3479 scripsit
328 3397 547 3477 unguentum
566 3390 666 3456 nardi
684 3392 803 3480 spicati
825 3392 849 3456 i.
868 3414 897 3457 e.
917 3397 1132 3477 unguentum
1147 3390 1239 3479 quod
1257 3392 1444 3458 conlectum
1464 3398 1514 3458 est

181 3518 220 3562 cx
232 3497 341 3562 nardo
351 3497 522 3585 spicarum
535 3497 587 3563 vel
600 3499 781 3564 aristarum
799 3498 979 3564 fasciculos
991 3505 1131 3584 gerente
1143 3497 1335 3585 (cacumina
1345 3499 1380 3565 in
1394 3500 1514 3565 aristas

182 3626 218 3670 se
236 3610 421 3692 spargunt,
443 3604 582 3684 Plinius)
604 3604 656 3670 vel
679 3610 715 3670 ut
735 3603 826 3670 Beda
846 3605 915 3671 iam
937 3612 1026 3671 recte
1045 3603 1129 3671 dicit
1148 3605 1220 3671 loco
1238 3605 1299 3672 illo
1318 3606 1419 3674 Plinii
1438 3606 1513 3672 lau·

182 3710 261 3776 dato
284 3732 291 3777 :
319 3740 334 3769 «
356 3710 437 3799 quia
459 3710 617 3776 videlicet
639 3719 852 3797 unguentum
875 3712 961 3777 illud
987 3711 1079 3800 quod
1101 3711 1215 3778 attulit
1240 3712 1343 3779 illaria
1374 3714 1514 3780 Domino

182 3838 249 3883 non
270 3815 380 3883 solum
404 3816 581 3883 deradice
608 3818 799 3884 conlectum
835 3818 951 3900 nardi,
984 3840 1101 3884 verum
1130 3819 1230 3885 etiam
1251 3840 1320 3907 quo
1337 3819 1514 3909 pretiosius

183 3931 278 4004 esset,
298 3924 471 4012 spicarum
488 3945 624 4013 quoque
643 3930 678 3990 ct
704 3925 865 3992 foliorum
893 3926 965 3992 eius
985 3925 1171 3991 adiectione
1191 3925 1304 3991 odoris
1324 3932 1358 3992 et
1381 3926 1515 3994 virtutis

182 4030 272 4096 illius
291 4037 365 4096 erat
384 4031 598 4097 accumulata
618 4032 730 4116 gratia
752 4061 780 4097 ν.

218 4203 333 4266 Legitur
347 4216 449 4266 graece
464 4197 555 4269 νάρδου
578 4203 700 4265 πιστικῆς,
721 4207 806 4267 atque
830 4205 902 4255 idem
930 4205 1005 4254 toan.
1035 4204 1093 4263 ¹2.ss
1110 4205 1156 4254 ubi
1179 4204 1253 4268 vulp.
1280 4207 1512 4270 quoquetiabet:

182 4292 281 4341 libram
303 4295 440 4355 unguenti
461 4293 539 4342 nardi
560 4295 661 4356 pistici.
680 4293 907 4343 Probabilissima
929 4294 1039 4355 πιστικῆς
1063 4295 1222 4357 cxptanatto
1238 4300 1280 4344 est
1295 4295 1437 4358 desIgnari
1453 4310 1513 4346 nar·

183 4380 248 4430 dum
270 4383 402 4430 sinceram
427 4386 455 4432 et
476 4395 574 4446 puram
588 4383 632 4432 vcl
648 4384 798 4446 genuinam
822 4380 885 4448 (non
906 4383 1144 4446 pseudonaratum;
1159 4384 1331 4433 adulteratur
1345 4387 1373 4434 et
1395 4385 1513 4449 pseudo-

184 4468 270 4519 nardo
285 4470 373 4520 herba
386 4475 457 4531 cta,
473 4472 580 4521 Plinius
604 4472 693 4530 tate.
710 4470 768 4537 ‘ing
792 4474 830 4521 ita
851 4474 1011 4534 concipiunt
1030 4475 1057 4520 S.
1075 4473 1147 4520 llier.
1166 4474 1279 4536 theoph.
1302 4469 1400 4540 (ἄδολον
1424 4473 1513 4541 νάρδον

183 4553 224 4606 καὶ
239 4553 301 4624 μετὰ
312 4555 415 4617 πίστεως
430 4559 675 4624 κατασκευασθεῖσαν)
693 4557 773 4610 ΕιιιΙι,
789 4555 842 4626 (τὴν
857 4557 963 4626 ἄκρατον
976 4562 1016 4609 καὶ
1030 4559 1283 4628 καταπεπιστευμένην
1300 4559 1332 4620 εἰς
1345 4561 1512 4634 καθαρότητα)

184 4649 242 4698 Cat.
259 4647 334 4709 Sata.
352 4650 427 4698 Patr.
440 4653 560 4709 scizam,
576 4651 630 4699 Fit.
646 4651 718 4709 tieit,
738 4653 821 4698 iveta-r
836 4652 948 4714 aliique.
971 4651 1026 4700 nin
1041 4652 1209 4714 quandoque
1221 4664 1317 4701 vocem
1338 4654 1513 4717 explicarunt

185 4750 203 4786 a
214 4733 319 4786 πιπίσνω
336 4751 342 4784 :
358 4738 462 4789 nardus
477 4741 620 4803 potabilis,
637 4754 671 4791 co
681 4741 756 4804 quod
767 4747 909 4803 unguenta
918 4744 946 4789 ct
958 4743 1122 4804 praesertim
1135 4743 1218 4789 etiam
1230 4740 1323 4790 oleum
1339 4744 1418 4793 nardi
1431 4745 1512 4796 adhi-

184 4826 320 4876 bebantur
334 4827 369 4875 ad
384 4828 451 4878 vina
465 4830 621 4879 condienda
634 4829 679 4893 (ct.
696 4830 803 4880 Plinius
817 4829 903 4889 iaia.
919 4829 942 4893 5)
951 4843 957 4889 ;
972 4843 1066 4879 verum
1077 4827 1184 4886 πιοτικός
1198 4816 1311 4879 notione
1326 4844 1360 4880 ca
1370 4848 1511 4898 nunquam

184 4921 343 4979 usurpatur.
372 4917 479 4967 Pariter
502 4919 684 4981 improbabile
709 4926 751 4969 est
774 4931 870 4969 vocem
886 4923 975 4968 ortam
998 4932 1060 4969 osse
1082 4932 1116 4969 ex
1131 4916 1238 4968 :tisana
1251 4922 1420 4981 quonardus
1435 4938 1512 4974 com-
