3960 5654
1053 483 1144 528 mac.
1167 469 1196 542 3,
1220 473 1280 529 1-1.
1790 471 1828 531 91

499 623 611 690 verbis
625 630 658 690 et
673 623 757 688 salso
773 620 892 688 inferri
908 623 1019 690 elucet
1034 641 1072 684 ex
1090 624 1167 686 Luc.
1186 627 1244 700 6,6
1260 641 1267 685 :
1284 619 1412 684 sactum
1428 624 1478 683 est
1492 624 1608 685 autem
1624 617 1659 683 in
1674 617 1741 684 alio
1755 618 1832 684 sab·

497 728 596 796 bato¹
612 728 717 816 (ἑτέρῳ
733 717 898 818 settara)
915 726 1007 819 quod
1025 747 1064 790 ex
1077 747 1221 793 erronea
1233 723 1417 790 traditione
1434 723 1591 791 haustum
1606 746 1676 791 esse
1689 724 1836 810 gratuito

497 843 530 902 et
545 856 722 926 perperam
739 837 921 915 asseritnr;
940 834 1043 899 fuisse
1064 834 1245 899 sabbatum
1267 832 1335 895 iam
1355 830 1472 915 colligi
1487 836 1595 919 potest
1610 853 1648 896 ex
1667 830 1837 897 mentione

498 944 671 1029 ingressus
697 942 732 1006 in
755 962 970 1030 synagogam
997 946 1029 1004 et
1057 942 1213 1028 sequitur
1240 960 1279 1003 ex
1300 959 1332 1002 v.
1361 944 1493 1024 tscq.;
1519 949 1552 1001 et
1570 950 1643 1001 erat
1663 936 1713 1002 ibi
1732 936 1831 1002 bomo

496 1048 622 1114 babens
641 1068 782 1114 manaem
801 1047 950 1126 aridam,
968 1036 1171 1134 ἐξηραμμένην
1187 1044 1311 1110 dicitur
1328 1044 1521 1110 accuratius
1542 1044 1620 1131 (non
1636 1034 1739 1131 ξηράν)
1758 1045 1782 1111 i.
1799 1066 1829 1110 e.

498 1153 616 1219 morbo
636 1157 836 1234 arefactam,
860 1174 1045 1241 quaecum
1064 1159 1165 1218 antea
1179 1173 1263 1217 sana
1278 1151 1395 1216 suisset
1415 1149 1641 1216 contabuerat
1654 1150 1831 1217 deficiente

495 1281 577 1325 sucu
595 1262 705 1343 vitali;
732 1262 760 1328 is
777 1261 851 1327 scil.
869 1260 965 1327 cuius
986 1281 1108 1326 manus
1123 1248 1270 1344 ἐξηράνθη
1286 1258 1350 1344 (uti
1368 1255 1496 1324 dicitur
1512 1261 1591 1324 Lxx
1606 1264 1624 1324 3
1646 1261 1728 1344 Reg.
1752 1264 1829 1338 13,t

495 1365 537 1431 de
551 1387 654 1433 mauu
671 1367 846 1435 leroboam
859 1390 947 1456 quae
959 1365 1103 1454 exaruit)
1117 1364 1222 1432 habet
1233 1385 1375 1430 manum
1389 1354 1610 1451 ttapaape'aa
1628 1386 1666 1429 ex
1680 1370 1758 1431 Luc.
1772 1371 1829 1446 6,6

495 1470 656 1540 discimus
668 1474 842 1540 dexteram
859 1495 999 1540 manum
1012 1473 1136 1538 iactam
1152 1493 1223 1537 esse
1236 1470 1382 1537 aridam.
1401 1476 1480 1536 Erat
1489 1470 1539 1536 ibi
1550 1470 1652 1537 homo
1663 1471 1724 1537 iste
1739 1477 1830 1538 «aut

494 1600 514 1643 a
526 1579 713 1668 pharisaeis
724 1602 763 1645 eo
775 1580 934 1647 inducias
947 1579 1043 1668 quasi
1056 1577 1251 1666 muscipula
1262 1578 1305 1643 ad
1321 1576 1529 1666 capiendum
1540 1577 1706 1644 Christum
1721 1577 1830 1664 (credi

494 1687 585 1752 enim
610 1691 721 1775 potest
738 1686 908 1775 quidquid
928 1687 1080 1752 alienum
1101 1690 1239 1751 nonest
1259 1684 1303 1750 ab
1322 1705 1440 1750 eorum
1461 1684 1614 1772 ingenio)
1632 1690 1692 1750 aut
1708 1685 1767 1772 qui
1788 1683 1829 1751 de

495 1813 603 1875 more,
621 1794 708 1860 sicut
720 1793 779 1858 alii
797 1792 931 1873 ludaei,
949 1794 984 1858 in
1000 1812 1216 1880 synagogam
1233 1791 1395 1871 venisset,
1410 1790 1492 1880 quia
1506 1789 1639 1857 sabbati
1652 1789 1724 1857 dies
1737 1797 1825 1874 erat,

495 1898 579 1963 nihil
606 1899 648 1965 de
668 1900 846 1966 curatione
871 1922 931 1966 sua
958 1899 1127 1985 cogitans3
1155 1903 1215 1964 aut
1241 1897 1334 1986 quod
1356 1897 1499 1964 similius
1522 1898 1592 1964 veri
1610 1903 1677 1979 est,
1703 1898 1762 1985 qui
1788 1919 1829 1964 eo

494 2005 608 2070 animo
629 2027 799 2095 causaque
816 2013 973 2086 venerat,
991 2013 1029 2071 ut
1049 2026 1070 2072 a
1089 2006 1222 2072 Christo
1244 2026 1348 2094 quem
1371 2026 1433 2093 pro
1452 2026 1514 2070 sua
1532 2004 1774 2071 consuetudine
1791 2004 1826 2070 in

493 2131 703 2197 synagogam
722 2112 778 2179 die
797 2112 931 2179 sabbati
951 2118 1134 2180 venturum
1154 2111 1315 2178 credebat
1333 2117 1511 2178 sanaretur
1531 2138 1547 2172 η
1570 2110 1719 2199 (Mala).

538 2221 620 2284 Cum
632 2219 816 2308 pharisaei,
831 2220 995 2285 utnatth.
1014 2225 1114 2298 1210
1126 2224 1253 2299 narrat,
1265 2219 1329 2308 ipsi
1344 2219 1513 2307 incipiant
1526 2240 1689 2307 quaerere
1701 2240 1722 2284 a
1733 2221 1824 2285 iesu:

493 2326 519 2389 si
538 2325 617 2390 licet
636 2325 788 2392 sabbatis
808 2348 948 2407 curare,
974 2333 1011 2391 ut
1031 2348 1109 2392 eum
1130 2331 1345 2404 accusarent,
1370 2323 1469 2391 valde
1491 2324 1669 2413 probabile
1694 2322 1829 2390 videtur

492 2431 583 2519 quod
600 2430 706 2498 Mald.
720 2432 923 2521 suspicatur,
942 2434 1055 2498 virum
1068 2433 1112 2498 ab
1125 2432 1174 2499 eis
1184 2454 1255 2498 esse
1267 2430 1464 2511 inductum,
1480 2437 1518 2497 ut
1528 2437 1688 2520 caperent
1700 2434 1824 2512 iesum3

493 2537 547 2603 cui
565 2539 666 2604 ctiam
687 2540 846 2625 congruit
860 2539 953 2628 quod
969 2539 1097 2606 dicitur
1115 2562 1147 2606 v.
1167 2544 1187 2605 2
1207 2551 1239 2605 et
1252 2537 1475 2604 observabant
1489 2560 1566 2604 eum
1581 2536 1738 2604 insidiose
1753 2537 1824 2604 soil.

492 2649 525 2710 et
540 2645 662 2710 animis
677 2646 821 2724 infestis,
839 2647 870 2712 si
879 2646 1027 2713 sabbatis
1043 2657 1196 2727 curaret,
1213 2658 1252 2711 ut
1266 2659 1468 2711 accusarent
1482 2643 1601 2728 illum,·
1614 2666 1695 2710 nam
1712 2643 1827 2711 viden·

493 2757 547 2815 tur
562 2751 733 2839 pharisaei
749 2754 815 2818 iam
832 2753 914 2820 talia
927 2755 1033 2820 secuti
1054 2775 1124 2820 esse
1139 2753 1256 2843 qualia
1270 2753 1305 2818 in
1326 2758 1472 2819 tractatu
1489 2752 1673 2818 misohnico
1693 2751 1735 2817 dc
1748 2751 1826 2817 sab-

493 2858 597 2923 batho
615 2861 834 2947 reperiuntur
854 2882 861 2927 :
878 2861 937 2948 qui
951 2860 1085 2926 laborat
1099 2859 1276 2941 dentibuS‚
1295 2860 1326 2925 ei
1343 2859 1557 2948 prohibitum
1576 2865 1625 2924 est
1641 2865 1677 2923 ut
1688 2858 1732 2924 ad
1745 2879 1826 2925 con-

494 2964 697 3030 firmandam
727 2967 903 3052 giugiram
935 2966 1071 3033 sorbeat
1100 2973 1236 3033 acetum
1256 2972 1288 3032 et
1318 2989 1395 3032 mox
1422 2973 1578 3054 exspuat;
1608 2967 1667 3053 qui
1700 2964 1828 3031 lumbis

493 3071 641 3152 laborat,
659 3072 818 3138 nonlicet
831 3074 861 3138 ei
875 3095 910 3138 sc
923 3095 1053 3159 ungere
1068 3075 1149 3139 vino
1161 3073 1214 3139 vel
1227 3080 1323 3139 aceto
1337 3081 1402 3138 etc.
1417 3072 1494 3138 vide
1511 3071 1657 3140 Surenlr.
1678 3076 1747 3160 up.
1763 3079 1823 3153 51;

493 3200 524 3243 v.
543 3184 562 3244 3
578 3191 610 3243 et
624 3178 675 3244 ait
688 3179 821 3245 leontini
825 3179 965 3247 babenti
977 3201 1119 3246 manum
1132 3179 1266 3246 ar·idom
1281 3202 1292 3246 .·
1307 3202 1409 3268 sur-pe
1427 3181 1462 3245 in
1477 3179 1627 3246 medium
1641 3180 1662 3244 i.
1679 3201 1708 3244 e.
1723 3199 1825 3265 surge

492 3290 526 3349 et
544 3285 692 3373 procede
709 3287 744 3351 in
765 3285 933 3368 medium3
951 3286 1067 3376 palam
1083 3293 1118 3353 et
1131 3308 1247 3353 coram
1263 3287 1425 3353 omnibus
1441 3291 1530 3352 lesus
1547 3286 1725 3371 ingenium
1740 3286 1827 3375 pha·

494 3392 677 3458 risaeorum
691 3393 865 3481 explorare
880 3416 920 3459 ac
937 3394 1152 3460 manifestare
1169 3393 1252 3461 vult.
1276 3394 1436 3460 Omnium
1450 3414 1586 3482 quoque
1602 3395 1749 3482 aspectui
1765 3393 1826 3457 ho-

493 3499 618 3563 minem
639 3499 853 3566 laborantem
874 3522 979 3567 manu
996 3522 1167 3590 exponere
1186 3502 1272 3578 vult,
1295 3507 1393 3567 uteo
1413 3501 1484 3566 viso
1504 3500 1720 3566 miseratione
1745 3498 1826 3565 moti

493 3606 746 3692 perversitatem
771 3606 1030 3694 pharisaeorum
1053 3607 1309 3674 abominentur.
1340 3611 1459 3673 Censet
1484 3606 1567 3673 Vict.
1594 3627 1674 3673 eum
1697 3627 1767 3672 esse
1790 3606 1825 3671 in

493 3711 605 3777 medio
624 3717 788 3778 statutum
804 3720 841 3779 ut
860 3714 1030 3802 pharisaei
1051 3713 1093 3780 ad
1112 3714 1290 3780 meliorem
1313 3736 1448 3781 sensum
1465 3713 1681 3779 flecterentur
1703 3719 1734 3778 et
1752 3733 1825 3778 ma-

493 3818 598 3884 litiam
619 3819 840 3908 deponerent.

537 3925 649 3991 ttatth.
675 3933 775 4003 1210
797 3927 899 4015 primi
921 3926 1135 4012 interrogant
1153 3929 1325 4017 pharisaei
1348 3949 1355 3995 :
1378 3930 1405 3993 si
1429 3928 1507 3993 ticet
1523 3928 1665 3993 sabbato
1683 3928 1826 3994 curare?

492 4033 550 4096 Cui
575 4033 763 4120 quaestioni
782 4033 940 4098 insidiose
957 4034 1087 4122 positae
1102 4034 1285 4122 respondet
1300 4037 1453 4102 Christus
1473 4035 1540 4101 alia
1559 4035 1826 4120 interrogatione

493 4160 560 4225 qua
571 4139 802 4206 illiadincitas
813 4139 1087 4229 rediguntur(cf.
1100 4142 1136 4208 S.
1154 4144 1240 4231 Any.
1254 4142 1401 4208 decons.
1415 4163 1538 4228 evang.
1552 4147 1644 4220 235.
1657 4147 1716 4221 823
1744 4140 1824 4208 Vict.

491 4244 595 4332 lons.)
609 4267 641 4311 v.
660 4253 679 4313 t
695 4259 726 4312 et
742 4246 824 4312 dicit
839 4247 885 4313 eis
898 4269 909 4312 :
923 4247 1002 4312 licet
1014 4246 1163 4313 sabbatis
1177 4247 1259 4314 bene
1273 4249 1387 4335 lacere
1400 4270 1446 4314 aa
1462 4249 1574 4315 male?
1586 4249 1737 4314 animam
1758 4246 1827 4313 sal-

493 4374 568 4417 vam
587 4352 702 4438 facere
714 4376 760 4418 aa
774 4354 940 4443 perdere?
960 4356 1115 4442 quaestio
1131 4357 1216 4422 haec
1236 4356 1323 4422 adeo
1347 4356 1548 4422 universatis
1565 4356 1740 4444 aptissima
1755 4362 1828 4422 erat

526 4593 545 4633 1.
560 4587 635 4633 Notat
648 4588 673 4633 S.
690 4589 757 4647 Aaq.
773 4600 782 4632 .·
803 4602 815 4630 a
832 4591 917 4648 posset
933 4588 1018 4648 putari
1035 4600 1065 4635 eo
1077 4586 1119 4635 die
1135 4586 1231 4637 tactum
1246 4592 1271 4637 et
1289 4589 1321 4638 dc
1337 4588 1413 4652 spicis
1433 4591 1458 4637 et
1473 4587 1506 4637 de
1519 4588 1569 4637 isto
1587 4591 1686 4643 sanato,
1703 4587 1826 4650 quoniam

491 4670 516 4714 rt
531 4665 662 4714 sabbatum
680 4664 721 4713 hic
735 4670 959 4722 commemoratur.
979 4667 1027 4717 nisi
1043 4669 1123 4716 Luras
1134 4668 1277 4729 aperuisset
1293 4669 1344 4717 atio
1362 4668 1467 4717 sabbato
1485 4668 1578 4718 tactum
1596 4682 1653 4717 esse
1667 4667 1697 4717 de
1716 4670 1826 4717 sanitate

491 4745 575 4795 aridae
588 4760 682 4795 uranus.
701 4746 809 4796 Proinde
830 4746 900 4810 qnod
921 4749 956 4796 ait
968 4748 1113 4796 Matthaeus
1129 4767 1134 4797 :
1151 4753 1176 4797 ct
1191 4762 1249 4798 cum
1263 4750 1323 4798 inde
1339 4750 1472 4798 transisset
1494 4750 1564 4799 venit
1580 4748 1605 4797 in
1621 4762 1773 4813 synagogam
1785 4762 1825 4797 eo-

492 4841 557 4884 rnm,
576 4841 623 4876 non
635 4826 739 4890 quidem
756 4826 825 4876 venit
842 4829 889 4876 nisi
904 4841 961 4876 curn
978 4828 1037 4878 inde
1051 4828 1201 4886 transisset.
1215 4830 1258 4879 sed
1278 4834 1336 4894 post
1354 4835 1418 4893 «quot
1439 4829 1495 4880 dies
1513 4832 1537 4879 in
1551 4843 1703 4892 synagogam
1719 4828 1825 4885 venerit,

492 4921 523 4956 an
539 4913 606 4957 recta
619 4908 793 4969 continuoque
803 4907 865 4956 ittuc
877 4908 943 4967 ierit,
955 4921 1104 4972 expressum
1120 4924 1170 4960 non
1180 4912 1243 4959 est»
1260 4910 1302 4974 (de
1316 4925 1385 4961 cons.
1403 4925 1492 4974 evang.
1505 4915 1567 4969 2.35.
1581 4915 1629 4970 825.
