3960 5654
762 400 855 447 nanc.
879 386 930 456 lt,
953 383 1061 444 (ὅθ-62.
1520 387 1578 446 397

247 534 409 596 simulatio
435 532 539 611 turpis
575 539 607 594 et
634 533 839 596 mendacium
864 532 1101 594 foedissimum.
1132 539 1175 596 Dc
1203 534 1420 598 admonitione
1450 538 1577 598 testium

246 630 267 693 l.
284 650 313 693 c.
326 636 376 703 l‚5
393 649 424 708 p.
441 631 510 690 ⁶229.

288 849 370 911 Cum
404 842 522 933 itaque
549 844 743 912 testimonia
771 844 832 911 illa
865 849 935 911 tam
962 845 1084 911 misere
1108 844 1341 921 conciderent,
1371 846 1513 934 Caipbas
1544 849 1577 913 in

242 949 418 1035 angustias
432 950 590 1018 redactus
606 954 715 1017 tentat
736 973 775 1017 ex
796 952 870 1039 ipso
894 954 968 1017 lesu
986 951 1104 1040 aliqua
1122 951 1243 1017 elicere
1264 975 1350 1041 quae
1372 952 1454 1017 sorte
1483 955 1578 1040 carpi

241 1063 276 1124 et
289 1055 424 1122 crimini
438 1058 525 1124 verti
539 1063 678 1147 possent
695 1080 726 1123 v.
747 1063 790 1124 60
805 1068 838 1122 et
850 1078 1033 1147 easurqens
1047 1079 1200 1124 summus
1213 1058 1366 1124 sacerdos
1381 1059 1416 1123 iu
1429 1057 1575 1124 tiredizun

242 1163 265 1229 i.
296 1185 327 1229 e.
356 1184 539 1252 exsurgens
562 1168 597 1241 et
618 1163 809 1252 procedens
830 1165 866 1229 in
892 1163 1062 1242 medium;
1089 1164 1182 1253 quod
1202 1163 1303 1229 iudex
1328 1165 1476 1230 subitos
1499 1166 1576 1230 sede

241 1269 353 1355 surgit
370 1277 404 1336 et
422 1271 458 1337 in
478 1268 647 1350 medium,
667 1291 776 1359 prope
800 1268 845 1335 ad
871 1283 1065 1337 accusatum
1085 1269 1317 1359 progreditur,
1342 1270 1506 1336 salisiani
1526 1273 1576 1336 in-

240 1372 322 1442 dicii
348 1384 397 1443 est
420 1398 499 1444 eum
525 1374 621 1442 haud
645 1376 866 1443 mediocriter
892 1376 1049 1443 molestia
1073 1378 1185 1466 premi
1217 1375 1275 1442 tali
1306 1378 1574 1443 testimoniorum

240 1482 342 1548 exitu.
359 1487 405 1549 Ne
421 1482 545 1548 umbra
563 1481 705 1571 quidem
721 1481 791 1549 ulla
809 1482 962 1549 criminis
977 1482 1022 1549 ad
1041 1486 1243 1549 senteutiam
1264 1485 1382 1549 mortis
1397 1483 1573 1549 ferendam

240 1587 362 1655 haberi
388 1589 510 1678 potuit.
542 1594 653 1666 Quare
681 1588 897 1676 impatientia
928 1590 1118 1676 exagitatus
1143 1588 1250 1678 (Alo.)
1281 1591 1391 1675 surgit
1420 1601 1452 1655 et
1470 1590 1574 1656 inter·-

238 1696 370 1783 ropovit
386 1696 496 1761 Iesum
510 1694 626 1762 dicens
648 1717 660 1761 :
686 1717 755 1760 non
778 1695 959 1784 respondes
980 1695 1170 1786 quidquam
1192 1694 1293 1762 adea
1308 1719 1395 1785 paroc
1416 1695 1478 1761 lidi
1490 1696 1573 1762 odii-

239 1800 378 1866 οἰκηίην
391 1800 434 1866 ab
454 1800 529 1867 lis?
551 1831 567 1862 «
586 1802 661 1868 vult
679 1801 792 1889 ipsum
807 1799 852 1867 ad
867 1800 1100 1868 defensionem
1121 1802 1273 1882 trahere,
1289 1811 1324 1867 ut
1342 1802 1392 1868 vel
1408 1825 1445 1866 cx
1459 1802 1574 1868 delen·

237 1906 332 1974 sione
353 1916 385 1975 et
399 1928 562 1998 responso
580 1909 694 1997 ipsum
714 1913 853 1997 caperet
873 1935 890 1968 »
908 1906 1054 1998 (Theopl
1066 1908 1103 1996 .).
1120 1913 1209 1974 Rene
1222 1909 1331 1974 versio
1349 1908 1453 1974 latina
1468 1931 1572 1974 unam

237 2013 346 2080 solum
370 2015 605 2103 quaestionem
631 2013 744 2095 effert,
767 2013 817 2080 uti
848 2013 1008 2104 plerique
1034 2016 1264 2080 recentiorum
1292 2036 1445 2104 quoque3
1472 2023 1572 2104 alque

238 2121 378 2201 merito,
397 2142 476 2188 nam
494 2113 707 2208 ἀποκρίνεσθαί
719 2142 751 2186 τι
769 2121 874 2186 etiam
893 2119 1067 2207 signifieat
1094 2120 1137 2187 ad
1158 2120 1288 2210 aliquid
1317 2121 1518 2210 respondere
1541 2129 1574 2186 et

236 2227 323 2293 duas
335 2233 482 2294 statuere
494 2227 709 2317 quaestiones
724 2248 793 2293 non
813 2248 1008 2317 possumus,
1031 2227 1111 2316 quia
1132 2228 1240 2294 altera
1263 2229 1343 2294 satis
1364 2229 1446 2293 mire
1466 2250 1572 2317 pone-

236 2340 349 2402 retur:
361 2334 445 2424 quid
459 2335 514 2401 isti
529 2340 649 2402 contra
660 2341 692 2401 te
705 2335 894 2401 testantur?
905 2339 1022 2402 Essent
1034 2333 1175 2424 quidem
1188 2334 1276 2400 duae
1292 2335 1573 2421 interrogationes

235 2440 356 2508 breves
375 2441 516 2508 omnino
539 2446 641 2530 aptae
660 2441 705 2509 ad
728 2442 884 2508 animum
908 2440 1116 2507 concitatum
1142 2439 1401 2520 declarandum3
1422 2440 1480 2506 sed
1500 2448 1571 2506 turn

235 2546 345 2614 altera
363 2546 482 2614 debuit
497 2570 593 2615 esse:
615 2553 744 2637 quanta
761 2553 857 2626 suut,
879 2568 984 2636 quam
1000 2548 1122 2633 gravia
1143 2568 1231 2634 quae
1251 2555 1368 2613 contra
1397 2555 1428 2612 te
1449 2553 1571 2613 testan-

234 2655 311 2721 tur?
330 2653 365 2720 id
385 2652 478 2744 quod
499 2654 648 2743 simplici
668 2648 701 2716 τί
719 2653 865 2743 exprimi
883 2654 1004 2743 nequit
1020 2653 1101 2720 dici.
1125 2657 1215 2719 lesus
1238 2659 1349 2719 autem
1376 2654 1459 2719 sicut
1481 2661 1569 2720 tace-

234 2759 391 2827 batdum
409 2761 507 2827 multi
526 2760 578 2826 illi
597 2760 672 2828 falsi
692 2767 791 2827 testes
812 2782 874 2826 sua
893 2758 1108 2827 effunderent
1129 2768 1338 2838 commenta,
1358 2760 1404 2825 ita
1428 2762 1501 2825 silet
1518 2762 1569 2825 in-

234 2874 459 2953 terrogatusa
478 2868 608 2957 caipha
629 2891 661 2932 v.
684 2872 724 2933 61
751 2865 808 2932 ille
825 2878 942 2932 autem
965 2864 1100 2932 tacebat
1123 2878 1155 2932 et
1178 2865 1265 2931 m‘lu'l
1283 2865 1471 2954 respondit;
1492 2875 1570 2932 nota

234 2972 416 3041 discrimen
438 2998 445 3042 :
469 2973 603 3041 tacebat
624 2995 687 3062 per
714 2980 823 3040 totum
847 2978 983 3062 tempus
1008 2971 1249 3050 accusationis;
1284 2973 1367 3037 nihil
1400 2973 1570 3061 respondit

234 3079 280 3146 ad
305 3082 538 3169 quaestionem
562 3086 636 3147 tum
660 3081 824 3169 positam;
851 3100 957 3169 querc
986 3078 1055 3145 dici
1081 3080 1201 3168 nequit
1225 3077 1359 3144 duobus
1382 3080 1568 3144 sententiae

235 3187 399 3253 membris
417 3186 510 3252 idem
525 3187 710 3253 enuntiari.
733 3190 799 3252 Hoc
818 3186 941 3252 Christi
967 3184 1139 3251 silentium
1160 3184 1317 3251 omnibus
1336 3185 1569 3252 accusantibus

234 3298 269 3359 et
285 3293 576 3360 tumultuantibus
595 3292 772 3380 diguitatis
791 3298 887 3359 estet
906 3291 1101 3359 maiestatis.

279 3402 402 3468 Omnes
419 3401 650 3467 accusationes
669 3421 730 3488 per
744 3398 836 3488 ipsos
848 3405 1062 3466 accusatores
1081 3397 1125 3465 ad
1138 3397 1287 3465 nihilum
1309 3398 1462 3464 redactae
1479 3407 1566 3479 sunt,

234 3507 283 3574 ita
299 3514 337 3573 ut
355 3506 399 3573 ad
417 3508 565 3596 speciem
581 3505 701 3572 iudicii
721 3503 926 3572 servandam
943 3527 986 3571 ne
1009 3505 1132 3572 umbra
1145 3504 1284 3594 quidem
1305 3528 1423 3571 causae
1438 3506 1491 3571 rel
1506 3507 1570 3571 cri-

236 3614 338 3680 minis
352 3614 471 3680 relicta
490 3615 543 3680 sit.
566 3617 615 3679 lta
635 3635 674 3679 ex
689 3611 807 3678 divino
827 3611 969 3679 consilio
985 3612 1061 3678 lieri
1076 3611 1206 3678 debuit.
1234 3612 1352 3677 Debuit
1373 3612 1461 3677 euim
1483 3616 1569 3678 lesus

235 3743 257 3788 a
275 3720 434 3808 synedrio
449 3721 552 3787 morti
571 3719 763 3787 adiudicari
781 3724 921 3809 propter
935 3719 1041 3786 solam
1062 3719 1229 3784 rationem
1244 3720 1324 3806 quia
1341 3727 1412 3784 erat
1427 3721 1567 3795 llessiaS,

235 3833 274 3895 ut
296 3849 413 3893 coram
432 3828 593 3895 omuibus
611 3827 725 3916 palam
745 3825 844 3892 lieret
867 3826 1017 3892 liessiani
1040 3848 1109 3891 esse
1132 3826 1295 3891 reiectum
1323 3833 1356 3890 et
1380 3827 1526 3891 occisum
1549 3850 1569 3891 a

234 3934 444 4024 primoribus
467 3955 679 4021 synagogae.
709 3937 817 4010 Quare
846 3954 901 3999 res
927 3933 976 3998 ita
1001 3931 1241 4021 disponuntur,
1272 3939 1307 3996 ut
1330 3932 1480 4019 pontifex
1502 3933 1568 3997 iam

234 4039 364 4107 nullam
382 4041 508 4107 habeat
523 4040 643 4106 iudicii
659 4061 797 4106 causam
812 4039 879 4105 nisi
889 4045 1031 4128 poneret
1043 4040 1131 4105 hano
1143 4039 1297 4104 ultimam
1312 4039 1541 4125 ‹praestionem
1559 4062 1565 4105 :

234 4169 369 4214 merstem
384 4169 536 4214 stammas
555 4146 711 4213 sacerdos
723 4143 955 4234 interrogabat
971 4168 1048 4212 etam
1065 4157 1095 4211 et
1111 4143 1198 4210 discit
1222 4143 1254 4210 ei
1278 4167 1288 4209 .·
1314 4157 1350 4208 tu
1368 4167 1401 4209 es
1419 4147 1443 4211 C
1445 4144 1568 4209 loistris

231 4254 324 4342 filicis
368 4255 459 4343 (Dei)
497 4253 688 4320 benedicti?
724 4248 931 4340 ὀεὐλογητός
956 4251 1162 4330 celebratus,
1197 4249 1436 4331 celebrandus,
1469 4251 1565 4316 hebr.

235 4386 310 4458 'lm
329 4362 387 4450 (ci.
417 4368 499 4430 Gen.
531 4363 644 4446 9,26);
671 4362 925 4427 «notissimum
954 4365 1004 4425 est
1027 4364 1132 4425 Deum
1156 4356 1313 4423 Hebraeis
1337 4357 1403 4422 dici
1421 4383 1476 4429 atr.
1494 4384 1566 4449 Ta:

235 4494 341 4568 ntnpn
360 4505 373 4532 l
391 4469 627 4558 (Schoettpen,
650 4471 755 4534 Horae
780 4466 878 4557 hebr.
903 4471 914 4531 1
936 4490 969 4557 p.
992 4465 1085 4553 sta).
1109 4463 1299 4554 llespondet
1318 4468 1403 4529 lesus
1422 4473 1454 4529 et
1473 4466 1566 4529 altir-

237 4585 307 4643 mat
326 4575 511 4642 clarissime
526 4597 560 4641 se
574 4597 644 4642 esse
664 4574 811 4640 Messium
827 4582 860 4640 et
879 4595 943 4662 pro
958 4595 997 4639 ea
1015 4572 1157 4638 veritate
1178 4570 1365 4637 attestanda
1381 4572 1469 4636 subit
1491 4597 1567 4636 seu-

235 4685 378 4752 tentiam
398 4683 516 4750 mortis
538 4705 569 4751 v.
593 4689 636 4749 62
662 4683 754 4748 lesus
780 4693 897 4747 aretem
917 4679 1007 4746 dizit
1030 4677 1084 4745 illi
1106 4701 1118 4745 :
1143 4701 1203 4767 epo
1224 4680 1422 4767 s11112;quod
1438 4688 1566 4744 utcon-

236 4789 429 4859 firmetduo
444 4789 541 4858 addit
560 4789 765 4858 documenta
785 4809 892 4856 unum
911 4793 1067 4878 spectans
1087 4786 1130 4853 ad
1152 4792 1284 4876 tempus
1305 4807 1378 4851 mox
1398 4787 1564 4851 luiturum.
