3960 5654
183 490 242 550 {38
375 484 378 489 ’
539 541 540 544 ,
730 511 821 556 usae.
844 497 873 569 5,
900 492 964 550 1-3.

183 637 234 704 ὅτι
248 635 289 718 εἷς
305 640 391 733 μόνος
403 640 455 719 ἦν,
475 653 607 706 tuntum
623 667 730 711 unum
746 646 862 721 luisse,
879 641 913 706 id
927 642 1020 730 quod
1032 650 1153 710 neuter
1170 643 1294 710 innuit.
1317 646 1384 708 Cur
1399 646 1512 708 autem

182 752 311 818 llarcus
325 751 426 817 unius
442 749 649 816 mentionem
669 750 786 827 iaciat,
805 748 919 813 variae
936 750 1081 816 rationes
1095 748 1298 827 alternatum
1321 746 1509 832 intelligas,

182 855 343 948 inquitS.
369 855 577 943 Auqnsmns
598 858 652 944 (de
677 879 767 924 cons.
795 876 916 940 evang.
942 861 1033 936 Qut.
1060 862 1118 934 563
1143 855 1188 919 Μ.
1211 855 1383 945 aalma),
1407 875 1512 919 riuum

182 984 300 1031 eorum
316 961 417 1027 luisse
439 985 601 1051 personae
617 963 760 1030 alicuius
779 960 931 1027 clarioris
953 972 985 1029 et
1004 960 1194 1028 famosioris
1213 983 1316 1048 quem
1339 962 1434 1049 regio
1455 959 1514 1025 illa

183 1069 327 1137 maxime
339 1066 493 1151 dolebat;
507 1070 562 1136 ille
575 1071 688 1155 itaque
704 1067 794 1132 solus
805 1075 1089 1136 commemoratus
1101 1076 1168 1146 est,
1183 1067 1303 1156 dequo
1316 1068 1394 1135 iacti
1413 1068 1514 1134 huius

182 1175 274 1242 lama
286 1173 386 1241 latius
399 1176 678 1265 praeclariusque
690 1182 949 1262 peragraverat;
965 1175 1055 1241 idem
1068 1171 1176 1254 Beda,
1191 1173 1253 1240 Fil.
1266 1182 1415 1240 censent.
1434 1173 1514 1242 Aliis

182 1278 352 1347 videtura
369 1287 477 1349 llarco
498 1282 589 1347 illius
608 1279 717 1345 solum
737 1281 809 1347 fieri
826 1283 1035 1347 mentionem
1056 1282 1113 1369 qui
1130 1281 1246 1346 luisset
1261 1280 1392 1346 saevior
1408 1281 1510 1369 (Vici.

183 1386 328 1476 Theoplt.
355 1389 429 1456 cai.
456 1388 592 1476 Lamus),
618 1388 669 1452 vel
693 1389 776 1476 quia
795 1388 851 1455 ille
875 1409 961 1454 unus
982 1387 1151 1454 Christum
1176 1386 1350 1455 sanatione
1374 1393 1514 1476 accepta

178 1495 277 1583 sequi
296 1494 455 1562 voluisset
469 1501 536 1561 eta
552 1493 682 1559 Christo
698 1495 807 1561 iussus
826 1501 912 1561 esset
929 1493 1126 1582 praedicare
1146 1496 1182 1560 iu
1202 1493 1358 1582 Decapoli
1377 1491 1511 1582 (laus.);

179 1605 214 1666 et
232 1602 328 1668 Patr.
347 1623 474 1668 remex
497 1622 536 1667 eo
555 1600 722 1679 declarat,
743 1603 825 1690 quia
847 1606 975 1667 llarcus
996 1603 1114 1667 scribit
1133 1601 1229 1666 illum
1255 1623 1363 1667 unum
1384 1600 1515 1667 Christo

179 1706 316 1774 obviam
332 1708 462 1773 venisse
476 1707 590 1773 statim
602 1729 641 1773 ac
656 1707 713 1772 ise
729 1709 807 1772 navi
819 1729 973 1793 egressus
983 1707 1114 1784 fuisset;
1133 1735 1149 1768 «
1164 1713 1200 1772 ut
1215 1707 1367 1773 Christus
1383 1708 1419 1772 in
1436 1707 1514 1773 litus

177 1833 196 1878 e
213 1814 291 1880 navi
301 1813 491 1892 deseendit,
509 1813 540 1878 ei
554 1815 666 1878 statim
684 1835 771 1878 unus
786 1813 923 1878 illorum
940 1813 1087 1879 duorum
1100 1814 1221 1879 obvius
1238 1813 1318 1893 luit3
1341 1814 1427 1879 alter
1443 1834 1512 1878 non
1614 1886 1617 1892 ¹

177 1919 291 1985 statim
310 1942 350 1985 ac
369 1919 520 1985 Christus
534 1918 577 1984 de
600 1920 679 1984 navi
699 1919 811 1984 luerat
829 1941 1001 2005 egressus,
1024 1920 1081 1986 sed
1101 1926 1175 2009 post
1194 1918 1333 2007 aliquod
1349 1919 1514 2008 temporis

176 2027 323 2115 spatium
339 2026 545 2114 supervenit.
562 2027 748 2091 Matthaeus
763 2027 805 2092 de
825 2034 971 2114 utroque
984 2027 1114 2092 locutus
1127 2033 1192 2108 est;
1205 2031 1334 2093 llarcus
1348 2025 1458 2091 solum
1470 2024 1512 2091 de

176 2133 306 2221 primo,
325 2118 506 2221 propterea
526 2131 666 2197 fortasse
683 2133 766 2221 quia
785 2132 827 2198 de
847 2133 912 2199 hoc
933 2133 1030 2222 plura
1052 2139 1148 2199 erant
1166 2154 1254 2221 quae
1275 2138 1510 2209 narrarentur,

178 2239 341 2328 pauciora
360 2260 470 2327 neque
491 2238 558 2304 alia
581 2236 623 2303 de
643 2238 748 2304 altero
770 2268 799 2303 n.
823 2242 990 2327 Opinatur
1014 2239 1187 2328 Liqhtsoot
1208 2240 1327 2327 (Horae
1352 2238 1449 2305 hebr.
1470 2238 1513 2304 ad

176 2343 213 2410 h.
227 2343 266 2432 l.)
279 2343 381 2410 istum
396 2367 503 2410 uuum
523 2344 625 2410 luisse
644 2346 807 2430 gentilem
826 2352 859 2411 et
874 2351 1019 2411 Marcum
1037 2349 1230 2435 Lucamque
1245 2367 1286 2412 ex
1302 2347 1455 2411 instituto
1468 2343 1510 2409 de

178 2471 219 2518 eo
240 2455 374 2517 tautum
401 2452 606 2525 mentionem
633 2451 807 2530 habuisse,
839 2459 874 2517 ut
902 2453 1076 2518 historiam
1104 2451 1181 2518 inde
1202 2452 1403 2518 exhiberent
1427 2451 1513 2517 cele·

178 2555 340 2624 briorem.
368 2563 458 2636 Quae
480 2563 594 2623 tamen
613 2558 781 2624 sententia
804 2559 857 2622 vis
877 2557 1013 2624 admitti
1036 2564 1160 2647 potest;
1186 2580 1264 2624 nam
1286 2565 1323 2624 ut
1344 2559 1412 2623 iam
1436 2557 1512 2625 cai.

111 2742 114 2747 ἢ
178 2668 295 2730 monet
318 2665 470 2753 itemque
500 2663 623 2743 Weiss,
645 2663 682 2729 iu
704 2687 733 2730 r.
764 2672 802 2730 19
827 2669 911 2729 Deus
936 2665 1167 2731 Hebraeorum
1197 2687 1290 2730 more
1320 2663 1515 2754 appellatur

180 2770 356 2852 Dominus3
375 2771 466 2837 unde
477 2777 622 2860 apparet
636 2771 824 2837 Hebraeum
836 2771 938 2838 luisse
951 2772 1066 2850 illum;
1080 2771 1163 2837 alias
1177 2793 1242 2836 non
1255 2770 1405 2838 hebraeo
1421 2792 1515 2837 more

180 2884 411 2966 nuncupasset
426 2883 531 2944 Deum
547 2883 650 2944 lesus

224 2983 387 3061 Quoniam
406 2984 439 3049 in
456 2985 534 3049 navi
554 2982 760 3051 dubitabant
778 2992 925 3074 quantus
942 2986 998 3051 hio
1018 2992 1117 3066 esset,
1136 2986 1205 3051 iam
1222 2985 1262 3050 iis
1281 2985 1513 3051 testimouium

179 3088 224 3155 ab
240 3089 548 3169 inimicisollertur,
572 3090 654 3156 dum
671 3091 852 3157 daemones
871 3097 943 3157 lesu
959 3091 1173 3158 divinitatem
1191 3091 1393 3180 praedicant
1407 3093 1512 3179 (Vici.

182 3195 357 3285 Theoplz.);
374 3219 405 3261 v.
421 3204 435 3263 1
449 3208 480 3262 et
490 3209 753 3263 venerantnans
762 3199 890 3284 fretum
901 3199 1005 3263 mara
1019 3198 1054 3263 in
1065 3201 1233 3286 repionem
1248 3200 1514 3279 (ἱεναεεηονιινπ,Ι

179 3302 450 3392 probabilissime
465 3303 500 3369 in
523 3326 597 3369 eam
620 3305 794 3390 regionem
812 3305 869 3369 ubi
891 3304 993 3370 hodie
1015 3307 1133 3370 ruinae
1152 3311 1231 3370 sunt
1252 3310 1370 3385 Gersa,
1392 3307 1513 3384 Kersa,

183 3410 279 3495 llursi
295 3421 400 3500 prope
420 3410 532 3476 lacum
546 3411 749 3490 Tiberiadis;
771 3434 810 3477 eo
832 3413 905 3477 loco
924 3412 1124 3500 praecipitia
1141 3433 1278 3500 quoque
1297 3410 1417 3477 crebra
1437 3416 1516 3476 sunt

184 3515 242 3606 (cf.
259 3515 503 3595 Schamacber,
526 3522 589 3583 lter
604 3517 786 3596 Dscholan,
810 3519 946 3606 Leipzig
964 3523 1047 3584 1886
1069 3541 1101 3607 p.
1127 3525 1206 3594 177;
1230 3515 1306 3583 vide
1324 3521 1513 3584 Commeut.

182 3621 219 3689 in
234 3623 346 3690 llatth.
365 3627 376 3688 l
398 3646 432 3712 p.
454 3627 545 3709 333);
568 3647 597 3688 v.
616 3629 637 3688 2
652 3636 686 3689 et
699 3625 838 3690 exeunti
848 3625 881 3691 ei
891 3624 932 3691 dc
943 3625 1025 3690 nuci
1039 3625 1153 3691 statim
1170 3625 1318 3691 occurrit
1336 3622 1376 3690 de
1393 3645 1515 3689 monu-

183 3729 303 3795 mentis
320 3727 419 3821 bomo
434 3730 470 3795 in
491 3729 615 3819 spiritu
641 3730 838 3812 immrmdo,·
862 3731 937 3796 vide
958 3731 1002 3796 ad
1020 3738 1112 3809 1‚23;
1134 3753 1166 3796 v.
1188 3738 1206 3797 3
1226 3731 1289 3819 qui
1303 3729 1517 3795 domicilium

183 3834 326 3903 habebat
339 3837 375 3901 in
394 3836 636 3915 litonumentr's,
658 3837 694 3903 in
716 3838 895 3927 sepulcris,
918 3838 1055 3926 quaein
1078 3837 1222 3927 rupibus
1242 3835 1391 3903 exscindi
1415 3837 1467 3902 vel
1481 3837 1516 3902 in

183 3943 351 4033 speluncis
370 3942 473 4029 deligi
491 3942 647 4009 solebant
658 3944 710 4008 vel
725 3945 827 4009 etiam
843 3967 882 4008 ex
901 3943 1074 4033 lapidibus
1090 3944 1211 4010 exstrui
1230 3966 1270 4010 ea
1285 3942 1469 4009 altitudine
1485 3951 1518 4009 et

182 4047 380 4129 latitudine,
394 4056 431 4114 ut
444 4051 519 4138 quis
533 4059 665 4116 erectus
678 4049 738 4115 illa
753 4051 889 4137 ingredi
905 4051 1054 4139 potuerit
1065 4051 1122 4139 (cl.
1137 4053 1224 4116 laus.
1234 4050 1257 4135 );
1270 4049 1516 4115 daemoniacus

185 4154 229 4222 ab
246 4157 424 4222 hominum
442 4158 598 4223 societate
614 4155 766 4222 exclusus
785 4157 1036 4223 intermortuos
1053 4157 1202 4238 habitat;
1219 4156 1360 4222 fortasse
1375 4156 1517 4221 daemo-

184 4283 244 4329 nes
258 4285 336 4330 eum
356 4263 468 4329 locum
488 4261 669 4350 elegerunt
683 4286 750 4350 quo
771 4266 934 4329 maiorem
956 4264 1147 4329 incuterent
1166 4263 1241 4328 aliis
1263 4268 1447 4342 terrorem3
1466 4283 1520 4327 ce·

186 4373 298 4434 terum
308 4370 418 4458 iisqui
433 4372 557 4435 mortui
573 4377 651 4435 sunt
663 4373 727 4435 Deo
743 4377 776 4434 et
790 4371 953 4458 operibus
969 4371 1110 4435 mortuis
1120 4368 1332 4434 delectantur
1346 4376 1379 4433 et
1389 4371 1519 4434 incum-

186 4473 273 4541 bunt
286 4484 319 4540 et
338 4498 400 4564 per
414 4483 591 4565 peceatum
607 4483 761 4541 auctores
778 4478 894 4540 mortis
910 4476 1059 4542 humano
1071 4477 1191 4562 generi
1207 4477 1424 4554 exstiterunt,
1443 4474 1519 4539 talis

187 4579 407 4647 habitationis
424 4582 520 4648 locus
539 4583 639 4672 plane
661 4590 710 4649 est
726 4589 986 4662 consentaneus3
1007 4595 1038 4648 et
1056 4605 1164 4672 neque
1184 4583 1314 4648 eatenis
1334 4583 1403 4646 inm
1425 4579 1519 4669 quis-

189 4709 292 4777 quam
305 4700 439 4776 poterot
454 4711 530 4754 eam
548 4689 671 4779 lipare,
692 4688 809 4766 οὐκέτι,
831 4692 931 4779 proin
951 4690 1094 4756 decursu
1114 4692 1277 4779 temporis
1298 4688 1406 4775 magis
1425 4689 1520 4753 ferox

189 4800 223 4861 et
243 4816 361 4861 saevus
384 4794 521 4861 allectus
543 4803 606 4876 est,
630 4799 675 4863 ita
701 4805 736 4862 ut
760 4819 837 4864 cum
860 4803 960 4863 antea
983 4798 1083 4883 ligari
1109 4797 1286 4886 potuisset,
1310 4795 1379 4861 iam
1404 4794 1520 4860 omnia

189 4901 325 4967 vincula
348 4901 446 4967 [acilo
472 4902 616 4969 solveret
639 4905 766 4970 viribus
792 4905 863 4971 scil.
891 4905 1118 4986 daemonum,
1146 4925 1293 4993 quorum
1318 4902 1460 4968 saevitia
1485 4901 1520 4966 in
