3960 5654
364 577 401 635 {a
748 588 784 632 na
807 589 972 638 avanosuo
993 586 1145 631 sacuuouu
1166 590 1302 636 rancor.

362 732 468 795 tutem
491 722 656 793 miracula
680 727 839 811 patrandi
857 724 1013 809 largitur.
1033 725 1155 789 florum
1174 725 1243 791 iam
1264 717 1508 791 institutionem
1524 721 1560 786 iu
1576 721 1690 788 subse·

361 834 542 924 quentibus
568 831 777 917 evangelista
798 829 996 920 cumprimis
1022 828 1119 896 nobis
1146 830 1298 906 exbibet;
1329 829 1397 894 illis
1419 832 1510 897 enirn
1540 826 1690 894 Christus

360 938 506 1008 ostendit
527 935 668 1003 modum
689 939 815 1025 agendi
840 957 917 1003 cum
941 935 1057 1017 variis,
1075 936 1254 1027 parabolas
1278 934 1424 1022 explicat
1446 937 1488 1003 de
1504 955 1611 1022 regno
1631 936 1688 1000 Dei

360 1052 498 1133 eiusque
515 1050 651 1123 natura,
662 1067 758 1111 suam
776 1042 967 1108 manifestat
982 1044 1170 1131 potentiam
1185 1043 1219 1107 in
1230 1039 1347 1106 sedata
1358 1047 1555 1131 tempestate
1571 1040 1686 1121 maris,

360 1154 394 1218 in
424 1151 583 1218 eiectione
612 1151 836 1225 daemonum,
867 1148 902 1212 in
932 1151 1184 1216 resuscitatione
1208 1146 1340 1237 puellae
1372 1154 1541 1231 mortuae,
1568 1166 1688 1214 verum
1748 1170 1752 1178 ·

360 1258 511 1346 exemplo
530 1256 841 1325 Nazarethanorum
862 1276 919 1320 cos
934 1257 1035 1322 simul
1056 1254 1172 1321 edocet
1187 1254 1260 1319 fore
1280 1261 1316 1320 ut
1334 1275 1400 1320 non
1416 1275 1534 1320 omnes
1551 1253 1688 1343 praedi·

358 1363 480 1430 cationi
497 1371 530 1431 et
548 1360 721 1430 miraculis
734 1358 835 1426 fidem
849 1360 1049 1429 adhibeant.
1062 1366 1110 1427 lta
1121 1360 1292 1428 institutos
1308 1361 1411 1427 mittit
1424 1359 1467 1426 ad
1484 1360 1688 1449 praedican-

356 1470 482 1536 dumut
493 1469 641 1536 muneris
651 1468 702 1532 sui
715 1468 1138 1557 experimentumcapiant.
1150 1471 1231 1533 Cum
1245 1468 1403 1557 apostolis
1411 1465 1690 1558 praedicantibus

355 1583 388 1642 et
402 1576 582 1643 daemonia
601 1572 814 1639 eiicientibus
839 1596 962 1641 nomen
981 1579 1054 1640 lesu
1075 1572 1224 1663 undique
1247 1574 1488 1657 celebraretur,
1510 1561 1614 1639 etiarn
1630 1577 1690 1638 lle-

356 1683 454 1749 rodes
477 1682 518 1748 de
536 1680 639 1746 caede
665 1682 801 1747 loannis
821 1682 987 1770 baptistae
1004 1679 1148 1746 stimulis
1161 1680 1386 1747 conscientiae
1405 1682 1558 1767 angitur.
1576 1679 1690 1745 Refert
1773 1727 1776 1732 -
1810 1659 1812 1663 ¹

354 1788 560 1876 evangelista
585 1786 650 1853 hac
678 1809 758 1852 usus
784 1788 960 1853 occasione
984 1785 1155 1876 quomodo
1179 1809 1381 1876 praecursor
1406 1791 1476 1852 lesu
1497 1809 1516 1853 e
1542 1787 1628 1852 vivis
1646 1786 1690 1853 sit

353 1895 520 1974 sublatus,
539 1915 661 1982 praeco
676 1893 824 1960 iustitiae
839 1916 879 1959 ex
895 1893 1041 1959 feminae
1061 1893 1191 1959 insidiis
1212 1899 1245 1960 et
1260 1892 1338 1959 odio
1356 1893 1553 1982 (an-639).
1575 1897 1688 1959 Prose-

353 2000 688 2091 quiturevangelista
703 2001 929 2066 ministerium
950 2005 1023 2066 lesu
1036 2005 1069 2065 et
1083 2001 1330 2066 institutionem
1343 2000 1574 2089 apostolorum
1591 2020 1689 2065 enar-

353 2130 432 2173 rans
452 2106 591 2173 modum
610 2105 739 2192 agendi
763 2110 833 2171 lesu
855 2128 933 2172 cum
959 2106 1070 2172 turbis
1096 2128 1180 2196 quas
1203 2107 1238 2171 in
1256 2105 1391 2172 deserto
1408 2107 1462 2173 bis
1485 2106 1688 2173 miraculose

353 2215 474 2304 pascit,
497 2213 680 2280 ostendens
699 2213 771 2279 eius
790 2214 981 2302 potentiam
1008 2213 1044 2278 in
1066 2212 1297 2279 ambulatione
1327 2235 1429 2302 super
1457 2235 1563 2302 aquas
1587 2218 1621 2279 et
1653 2214 1688 2277 in

354 2321 508 2410 plurimis
528 2318 776 2401 sanationibus‚
794 2325 827 2385 et
846 2320 1009 2385 exhibens
1027 2324 1131 2385 lesum
1151 2318 1399 2386 convellentem
1416 2319 1588 2385 doctrinas
1603 2320 1689 2408 pha-

354 2428 539 2493 risaeorum
556 2433 591 2492 et
608 2426 793 2515 discipulos
807 2426 850 2492 ab
865 2448 984 2493 eorum
1003 2428 1257 2492 conversatione
1277 2432 1518 2493 removentem.
1538 2424 1609 2492 Tali
1635 2428 1687 2491 in-

353 2534 524 2600 stitutione
546 2532 730 2621 multisque
743 2555 832 2622 quae
847 2532 1003 2599 viderant
1020 2534 1129 2599 omnis
1143 2533 1279 2619 generis
1300 2532 1622 2599 miraculisedoctos
1633 2532 1688 2597 in·

353 2646 505 2727 terrogat
526 2639 626 2728 quasi
649 2640 800 2706 fructum
827 2661 865 2706 ex
887 2645 937 2705 tot
957 2639 1170 2706 documentis
1184 2640 1409 2707 collecturus:
1429 2661 1531 2730 quem
1545 2660 1600 2705 me
1615 2661 1686 2705 esse

353 2747 475 2816 dicitis.
499 2753 633 2814 Etcum
654 2768 732 2812 eum
751 2745 994 2835 profiterentur
1014 2747 1177 2827 llessiam,
1199 2747 1268 2813 iam
1292 2746 1415 2836 incipit
1431 2768 1486 2812 eos
1502 2745 1624 2812 docere
1644 2744 1687 2811 dc

354 2877 495 2920 munere
506 2853 675 2919 messiano
686 2854 947 2942 perpassionem
959 2859 1144 2919 etmortem
1161 2854 1338 2942 implendo
1355 2853 1443 2919 etde
1460 2852 1688 2939 abnegatione

352 2961 510 3027 omnibus
537 2959 737 3026 necessaria.
768 2965 839 3038 Qua
868 2959 1022 3026 doctrina
1046 2982 1087 3026 ne
1111 2960 1379 3043 absterreantur,
1411 2960 1512 3026 fidem
1536 2959 1687 3048 discipu·

353 3066 464 3134 lorum
481 3065 567 3132 lesus
583 3066 784 3133 corroborat
802 3067 917 3153 gloria
929 3089 990 3133 sua
1002 3066 1038 3132 in
1054 3067 1354 3154 transfiguratione
1368 3066 1541 3157 aliquibus
1554 3072 1687 3132 ostensa

353 3181 385 3240 et
406 3174 564 3239 omnibus
582 3173 617 3237 in
638 3172 835 3238 ferocissimi
853 3172 1029 3239 daemonis
1052 3175 1224 3242 eiectioue.
1253 3174 1407 3264 Repetito
1422 3195 1518 3240 suam
1533 3174 1574 3239 iis
1587 3195 1687 3261 prae-

354 3280 436 3346 dicit
451 3280 641 3368 passionem
666 3300 791 3368 eosque
811 3278 854 3344 de
873 3280 1068 3346 humilitate
1086 3286 1119 3346 et
1142 3283 1229 3347 serio
1250 3279 1363 3347 studio
1383 3282 1547 3346 virtutum
1568 3278 1688 3346 edocet

353 3386 570 3474 (aso-ata).
589 3391 696 3474 Atque
708 3386 798 3451 hisce
815 3385 1041 3452 ministerium
1053 3391 1124 3453 lesu
1141 3389 1176 3453 in
1192 3387 1341 3454 Galilaea
1354 3385 1554 3466 absolvitur.

400 3497 435 3558 ln
448 3495 586 3578 regione
602 3497 716 3557 autem
730 3491 932 3558 ludaeorum
946 3493 1121 3559 occasione
1138 3501 1267 3583 captae
1283 3493 1479 3583 quaestione
1489 3494 1687 3582 pharisaeo·

355 3621 431 3665 rum
451 3598 549 3665 docet
573 3598 831 3664 matrimonium
853 3597 991 3665 dissolvi
1014 3601 1168 3666 uoniam
1189 3622 1304 3690 posse;
1327 3601 1480 3689 exemplo
1509 3605 1541 3665 et
1563 3599 1687 3667 adhor-

352 3708 479 3772 tatione
496 3703 715 3771 commendat
733 3726 851 3771 curam
868 3704 1107 3794 parvulorum,
1124 3707 1268 3795 explicat
1281 3708 1527 3797 praestantiam
1541 3729 1688 3797 pauper-

353 3814 431 3878 tatis
453 3811 681 3892 voluntariae3
703 3810 815 3877 denuo
838 3811 1005 3901 praedicit
1029 3814 1234 3900 passionem,
1257 3836 1297 3880 ex
1325 3813 1515 3880 ambitione
1535 3813 1686 3880 filiorum

353 3918 515 3985 Zebedaei
531 3918 744 3984 occasionem
758 3919 850 4007 capit
865 3916 1010 3985 docendi
1025 3917 1068 3984 de
1086 3919 1276 3986 humilitate
1292 3920 1541 4009 (10,1-t5).Uti
1556 3942 1688 3987 acaeoo

355 4048 459 4115 prope
473 4023 778 4090 lerichosalutatur
793 4023 881 4090 filius
897 4024 1018 4106 David,
1039 4026 1087 4092 ita
1099 4026 1256 4093 sollemni
1274 4026 1377 4093 modo
1392 4050 1413 4093 a
1430 4026 1540 4093 turbis
1550 4049 1687 4117 quoque

353 4154 430 4198 cum
447 4130 688 4218 ingrederetur
712 4131 845 4197 urbem.
868 4138 909 4197 nt
932 4131 1156 4199 nihilominus
1175 4133 1323 4200 llessiam
1347 4155 1417 4199 non
1432 4133 1476 4199 iri
1496 4133 1688 4220 agnituma

354 4238 489 4304 natione
512 4237 648 4304 iudaice
666 4243 700 4304 et
718 4238 868 4304 Christus
894 4238 1040 4304 ostendit
1063 4239 1216 4325 symbolo
1239 4239 1323 4306 ficus
1346 4262 1414 4305 non
1436 4239 1594 4306 habentis
1622 4242 1687 4307 nisi

353 4344 435 4410 folia
454 4351 487 4410 et
503 4344 740 4410 manifestatur
759 4345 795 4409 in
822 4345 939 4433 templi
960 4345 1195 4434 profanatione
1217 4355 1250 4411 et
1269 4348 1303 4411 in
1322 4347 1542 4434 perversitate
1556 4348 1687 4437 primo-

355 4471 446 4526 rum;
464 4472 570 4538 quare
590 4456 679 4517 lesus
698 4457 823 4516 sortem
838 4457 871 4516 et
885 4452 1020 4517 ruinam
1034 4452 1181 4519 nationis
1194 4452 1357 4542 parabola
1372 4452 1414 4520 de
1432 4455 1584 4543 pessimis
1599 4455 1687 4520 vini-

355 4557 484 4623 toribus
503 4558 650 4647 explicat
670 4565 702 4623 et
714 4556 891 4647 praedicit.
910 4559 1081 4647 Principes
1097 4581 1176 4625 vero
1191 4565 1229 4626 ut
1243 4581 1322 4626 eum
1338 4560 1503 4649 perdendi
1520 4559 1687 4626 haberent

356 4685 492 4730 causam
504 4665 598 4730 vario
610 4664 711 4730 modo
719 4686 797 4731 eum
812 4686 933 4754 capere
946 4664 983 4730 in
997 4666 1101 4731 verbo
1110 4665 1287 4733 tentabant
1299 4669 1496 4755 quaestione
1510 4667 1687 4757 proposita

356 4771 398 4837 de
412 4793 530 4850 censu,
552 4770 594 4836 de
610 4770 685 4856 lege
707 4771 882 4853 leviratus,
903 4771 945 4837 de
962 4771 1109 4838 maximo
1125 4773 1299 4839 mandato.
1318 4775 1444 4852 Quibus
1459 4774 1611 4841 refutatis
1624 4775 1686 4841 do·

356 4883 408 4944 cet
422 4878 558 4943 turbam
574 4877 766 4945 cavendum
784 4901 853 4945 esse
876 4901 896 4944 a
924 4878 1045 4944 scribis
1066 4886 1099 4945 et
1113 4879 1231 4946 laudat
1245 4879 1383 4947 viduam
1402 4881 1601 4948 offerentem
1618 4881 1687 4948 duo

356 4987 487 5052 minuta
510 4986 769 5074 (annotatt).
794 4986 918 5055 Relicto
932 4985 1061 5075 templo
1075 4986 1250 5076 discipulis
1264 4988 1431 5077 praedicit
1447 4989 1580 5057 ruinam
1599 4997 1686 5056 tem-
