3960 5654
1362 104 1370 126 ¹.
1460 106 1464 113 ·
1509 110 1512 117 .
1593 93 1598 134 Ἰ
1617 72 1840 147 ·(>ιι)ηι;1ῇ··1,4»ᾖ.

930 510 1020 554 nanc.
1044 493 1074 560 ὅ,
1099 491 1206 554 10-13,
1679 500 1734 561 m

402 651 565 715 exereitus
594 648 710 732 magni
732 645 918 713 declarare.
942 649 1073 710 Nomen
1099 645 1157 710 Dei
1178 643 1341 709 sollemne
1368 652 1417 710 est
1444 647 1544 712 lahve
1570 645 1731 731 sabaoth,

402 757 562 821 Dominus
576 753 801 831 exercituum3
824 751 959 817 videtur
981 749 1129 815 daemon
1149 750 1261 814 simile
1286 770 1411 815 nomen
1434 751 1501 816 sibi
1520 773 1682 839 arrogare
1701 760 1735 820 et

401 884 435 927 se
458 880 594 949 quoque
616 881 686 926 esse
708 858 830 923 ducem
854 859 1019 924 exercitus
1039 858 1157 942 magni
1179 857 1365 921 insinuare.
1390 859 1499 921 Unum
1523 858 1733 926 hominema

401 964 634 1054 compluribus
647 963 810 1055 possideri
821 970 854 1029 et
869 963 982 1030 vexari
999 961 1226 1029 daemonibus
1238 964 1342 1028 eliam
1361 969 1437 1041 tua
1455 968 1488 1028 ct
1501 965 1612 1030 llatth.
1633 973 1733 1048 tata

401 1078 524 1139 etLuc.
539 1076 597 1147 111
615 1070 778 1157 exemplis
797 1069 1064 1136 demonstratur.

448 1181 570 1244 Verum
593 1180 621 1245 si
644 1179 789 1244 daemon
813 1176 979 1263 gloriatur
1002 1174 1045 1241 de
1066 1174 1286 1241 multitudine
1310 1198 1449 1242 suorum
1473 1176 1527 1242 vel
1550 1178 1578 1242 si
1604 1179 1734 1246 invitus
1758 1263 1760 1268 .

402 1285 538 1370 cogitur
558 1286 656 1352 fateri
682 1289 811 1371 quanto
831 1289 954 1349 conatu
975 1283 1150 1348 hominem
1174 1282 1375 1374 possederit,
1401 1284 1516 1349 statim
1542 1285 1613 1372 ipse
1635 1307 1733 1353 suam

402 1413 516 1457 eoram
536 1397 608 1458 lesu
628 1391 861 1478 impotentiam
887 1388 1045 1454 omuibus
1065 1387 1188 1477 pandit
1209 1411 1240 1453 v.
1267 1397 1306 1455 10
1332 1401 1364 1455 ct
1384 1388 1634 1478 deprecabatur
1655 1414 1733 1459 eam

400 1498 564 1577 multam,
586 1519 627 1562 ne
641 1518 675 1561 se
690 1495 870 1585 expelleret
890 1507 986 1561 extra
1000 1495 1194 1583 reqionem;
1209 1516 1332 1581 graece
1345 1495 1529 1563 daemones
1547 1497 1736 1588 deprecan-

403 1611 470 1687 tur,
487 1605 537 1671 uti
556 1607 590 1669 in
606 1625 637 1667 v.
663 1609 715 1681 ta,
733 1625 820 1692 quae
835 1602 961 1668 locutio
976 1606 1053 1690 post
1066 1623 1098 1665 v.
1116 1607 1136 1666 9
1153 1608 1234 1690 apta
1248 1608 1297 1667 est
1314 1601 1438 1692 etipse
1452 1625 1594 1671 numero
1606 1605 1732 1694 plurali

401 1712 587 1800 petentium
602 1708 886 1798 ostenditquanto
897 1706 1069 1774 desiderio
1084 1707 1267 1774 daemones
1284 1710 1426 1796 cupiant
1437 1712 1565 1776 versari
1579 1712 1615 1776 in
1627 1718 1731 1780 terra.

402 1821 446 1882 Ex
467 1838 507 1882 ea
520 1817 682 1905 petitione
702 1815 807 1904 aliqui
828 1814 994 1901 colligunt
1009 1813 1163 1880 diversos
1174 1813 1361 1881 daemones
1377 1817 1487 1901 magis
1502 1816 1594 1884 affici
1613 1819 1659 1885 ad
1678 1818 1730 1885 di·

402 1945 516 1989 versas
535 1925 705 2009 regiones,
723 1943 801 1987 cum
824 1927 944 2010 petant
964 1942 1032 1987 non
1051 1921 1088 1986 111
1103 1921 1302 1987 universum
1318 1944 1361 1987 ne
1379 1944 1419 1988 ex
1436 1922 1564 1989 mundo
1582 1925 1734 1993 habitato

403 2030 625 2120 expellantur,
643 2028 701 2094 sed
717 2029 854 2117 speciali
871 2027 971 2093 modo
982 2049 1025 2093 ne
1040 2017 1099 2098 ἔξω
1115 2033 1172 2100 τῆς
1189 2026 1310 2115 χώρας,
1328 2050 1371 2093 ne
1386 2051 1426 2095 ex
1439 2029 1499 2096 illa
1513 2032 1738 2100 extrudantur

403 2138 543 2223 regione
564 2136 620 2224 (ci.
641 2137 713 2203 Gai.
732 2135 849 2218 lans.);
871 2133 931 2200 sed
945 2138 1066 2223 petunt
1080 2133 1114 2200 id
1129 2155 1172 2199 ne
1186 2134 1370 2201 iubeantur
1382 2135 1477 2201 abire
1490 2137 1526 2202 in
1544 2137 1730 2206 infernum.

403 2244 496 2310 Unde
513 2245 631 2332 utique
647 2243 800 2330 sequitur
814 2241 997 2307 daemones
1014 2240 1148 2328 aliquid
1163 2243 1342 2330 percipere
1356 2242 1535 2308 levaminis
1548 2246 1576 2310 si
1595 2246 1738 2314 interra

403 2351 529 2416 morari
549 2350 597 2415 eis
612 2349 728 2429 liccat;
745 2348 891 2436 ideoque
906 2354 998 2414 recta
1014 2370 1085 2414 esse
1099 2347 1234 2414 videtur
1254 2348 1480 2436 plurimorum
1500 2350 1735 2439 theologorum

402 2458 569 2523 sententia
587 2455 835 2521 admittendam
855 2477 927 2521 csse
947 2455 983 2520 in
1008 2454 1235 2521 daemonibus
1258 2462 1337 2520 ante
1358 2454 1526 2522 iudicium
1545 2460 1737 2528 universale

402 2565 553 2652 aliquam
570 2564 746 2628 minimam
761 2562 1018 2629 delectationem
1036 2561 1284 2628 accidentalem
1298 2561 1356 2649 (cl.
1374 2562 1523 2643 Suam,
1540 2563 1582 2629 de
1601 2566 1738 2653 angelis

403 2671 463 2736 lib.
482 2677 590 2759 Scap.
609 2678 647 2737 15
662 2692 696 2734 n.
709 2676 727 2736 1
738 2668 840 2758 seq.).
855 2673 902 2734 Ne
916 2669 1069 2755 igiturin
1085 2667 1246 2754 abyssum
1261 2669 1356 2735 abire
1372 2668 1565 2750 iubeantur,
1579 2671 1736 2758 flagitant

403 2784 440 2842 ut
459 2777 495 2842 in
514 2799 634 2864 porcos
653 2775 788 2862 ingredi
809 2776 926 2857 liceal;
949 2797 981 2842 v.
1010 2782 1048 2841 11
1072 2786 1146 2840 erat
1164 2786 1281 2840 aretem
1307 2773 1358 2840 iti
1373 2776 1463 2841 circa
1485 2790 1633 2844 montem
1652 2801 1737 2870 prex

400 2906 580 2972 porcorum
610 2905 754 2970 irtaqaas
776 2903 939 2971 pascens;
965 2911 979 2942 «
1007 2903 1071 2948 nec
1092 2880 1184 2971 quod
1213 2886 1342 2948 llarcus
1365 2881 1449 2947 dixit
1471 2883 1563 2949 cirea
1585 2893 1735 2954 montem

404 2991 503 3056 luisse
516 3012 656 3076 gregem
676 3011 876 3078 porcorum,
893 2995 996 3055 Lucas
1011 2995 1126 3054 autem
1144 2990 1180 3053 in
1203 2994 1316 3054 monte
1336 2988 1526 3077 quidquam
1547 3001 1737 3080 repugnat3

404 3119 487 3183 grex
506 3099 596 3162 enim
616 3104 684 3163 tam
710 3118 856 3183 magnus
874 3095 954 3174 luit,
979 3102 1017 3161 ut
1038 3093 1171 3183 aliquid
1191 3096 1264 3160 eius
1282 3100 1369 3161 esset
1384 3095 1429 3171 ¹iu
1448 3102 1579 3178 monte,
1601 3099 1735 3188 aliquid

404 3206 494 3270 circa
510 3211 658 3269 montem
676 3232 691 3262 »1
710 3205 760 3290 (S.
773 3205 861 3290 dap.
876 3201 919 3267 de
933 3224 1025 3268 cons.
1039 3222 1164 3287 evang.
1183 3207 1274 3280 131.
1291 3201 1361 3288 56);
1379 3223 1483 3290 quam
1499 3203 1587 3269 nihil
1603 3207 1738 3275 valeant

404 3311 538 3376 efficere
551 3310 733 3376 daemones
751 3310 823 3375 sine
841 3309 899 3375 Dei
914 3308 1155 3398 permissione,
1172 3307 1237 3396 ipsi
1251 3306 1407 3397 pandunt
1422 3331 1455 3376 v.
1473 3316 1514 3376 12
1529 3324 1564 3377 et
1577 3311 1740 3401 depreca-

403 3416 528 3482 bantur
546 3439 621 3482 eran
642 3417 778 3506 spiritus
791 3414 941 3481 dicentes
954 3437 965 3480 :
980 3414 1076 3480 mitte
1091 3436 1151 3479 nos
1162 3413 1199 3479 ia
1208 3437 1331 3503 porcos
1345 3428 1381 3481 at
1396 3416 1432 3480 in
1446 3438 1502 3482 eos
1514 3416 1721 3487 introeamus
1727 3444 1741 3505 ,·

404 3549 433 3589 v.
453 3532 491 3589 13
512 3538 545 3588 11
564 3523 781 3589 coacessr'teis
793 3523 919 3611 (statim
935 3523 1037 3608 Iesus)
1058 3534 1091 3586 et
1104 3542 1230 3609 acapna
1250 3523 1379 3611 impeta
1393 3544 1478 3609 prex
1491 3526 1740 3614 praecepitatua
1825 3559 1830 3568 ·

406 3645 454 3697 cst
464 3632 499 3696 in
510 3652 603 3696 artare
615 3629 663 3695 ad
675 3628 741 3695 clao
757 3629 867 3696 milita
881 3640 914 3695 et
927 3628 1182 3716 suffocatione!
1198 3628 1235 3693 in
1249 3628 1341 3693 mari
1344 3647 1358 3711 ‚·
1373 3627 1554 3695 daemones
1567 3632 1657 3698 hanc
1668 3633 1735 3702 sibi

407 3737 912 3822 habitationemefflagitarunt,
928 3757 971 3801 ne
983 3737 1017 3800 in
1032 3735 1194 3822 abyssum
1205 3734 1300 3801 abire
1315 3742 1529 3820 cogerentur.
1546 3742 1654 3815 Quare
1668 3762 1736 3807 non

407 3845 541 3911 videtur
563 3843 741 3932 probabile
763 3844 808 3909 ab
826 3844 908 3932 ipsis
931 3842 1158 3908 daemonibus
1172 3863 1294 3929 porcos
1312 3863 1382 3907 esse
1403 3843 1438 3907 in
1457 3841 1569 3910 lacum
1591 3853 1684 3913 actos
1699 3855 1737 3914 ut

408 3952 599 4030 interirent.
622 3951 728 4015 multo
748 3950 860 4015 urinus
877 3948 944 4014 dici
959 3949 1083 4037 poterit
1101 3947 1283 4014 daemones
1297 3948 1333 4013 id
1350 3970 1390 4013 ea
1412 3958 1525 4015 mente
1544 3955 1679 4040 petiisse
1698 3963 1736 4021 ut

407 4059 532 4123 damno
550 4057 668 4124 incolis
683 4056 775 4123 illato
789 4057 836 4122 eis
851 4059 960 4122 lesum
981 4055 1165 4121 redderent
1183 4054 1351 4121 odiosum.
1369 4055 1404 4121 si
1422 4057 1513 4122 enim
1532 4059 1596 4125 hoc
1613 4060 1737 4129 voluis-

406 4170 495 4244 sent,
513 4173 604 4230 certe
620 4186 689 4229 non
705 4164 887 4228 adiuvisset
900 4161 1052 4228 Christus
1065 4183 1186 4227 eorum
1202 4162 1382 4228 consilium
1398 4161 1483 4229 adeo
1503 4186 1646 4252 pravum
1660 4191 1738 4257 per·

409 4272 544 4337 mittens
563 4271 629 4336 illis
649 4271 784 4357 ingredi
804 4270 841 4336 in
860 4290 991 4358 porcos.
1016 4272 1052 4333 lu
1072 4270 1134 4334 isto
1156 4269 1273 4353 gregis
1294 4268 1407 4334 furore
1427 4275 1462 4335 et
1478 4269 1608 4359 impetu
1634 4276 1742 4343 oculis

407 4377 631 4468 spectantium
657 4379 835 4443 exhibetur
856 4398 960 4466 quam
981 4374 1208 4441 intolerabilis
1233 4377 1276 4440 sit
1299 4376 1503 4442 daemonum
1530 4384 1739 4468 praesentia,

408 4486 598 4552 ostenditur
611 4484 711 4549 simul
731 4507 848 4550 eornm
869 4481 1086 4572 impotentia,
1107 4503 1183 4547 cum
1200 4481 1293 4570 qnod
1313 4504 1431 4547 eorum
1452 4487 1597 4552 maxime
1614 4487 1740 4557 intere-

410 4603 459 4659 rat
483 4592 717 4658 habitaculum
735 4591 823 4657 illud
844 4610 1030 4680 porcorum
1048 4591 1195 4656 retinere
1216 4611 1286 4654 non
1310 4596 1456 4678 possent.
1479 4592 1629 4660 Christus
1647 4599 1739 4664 enim

409 4701 518 4766 solum
535 4699 686 4790 permisit
705 4697 837 4787 ingredi
855 4700 888 4764 in
905 4719 1042 4786 porcos;
1066 4697 1156 4762 ultra
1177 4694 1211 4762 id
1226 4695 1315 4762 nihil
1328 4695 1449 4763 valent.
1472 4699 1544 4765 Alia
1563 4704 1741 4793 complura

409 4807 570 4874 adnotavi
589 4805 631 4872 ad
654 4805 768 4871 llaltb.
794 4810 887 4886 8,3·2.
916 4805 1069 4871 Advertit
1090 4802 1184 4870 Beda
1208 4826 1268 4869 uos
1290 4802 1402 4870 doceri
1426 4803 1608 4875 daemones
1632 4813 1739 4880 multo

411 4916 522 4980 atinus
538 4937 633 5004 prosse
653 4936 711 4979 sua
726 4918 890 5001 potestate
907 4935 1029 4980 nocere
1045 4910 1243 4978 bominibus
1254 4910 1342 4999 (sim.
1359 4909 1536 5001 Tacape).
