3960 5654
180 446 182 450 <
237 517 239 520 ⁴
349 491 427 567 36Ι
883 487 1152 563 nauehu-13.

349 641 499 730 Spiritus¹
516 648 652 737 sanctus
674 639 788 706 veniat
818 672 834 703 »
863 639 1056 731 (Theoph.);
1083 638 1154 703 eius
1174 641 1302 729 quippe
1323 637 1502 704 descensus
1517 638 1683 700 monente

348 750 441 817 Beda
460 753 596 837 signum
617 752 692 811 erat
716 748 943 815 conferendae
962 746 1060 811 nobis
1078 744 1112 809 in
1140 745 1310 836 baptismo
1329 745 1459 829 gratiae
1477 738 1675 831 spiritualis.

348 859 428 924 Dein
453 852 640 923 iustificatis
672 877 809 944 quoque
830 855 972 920 affertur
994 873 1058 917 vox
1079 874 1148 940 qua
1172 853 1215 919 de
1244 850 1405 916 filiatione
1425 848 1507 916 certi
1524 843 1678 913 reddun-

347 971 403 1030 tur
419 986 428 1030 :
444 959 619 1047 accepistis
634 962 793 1050 spiritum
814 957 1005 1045 adoptionis
1020 958 1169 1026 filiorum
1188 961 1224 1024 in
1240 978 1308 1044 quo
1323 955 1509 1022 clamamus
1529 977 1537 1022 :
1566 951 1673 1031 abba,

347 1074 459 1143 Pater3
473 1067 544 1153 ipse
560 1068 651 1133 enim
664 1065 1049 1156 Spiritustestimonium
1063 1066 1175 1132 reddit
1187 1062 1321 1153 spiritui
1333 1067 1447 1127 nostro
1459 1061 1679 1151 quodsumus

219 1176 222 1182 ’
346 1175 408 1240 filii
427 1172 484 1238 Dei
500 1171 611 1260 (Rom.
632 1179 724 1255 8‚15.
745 1172 812 1257 16).
834 1175 870 1236 ln
886 1173 982 1238 iustis
997 1172 1061 1239 sibi
1075 1171 1260 1260 complacet
1275 1173 1359 1234 [teus
1373 1168 1501 1257 quippe
1515 1169 1575 1257 qui
1591 1167 1677 1257 bap-

345 1279 438 1345 tizati
452 1279 489 1346 in
509 1281 681 1347 Christum
703 1276 878 1343 induerint
901 1280 1071 1345 Christum
1092 1277 1177 1365 (Gal.
1198 1279 1309 1362 337),
1336 1277 1365 1341 ei
1385 1274 1606 1362 complantati
1626 1277 1676 1340 at-

345 1407 412 1473 que
427 1386 545 1453 inserti
563 1386 674 1474 (llam.
693 1385 764 1467 63)
788 1383 860 1450 eius
879 1385 1023 1451 sormam
1043 1390 1075 1449 et
1091 1383 1279 1469 imaginem
1299 1388 1473 1470 tamquam
1493 1381 1523 1445 ei
1542 1379 1677 1447 consor-

345 1514 415 1558 mes
435 1494 545 1559 effecti
565 1492 677 1580 (Rom.
699 1492 794 1577 829)
811 1513 894 1580 prae
921 1514 956 1558 se
977 1491 1089 1556 lerant
1110 1489 1262 1578 adeoque
1277 1489 1376 1555 simul
1390 1509 1468 1554 cum
1489 1486 1570 1551 Filio
1585 1487 1676 1571 grati

345 1598 412 1664 sint
423 1605 456 1665 et
475 1598 619 1686 accepti.

389 1712 496 1794 Atque
520 1711 597 1793 post
622 1702 690 1768 tale
713 1704 944 1770 testimonium
964 1701 1118 1768 divinum
1134 1725 1165 1767 v.
1186 1709 1227 1768 12
1245 1703 1360 1768 statim
1379 1702 1527 1790 Spiritus
1543 1698 1677 1789 expulit

344 1834 421 1877 eum
449 1812 485 1876 ia
504 1809 688 1888 desertum,
712 1800 856 1871 tutatur
876 1811 898 1875 i.
927 1832 956 1875 e.
977 1815 1133 1898 prompte
1154 1830 1194 1874 ao
1219 1808 1348 1875 fervide
1372 1812 1497 1888 movet3
1525 1808 1676 1874 Christus

343 1904 493 2007 namque
508 1916 698 1982 secundum
714 1923 922 2005 assumptam
937 1916 1182 1981 humanitatem
1199 1916 1233 1981 in
1253 1915 1411 1982 omnibus
1429 1914 1678 2003 promptissime

344 2047 383 2091 ac
402 2025 578 2091 celerrime
597 2022 748 2089 obedivit
763 2023 937 2089 instinctui
953 2023 1099 2111 Spiritus
1113 2023 1218 2088 sancti
1234 2022 1376 2110 (Diua).
1394 2022 1568 2088 lndicatur
1579 2042 1674 2087 com·

272 2142 275 2146 ’
343 2131 568 2197 morationem
587 2129 680 2195 illam
701 2129 816 2195 divina
837 2128 1052 2194 ordinatione
1067 2151 1138 2195 esse
1152 2135 1360 2218 susceptam
1383 2128 1584 2195 attribuitur
1598 2128 1674 2216 Spi-

342 2238 422 2302 ritui
435 2242 567 2314 sancto,
582 2237 666 2325 quia
676 2238 827 2301 actiones
838 2235 1020 2302 voluntatis
1033 2236 1308 2324 supernaturales
1318 2236 1348 2300 ei
1364 2234 1510 2302 adscribi
1521 2234 1632 2300 solent
1643 2238 1677 2300 et

341 2345 465 2410 cumin
486 2342 656 2433 baptismo
672 2364 760 2408 novo
775 2341 876 2428 signo
891 2343 1039 2409 innotuit
1063 2342 1231 2409 Christum
1255 2343 1329 2429 regi
1352 2365 1372 2408 a
1390 2343 1516 2431 Spiritu
1536 2346 1670 2424 sancto,

342 2451 396 2516 hio
412 2471 548 2539 quoque
565 2449 609 2514 ab
627 2449 746 2515 eodem
763 2448 840 2514 duci
856 2448 1072 2535 significatur
1087 2448 1228 2538 (Salo.);
1244 2472 1276 2514 v.
1300 2455 1340 2515 13
1355 2461 1389 2514 et
1402 2461 1476 2514 erat
1489 2449 1526 2514 in
1543 2448 1676 2515 'deserto

341 2556 572 2646 quadraqiata
588 2554 706 2622 diebus
725 2557 771 2644 (et
789 2554 1020 2644 quadruplata
1039 2555 1205 2643 noctibus)
1222 2569 1255 2621 et
1274 2555 1469 2621 tentabatur
1487 2578 1508 2621 a
1534 2568 1673 2635 satana,

341 2655 571 2751 πειραζόμενος,
589 2685 628 2729 ex
649 2683 717 2751 quo
743 2661 844 2728 modo
867 2661 1030 2750 loquendi
1048 2661 1257 2728 concludunt
1282 2663 1388 2751 aliqui
1408 2685 1478 2729 esse
1496 2660 1677 2752 probabile

341 2775 450 2837 lesum
470 2792 533 2859 per
557 2770 632 2836 illos
656 2768 887 2857 quadraginta
912 2768 984 2834 dies
1008 2769 1206 2857 frequenter
1220 2791 1291 2835 esse
1310 2774 1488 2836 tentatum.
1507 2773 1556 2835 lta
1579 2768 1673 2857 Oriq.

342 2879 436 2943 hom.
466 2883 508 2944 23
532 2876 566 2941 in
589 2881 738 2942 Lucam:
761 2905 776 2935 «
798 2875 1028 2964 quadraginta
1044 2874 1165 2942 dicbus
1186 2882 1336 2942 tentatur
1349 2880 1436 2942 lesus
1453 2883 1486 2942 et
1500 2898 1589 2965 quae
1604 2875 1676 2941 fue·

343 2985 409 3050 rint
423 2989 633 3050 tentamenta
641 2983 809 3048 nescimus
820 3009 835 3042 v
854 2981 916 3070 (Μ.
940 2984 1112 3069 13,187t);
1128 2982 1219 3048 idem
1234 2982 1361 3050 indicat
1373 2982 1552 3066 Eusebius,
1568 2989 1676 3050 lesum

341 3091 415 3156 scil.
433 3088 663 3178 quadraginta
677 3089 797 3155 diebus
807 3088 1005 3154 etnoctibus
1019 3087 1179 3155 adversus
1191 3089 1398 3156 daemonum
1415 3094 1565 3157 catervas
1576 3089 1677 3157 dimi-

343 3219 435 3264 casse
452 3197 495 3262 ab
507 3196 548 3262 iis
560 3201 745 3274 tentatum;
764 3217 870 3284 quare
890 3195 993 3261 verba
1009 3200 1059 3261 Ps.
1087 3202 1129 3261 90
1149 3194 1192 3261 de
1212 3219 1252 3262 eo
1272 3197 1416 3286 explicat
1437 3220 1445 3265 ε
1467 3219 1569 3287 super
1584 3197 1677 3287 aspi-

342 3303 421 3370 dem
453 3310 485 3368 et
511 3303 703 3368 basiliscum
734 3301 946 3380 ambulabis,
981 3322 1049 3367 non
1076 3301 1211 3369 timebis
1234 3324 1255 3367 a
1279 3304 1399 3369 timore
1421 3310 1587 3372 nocturno
1609 3310 1676 3371 etc.

344 3411 448 3498 (dem.
462 3429 584 3495 evang.
598 3415 618 3475 3
633 3431 665 3473 n.
682 3416 719 3484 73
738 3410 785 3473 M.
799 3414 923 3489 auare
935 3411 1017 3498 seq.)
1032 3461 1039 3488 ,
1052 3414 1154 3497 atque
1165 3409 1268 3474 Eutlr.
1283 3409 1341 3498 (ad
1353 3412 1466 3477 llatth.
1479 3410 1550 3498 t‚3)
1562 3417 1676 3477 censet

343 3519 408 3583 illis
422 3516 542 3582 diebus
558 3516 729 3581 Christum
746 3536 767 3580 a
783 3514 922 3581 diabolo
937 3537 955 3581 e
972 3515 1161 3604 longinquo
1180 3538 1249 3582 esse
1271 3522 1453 3601 tentatum,
1471 3539 1595 3606 nempe
1615 3539 1681 3608 per

343 3645 517 3704 somnum,
543 3644 606 3711 per
625 3622 813 3702 tristitiam,
838 3644 900 3710 per
918 3623 1092 3708 ignaviam
1109 3609 1177 3708 (ta
1191 3611 1326 3698 δειλίας)
1339 3630 1371 3690 et
1397 3625 1538 3702 similia3
1569 3626 1674 3693 etiam

343 3730 435 3798 Beda
454 3731 626 3797 Christum
642 3749 703 3817 per
716 3733 822 3794 totum
841 3728 928 3793 illud
943 3733 1078 3816 tempus
1097 3735 1269 3796 tentatum·
1282 3752 1354 3797 esse
1370 3733 1548 3812 existimat,
1570 3753 1675 3821 quam

342 3838 543 3906 sententiam
564 3834 656 3902 haud
677 3834 851 3924 improbat
876 3834 913 3902 S.
946 3834 1104 3914 Thomas,
1132 3836 1160 3901 si
1182 3837 1386 3924 intelligitur
1414 3869 1429 3899 «
1455 3861 1525 3905 non
1544 3838 1587 3905 de
1607 3839 1675 3906 illis

296 4034 298 4037 Ι
342 3944 587 4013 tentationibus
606 3941 797 4007 visibilibus
817 3963 903 4030 quas
923 3948 1064 4007 narrant
1083 3943 1267 4009 llatthaeus
1280 3951 1313 4010 et
1333 3950 1438 4011 Lucas
1451 3968 1540 4034 quae
1560 3947 1671 4012 mani-

343 4056 425 4120 feste
446 4052 555 4117 laetae
573 4056 651 4115 sunt
668 4055 744 4137 post
759 4048 944 4127 ieiunium,
960 4047 1018 4114 sed
1032 4048 1074 4114 de
1089 4049 1294 4137 quibusdam
1311 4051 1387 4117 aliis
1402 4053 1675 4141 impugnationi-

341 4161 421 4242 bus,
438 4180 522 4248 quas
535 4158 620 4223 sorte
632 4155 691 4221 illo
707 4155 824 4221 ieiunii
842 4160 995 4243 tempore
1011 4155 1161 4222 Christus
1177 4164 1227 4223 est
1239 4180 1260 4223 a
1273 4157 1408 4224 diabolo
1423 4181 1569 4248 passus»
1588 4161 1621 4249 (3
1638 4184 1671 4249 p.

342 4292 401 4358 qu.
424 4274 461 4332 tt
484 4271 549 4331 art.
579 4271 597 4330 3
626 4263 669 4328 ad
690 4264 736 4348 2).
759 4265 865 4338 Quam
885 4262 1087 4328 sententiam
1109 4263 1152 4329 de
1168 4264 1334 4352 frequenti
1350 4265 1474 4331 Christi
1488 4268 1676 4335 tentatione

342 4378 431 4441 lans.
450 4369 555 4437 Mota.
576 4372 704 4438 Suara:
719 4371 768 4456 [in
789 4376 808 4434 3
826 4391 859 4456 p.
878 4368 965 4456 disp.
983 4375 1024 4434 39
1044 4392 1071 4435 s.
1090 4376 1108 4436 3
1126 4392 1159 4434 n,
1178 4375 1208 4455 7)
1228 4371 1307 4437 satis
1326 4371 1540 4460 probabilem
1555 4374 1676 4441 dicunt

342 4490 374 4551 et
389 4503 477 4571 quae
492 4501 531 4545 ex
549 4477 638 4544 lteda
658 4479 760 4543 etiam
787 4476 822 4541 in
843 4481 906 4541 cat.
932 4497 1005 4541 aur.
1032 4482 1064 4540 et
1084 4476 1232 4561 glossam
1249 4477 1460 4546 ordinariam
1474 4486 1522 4546 est
1537 4488 1674 4570 recepta

342 4597 374 4655 et
394 4612 414 4655 a
434 4592 468 4653 S.
502 4585 690 4670 Augustino
722 4604 857 4673 quoquc
891 4582 1052 4672 adoptata
1080 4581 1225 4666 videtur,
1258 4606 1336 4652 oum
1360 4587 1485 4653 scribat
1510 4608 1518 4653 :
1545 4592 1674 4654 llareus

342 4703 455 4763 autem
489 4697 668 4758 attestatur
700 4689 841 4779 quidem
874 4710 952 4756 eum
985 4689 1020 4755 in
1048 4689 1179 4757 deserto
1202 4713 1223 4758 a
1250 4691 1387 4760 diaholo
1411 4716 1481 4760 esse
1505 4700 1674 4760 tentatum

342 4800 572 4893 quadraginta
604 4797 725 4863 diebus
752 4804 785 4863 et
814 4796 980 4864 noctibus.
1010 4800 1118 4872 Quare
1146 4797 1252 4888 aliqui
1283 4807 1506 4890 protestantes
1527 4803 1670 4891 (Meyer,

349 4909 467 4994 Weiss)
488 4911 635 4973 Marcum
650 4926 670 4970 a
685 4905 849 4971 llatthaeo
865 4905 1059 4995 discrepare
1071 4904 1200 4972 dicunt.
1214 4905 1250 4971 ld
1266 4908 1358 4995 quod
1374 4931 1417 4975 ne
1429 4910 1465 4974 in
1480 4932 1519 4976 ea
1532 4910 1672 4999 quidem
