3960 5654
215 505 275 565 358
743 521 831 566 nanc.
856 503 904 570 13,
928 503 1036 564 32-36.

261 651 356 731 Quod
376 651 484 736 igitur
507 650 590 717 dicit
612 676 722 743 neque
737 654 859 734 Filius,
885 651 988 719 voluit
1008 677 1066 720 eos
1084 672 1238 720 coercere
1258 674 1300 719 nc
1320 637 1543 742 quaererent,

218 788 233 821 α
261 757 403 825 sienim
428 756 595 828 dixisset:
622 763 691 828 seio
718 761 869 851 quidem,
894 759 952 824 sed
976 760 1054 826 nolo
1083 759 1177 826 vobis
1201 760 1368 840 revelare,
1389 778 1544 823 moerore

211 864 288 930 illos
302 862 482 946 affccisset;
499 888 590 933 nuno
605 874 719 934 autem
735 864 922 956 prudenter
937 889 1007 933 rem
1022 867 1095 952 agit
1110 872 1144 932 et
1158 887 1215 931 eos
1230 867 1369 931 omnino
1383 862 1546 954 prohibet

214 992 257 1034 ne
281 968 410 1036 discere
431 972 590 1039 affectent
615 1001 630 1032 v
652 973 833 1062 (Theoph.;
854 973 1010 1046 similiter
1030 973 1067 1038 S.
1095 972 1213 1062 Chrys.
1239 969 1282 1036 ad
1302 972 1417 1039 Matth.
1442 976 1544 1050 2ἱι,36

216 1077 309 1141 hom.
328 1084 369 1140 77
385 1079 429 1144 al.
448 1080 517 1163 78).
536 1085 644 1168 Atque
659 1103 721 1146 cur
735 1101 790 1144 eos
808 1078 889 1143 velit
905 1080 1067 1163 ignorare
1081 1078 1190 1158 diem,
1207 1077 1386 1166 perspicue
1400 1074 1547 1143 ostendit

215 1183 376 1250 Dominus
385 1185 433 1273 (S.
451 1187 543 1250 Hier.
562 1186 643 1252 Bed.
666 1185 761 1274 Vict.)
779 1208 808 1249 v.
825 1191 866 1250 33
878 1186 998 1266 videte,
1017 1183 1145 1264 βλέπετε
1160 1184 1205 1252 ci.
1221 1206 1252 1250 v.
1266 1191 1331 1250 53
1360 1184 1498 1274 viqilote
1514 1196 1547 1249 et

217 1302 330 1372 orote,·
353 1290 489 1357 nescitis
509 1292 599 1357 evu'm
619 1291 756 1381 picando
778 1305 910 1380 tempus
929 1294 971 1358 sit
976 1313 990 1374 ;
1012 1314 1081 1381 qua
1100 1293 1230 1359 ratione
1253 1289 1466 1375 vigilandum
1482 1289 1558 1369 sit,

216 1397 362 1485 explieat
385 1397 559 1486 apostolus
583 1406 597 1464 1
621 1401 735 1464 Thess.
765 1404 821 1478 5,s
845 1421 915 1488 seq.
940 1421 1028 1466 :nos
1047 1404 1161 1465 autem
1180 1396 1284 1464 sobrii
1306 1397 1412 1462 simus
1432 1396 1544 1463 induli

215 1503 359 1570 loricam
375 1503 456 1570 fidei
470 1509 503 1569 et
521 1505 672 1571 caritatis
687 1509 720 1570 et
733 1505 867 1589 galeam
882 1527 978 1595 spem
994 1504 1112 1571 salutis
1127 1513 1190 1571 etc.
1213 1510 1246 1571 et
1262 1503 1420 1570 similiter
1435 1509 1450 1568 1
1467 1507 1543 1573 Cor.

219 1616 298 1691 739
318 1633 389 1699 seq.
412 1616 547 1699 tempus
564 1611 667 1677 breve
687 1616 751 1689 est;
772 1611 942 1701 reliquum
962 1618 1012 1679 est
1032 1617 1068 1677 ut
1087 1612 1146 1699 qui
1165 1618 1311 1676 utuntur
1332 1608 1546 1677 boemundo

214 1725 391 1805 tamquam
406 1737 474 1781 non
496 1724 654 1797 utentum
676 1719 838 1806 praeterit
857 1720 948 1784 enim
965 1718 1078 1805 figura
1091 1718 1191 1782 huius
1209 1717 1348 1798 mundi;
1370 1716 1413 1782 ol.
1431 1721 1453 1781 2
1468 1717 1543 1782 Cor.

210 1831 282 1901 5,9.
301 1830 353 1890 10.
370 1827 408 1889 Et
418 1823 590 1911 quomodo
603 1846 664 1889 nos
676 1829 830 1912 oporteat
841 1846 977 1913 semper
989 1830 1124 1914 paratos
1136 1844 1206 1889 esse
1218 1822 1266 1888 ita
1279 1830 1317 1888 ut
1328 1844 1406 1888 cum
1419 1821 1546 1888 fiducia

211 1929 405 2015 venientem
416 1927 565 1995 iudicem
579 1930 745 2018 possimus
756 1932 921 2019 excipere,
936 1928 1391 2019 comparationedeelaratv.
1405 1934 1447 1994 3t
1458 1928 1546 1994 sieut

210 2037 311 2102 homo
328 2036 392 2125 qui
406 2057 547 2123 pereqre
559 2038 737 2125 profectus
756 2036 894 2126 reliquit
912 2036 1052 2102 domum
1071 2059 1169 2102 sitem
1189 2048 1221 2102 et
1240 2034 1334 2102 dedit
1356 2035 1546 2101 servassetis

211 2155 413 2232 potestatem
430 2142 593 2231 cuiusque
609 2143 720 2231 operis
743 2139 857 2230 ἀφεὶς..
875 2139 928 2205 ael
946 2131 1017 2216 δούς
1033 2143 1230 2209 declaratur
1249 2141 1323 2209 scil.
1340 2141 1424 2232 quid
1440 2141 1545 2208 homo

213 2248 271 2313 ille
293 2250 352 2338 qui
373 2237 533 2334 ἀπόδημος
556 2271 624 2314 esse
650 2249 772 2330 voluit,
802 2251 911 2336 egerit
931 2258 1115 2339 antequam
1136 2249 1424 2338 proficisceretur,
1450 2247 1545 2314 dedit

212 2356 315 2420 servis
330 2361 530 2443 potestatem
547 2356 717 2442 regendae
734 2356 806 2423 scil.
819 2357 939 2422 domus
950 2365 983 2423 et
994 2378 1112 2423 curam
1125 2355 1276 2423 habendi
1287 2357 1336 2422 rei
1348 2354 1542 2434 familiaris,

211 2458 333 2540 lasieso
345 2458 382 2523 τὸ
395 2458 481 2550 ἔργον
498 2463 590 2524 αὐτοῦ
603 2485 703 2529 suum
729 2464 801 2529 soil.
826 2464 950 2552 cuique
968 2486 1054 2552 opus
1073 2470 1107 2530 et
1130 2485 1253 2530 munus
1273 2460 1496 2529 demandavit
1512 2468 1545 2528 et

207 2568 393 2656 assignavit
403 2582 435 2636 et
447 2570 589 2635 ianitori
594 2570 771 2660 proecepit
784 2572 891 2659 (verte
905 2566 957 2633 καί
969 2571 1087 2657 etiam)
1102 2581 1138 2635 ut
1150 2569 1283 2659 ot'qilet,·
1295 2570 1463 2635 sententia
1472 2590 1545 2634 non

210 2676 411 2758 absolvitur,
429 2678 469 2749 ὡς
485 2678 573 2742 sicut
585 2683 652 2761 est,
666 2677 716 2743 uti
731 2678 928 2765 loquuntur,
944 2677 1236 2766 anantapodoton,
1251 2674 1544 2764 quemadmodum

208 2783 324 2849 llatth.
340 2789 459 2864 25,1t;
477 2805 596 2849 verum
613 2785 710 2850 facile
720 2784 917 2873 suppletur:
934 2784 1020 2850 siout
1032 2784 1089 2850 ille
1101 2785 1293 2872 praecepit,
1307 2789 1344 2848 ut
1359 2783 1545 2868 vigilarent

220 2889 316 2976 operi
337 2911 398 2954 suo
419 2891 563 2978 quisque
579 2892 785 2972 insistentes,
805 2892 852 2957 ila
875 2912 938 2976 ego
952 2890 1050 2956 vobis
1068 2890 1169 2957 dico:
1192 2890 1344 2976 vigilate.
1367 2894 1476 2966 Quare
1490 2911 1545 2955 se-

216 2994 367 3061 eundum
383 3018 521 3061 sensum
536 2997 571 3062 in
587 3020 618 3063 v.
638 3004 679 3063 35
694 2998 861 3063 sententia
875 2998 1008 3085 incepta
1022 2996 1220 3062 absolvitur.
1239 2997 1319 3062 ariis
1337 2995 1544 3084 quandoque

219 3102 331 3190 placet
342 3109 421 3167 ante
436 3102 477 3174 ὡς
491 3102 579 3168 sicut
593 3102 753 3192 supplere
768 3126 775 3170 :
793 3103 909 3191 itaque
924 3125 977 3169 res
990 3125 1025 3167 se
1038 3103 1158 3182 habet,
1176 3103 1261 3168 sicut
1275 3108 1341 3169 eto.
1357 3101 1410 3168 vel
1423 3102 1543 3168 simili-

212 3216 274 3274 ter.
296 3209 498 3274 Brevissimo
522 3209 624 3274 modo
642 3214 769 3275 Marcus
787 3210 933 3275 recolere
953 3209 1088 3275 videtur
1101 3210 1296 3295 argumenti
1318 3230 1488 3275 summam
1501 3209 1544 3275 de

213 3314 380 3403 parabola
405 3315 613 3382 talentorum
641 3315 768 3404 (llatth.
796 3322 897 3392 25,lt
923 3316 1024 3405 seq.).
1051 3320 1155 3392 Quam
1179 3317 1327 3381 incertus
1349 3317 1392 3381 sit
1411 3315 1543 3382 Domini

215 3420 398 3502 adventus,
419 3423 543 3488 iterum
563 3430 678 3490 monet
692 3446 724 3487 v.
742 3430 783 3490 35
801 3422 937 3512 viqilote
954 3443 1054 3511 erpa·
1074 3423 1207 3489 nescitis
1223 3423 1313 3488 euim
1329 3421 1466 3511 quando
1482 3422 1543 3489 do-

212 3528 325 3592 minus
347 3527 467 3593 domus
490 3530 620 3609 ueniat,
644 3552 717 3595 sero
736 3552 782 3595 on
804 3529 916 3596 medio
936 3543 1050 3609 nocte,
1072 3551 1119 3595 on
1134 3529 1221 3619 palli
1236 3543 1338 3595 contu
1357 3552 1404 3594 on
1422 3552 1542 3614 mane,

209 3641 372 3723 quattuor
396 3635 529 3721 vigilias
550 3638 656 3702 noctis
679 3646 872 3717 enumerat,
896 3659 916 3702 a
936 3643 1092 3725 tempore
1115 3637 1243 3726 quippe
1268 3636 1418 3726 Pompeii
1440 3637 1543 3702 etiam

209 3741 304 3829 apud
316 3740 455 3807 ludaeos
466 3743 524 3830 qui
539 3748 606 3808 tres
621 3743 755 3828 vigilias
771 3765 952 3809 numerare
968 3743 1124 3809 solebant
1139 3765 1211 3808 mos
1223 3742 1367 3808 invaluit
1382 3765 1544 3810 romanus

209 3847 415 3913 numerandi
427 3854 588 3937 quattuor
599 3849 744 3936 (videad
756 3851 869 3916 llatth.
890 3856 1016 3934 ltdh).
1030 3849 1414 3938 Noctistempus(asolis
1424 3872 1543 3916 occasu

210 3953 382 4019 adortum
400 3956 520 4043 usque)
536 3956 678 4044 ponitur
695 3963 870 4045 tamquam
888 3966 1024 4045 tempus
1037 3956 1219 4036 adventus,
1239 3961 1276 4020 ut
1298 3957 1477 4022 necessitas
1492 3959 1544 4022 vi·

210 4060 343 4145 gilandi
358 4062 635 4142 commendatum
652 4063 693 4127 cl.
713 4063 826 4128 llatth.
842 4070 942 4141 2t,t3
959 4064 986 4127 si
1000 4063 1102 4129 sciret
1115 4063 1359 4151 paterfamilias
1372 4085 1441 4151 qua
1457 4064 1544 4130 hora

208 4167 264 4232 fur
281 4176 443 4234 venturus
459 4176 545 4234 esset
565 4168 722 4254 vigilaret
738 4169 854 4257 utique
868 4177 901 4235 et
919 4178 932 4235 1
952 4171 1065 4235 Thess.
1086 4176 1144 4248 53
1158 4170 1221 4257 ipsi
1239 4169 1422 4256 diligenter
1443 4164 1544 4258 (ἀκρι-

208 4263 269 4344 ὅῶς
289 4276 462 4362 accurate)
479 4275 570 4341 scitis
586 4277 667 4363 quia
683 4275 753 4341 dies
767 4276 896 4342 llomini
912 4276 998 4340 sicut
1012 4276 1066 4341 lur
1081 4277 1115 4341 in
1130 4283 1227 4341 nocte
1243 4277 1290 4341 ita
1304 4277 1436 4356 veniet;
1455 4278 1544 4363 vigi-

208 4378 273 4445 late
289 4402 389 4467 ergo,
409 4405 439 4445 v.
459 4388 500 4448 36
512 4404 554 4448 ne
570 4404 647 4447 cum
663 4383 790 4447 venerit
805 4395 956 4470 repente,
974 4382 1164 4463 subito,·ex
1185 4383 1371 4471 improviso
1387 4373 1541 4470 ἐξαίφνης,

207 4485 359 4552 e'nveuiut
377 4511 434 4554 vos
448 4488 653 4554 dormientes
674 4494 707 4554 et
726 4491 772 4554 ita
788 4511 854 4554 non
872 4496 1006 4577 paratos
1021 4488 1065 4553 ad
1084 4488 1261 4554 dominum
1281 4489 1540 4578 excipienduni;

209 4591 300 4657 idem
330 4601 444 4660 monet
470 4596 643 4684 apostolus
672 4618 678 4663 :
710 4617 824 4661 omues
845 4618 904 4660 vos
929 4594 988 4660 lilii
1013 4595 1098 4662 lucis
1125 4597 1202 4661 estis
1221 4602 1255 4661 et
1274 4595 1335 4661 lilii
1364 4596 1449 4677 diei3
1473 4620 1542 4664 uon

207 4720 323 4764 sumus
338 4703 445 4767 noctis
460 4724 570 4791 neque
588 4704 823 4773 tenebrarum:
840 4704 948 4788 igitur
963 4723 1030 4768 non
1044 4702 1254 4768 dormiamus
1266 4703 1352 4769 sicut
1368 4710 1400 4770 ct
1418 4705 1539 4784 ceteri,

206 4804 265 4870 sed
282 4806 463 4891 vigilemus
476 4811 627 4876 etsobrii
641 4811 666 4874 si
676 4832 748 4875 mus
769 4810 799 4898 (1
817 4810 927 4874 Thess.
946 4817 1015 4890 5‚5.
1034 4818 1069 4886 63
1087 4811 1129 4876 cl.
1148 4814 1242 4876 Rom.
1268 4819 1360 4893 13,11
1386 4812 1473 4877 hora
1493 4820 1542 4879 est

206 4912 274 4978 iam
294 4912 336 4977 de
357 4936 473 4979 somno
493 4917 661 5005 surgere).
