3960 5654
179 515 236 574 rm
710 526 802 572 nanc.
826 511 856 581 o,
883 511 982 573 tura.

177 671 262 734 [teus
287 669 418 733 animos
442 663 615 728 homiuum
641 666 772 725 moveat
797 659 841 726 ad
864 664 978 728 omnia
998 659 1065 725 illis
1085 659 1350 750 suppeditanda;
1368 658 1467 746 proin
1483 660 1510 723 si

177 775 291 841 tunica
307 771 422 837 attrita
443 768 500 842 sit,
522 767 595 832 1666
615 766 736 833 utalia
755 767 795 833 iis
816 769 974 836 donetur.
995 771 1039 831 Ea
1059 768 1280 857 promissione
1296 765 1446 833 Christus
1465 765 1512 840 si-¹

178 881 248 947 mul
265 897 359 944 suam
377 873 526 938 ostendit
543 875 728 963 potentiam
745 898 813 964 qua
831 873 935 963 possit
949 871 1086 940 61116666
1103 896 1144 939 66
1164 873 1248 961 quid
1263 874 1302 940 iis
1321 871 1417 938 desit.

222 985 303 1049 Dein
324 980 440 1070 aliqua
455 981 648 1047 subduntur
665 980 707 1048 de
724 983 854 1048 ratione
879 978 1028 1044 obeundi
1049 978 1199 1045 muueris
1219 1003 1251 1045 v.
1272 987 1312 1046 10
1328 992 1360 1045 et
1379 975 1512 1044 dicebat

176 1089 243 1158 iltis
263 1110 274 1153 .·
294 1109 508 1178 quocumque
539 1088 736 1154 introieritis
755 1088 791 1151 in
821 1084 977 1164 dentum,
999 1085 1069 1152 illic
1089 1098 1240 1166 manete,
1260 1086 1365 1152 donec
1384 1082 1512 1151 exeatis

176 1194 270 1276 iude,
292 1217 329 1259 ex
350 1195 409 1261 illo
425 1196 552 1284 oppido
572 1196 624 1261 vel
643 1212 750 1282 pago;
777 1222 790 1249 «
814 1214 856 1257 ne
876 1190 1055 1258 videantur
1076 1198 1214 1281 propter
1234 1192 1511 1278 gastrimargiam

177 1304 404 1368 inconstantes
428 1323 497 1367 6666
517 1300 560 1365 ab
581 1300 655 1364 aliis
674 1297 718 1363 ad
740 1298 824 1364 alios
843 1304 1070 1380 16666666166,
1087 1298 1182 1364 iubet
1199 1299 1304 1364 cosin
1323 1320 1391 1363 666
1411 1297 1512 1362 domo

177 1430 314 1476 manere
334 1438 348 1466 »
377 1406 538 1496 (theoph.
560 1407 635 1471 sim.
664 1404 782 1492 Victi,
806 1404 863 1470 illu
887 1406 959 1471 scil.
988 1405 1131 1494 hospitio
1156 1405 1205 1471 uti
1227 1403 1319 1493 quod
1337 1404 1394 1471 'ab
1413 1403 1512 1469 initio

177 1516 354 1602 elegerunt
379 1537 489 1602 neque
514 1513 635 1579 melius
654 1513 850 1600 exquirere;
873 1513 916 1578 cl.
939 1514 1051 1578 llatth.
1074 1518 1184 1585 10,11.
1208 1511 1291 1578 Dein
1314 1533 1371 1576 eos
1397 1512 1513 1575 monet

176 1623 247 1689 1666
266 1629 304 1688 61
328 1620 420 1687 idem
439 1620 660 1707 experiantur
679 1617 772 1707 quod
792 1617 828 1683 in
857 1617 1022 1684 Nazareth
1045 1617 1109 1683 sibi
1125 1618 1189 1707 ipsi
1201 1617 1399 1703 contigerit3
1422 1638 1455 1680 v.
1471 1621 1509 1681 11

176 1740 208 1795 et
227 1729 436 1819 quicumque
465 1748 534 1791 non
559 1725 747 1812 receperint
772 1747 829 1790 666
861 1747 921 1790 nec
945 1724 1117 1790 audierint
1141 1747 1215 1805 vos,
1243 1737 1403 1790 exeuntes
1434 1720 1513 1788 inde

176 1834 323 1902 eacutite
336 1833 512 1922 pulverem
525 1831 567 1897 de
575 1831 718 1920 pedibus
735 1831 852 1896 vestris
864 1830 899 1895 in
918 1831 1144 1896 testimonium
1159 1831 1226 1897 illis
1232 1851 1246 1913 ;
1262 1831 1391 1897 61161.
1413 1834 1509 1907 13,51

177 1949 210 2008 et
232 1946 324 2023 ta,u;
347 1960 387 2004 66
409 1937 566 2024 symbolo
586 1938 696 2003 omnis
721 1959 799 2004 cnm
821 1937 889 2002 illis
910 1938 1052 2003 societas
1070 1937 1301 2027 abrumpitur,
1326 1937 1376 2003 illi
1400 1936 1512 2002 decla·

178 2054 297 2113 rantur
325 2044 452 2133 impuri
482 2052 515 2109 et
540 2044 688 2132 prolani.
720 2048 804 2109 Nam
835 2043 1056 2109 rabbinorum
1083 2045 1272 2133 praeceptis
1295 2045 1319 2110 ii
1351 2043 1514 2109 iubentur

177 2153 351 2244 pulverem
375 2157 531 2217 excutere
547 2151 607 2239 qui
627 2173 644 2215 e
661 2150 801 2236 regione
817 2151 999 2235 gentilium
1015 2150 1047 2215 in
1065 2158 1190 2216 terram
1212 2150 1382 2217 iudaicam
1403 2171 1514 2215 rever-

178 2266 295 2327 tuntur
314 2265 347 2324 61
365 2259 424 2347 qui
442 2257 486 2324 ad
509 2262 659 2323 montem
674 2257 793 2346 templi
813 2256 1001 2323 ascendunt
1017 2257 1075 2344 (61.
1093 2257 1264 2347 Liqbtsoot
1278 2258 1301 2324 l.
1327 2279 1357 2323 c.
1375 2280 1409 2346 p.
1429 2262 1511 2336 3153

186 2366 351 2433 thnscbe
378 2388 411 2453 p.
442 2365 531 2452 130).
560 2362 596 2428 ld
622 2370 734 2429 autern
755 2365 819 2430 erit
844 2370 964 2430 contra
985 2364 1059 2430 illos
1081 2365 1117 2430 in
1140 2365 1391 2443 testimonium,
1420 2362 1514 2453 quod

178 2474 324 2561 gratiam
345 2472 496 2538 oblatam
518 2469 775 2559 repudiaverint
794 2477 828 2537 61
854 2471 889 2535 16
911 2471 1066 2559 apostolis
1086 2493 1164 2537 cnm
1182 2493 1318 2561 quoque
1337 2471 1515 2536 reiecerint

182 2581 242 2671 qui
257 2602 312 2646 eos
332 2579 433 2644 misit.

224 2689 317 2753 Hisce
333 2686 476 2775 aliisque
487 2684 596 2751 edocti
611 2684 753 2773 apostoli
766 2706 797 2749 v.
820 2690 859 2751 12
870 2697 1027 2750 exerentes
1036 2682 1285 2774 praedicabant
1295 2685 1514 2774 6166661166-

180 2793 263 2860 tium
276 2804 431 2882 opereat,
450 2794 514 2858 hoc
532 2791 604 2858 scil.
623 2796 694 2857 erat
710 2790 975 2880 praedicationis
989 2797 1233 2877 argumentum
1247 2793 1382 2859 loannis
1400 2790 1513 2880 bapti-

180 2908 270 2980 stae,
286 2901 389 2988 ipsius
403 2899 544 2978 Christi;
563 2898 605 2963 61.
627 2905 694 2978 l‚t.
715 2905 771 2975 15;
788 2898 903 2963 llatth.
921 2904 995 2980 3‚2;
1014 2904 1090 2979 t‚l'l
1107 2904 1209 2987 atquc
1225 2897 1344 2965 eadem
1361 2897 1516 2964 admoni-

181 3009 270 3075 tione
290 3007 356 3071 iam
378 3005 568 3094 prophetae
583 3006 715 3071 animos
730 3002 986 3093 praeparandos
1003 3026 1071 3070 esse
1086 3004 1132 3070 ad
1146 3027 1291 3092 regnum
1308 3005 1513 3072 messianum

182 3113 365 3185 docebant;
393 3110 469 3176 vide
492 3114 554 3176 ler.
577 3117 732 3192 3,·21-15.
758 3115 810 3176 Ez.
841 3117 952 3189 idol.
980 3111 1077 3177 llich.
1098 3119 1154 3190 att
1181 3118 1244 3178 etc.
1269 3111 1515 3179 Praedicationi

182 3228 295 3287 autem
317 3240 396 3283 6666
414 3225 447 3282 61
464 3218 596 3282 animos
615 3217 792 3282 hominnm
810 3217 1012 3305 aperiebant
1031 3224 1064 3283 61
1084 3219 1321 3286 auctoritatem
1343 3218 1517 3285 addebant

182 3328 288 3413 signis
310 3325 448 3414 patratis
471 3346 503 3390 v.
532 3330 571 3389 13
598 3334 630 3388 et
655 3322 837 3389 (daemonio
862 3324 972 3389 meeltu
996 3323 1172 3391 eliciebant
1193 3339 1226 3391 et
1250 3324 1421 3416 tingebant
1444 3325 1515 3391 oleo

182 3434 305 3499 6661166
320 3453 437 3519 ueqros
452 3443 484 3496 et
498 3429 682 3508 sanabunt,
699 3451 741 3495 en
757 3428 928 3519 quomodo
944 3431 1017 3519 ipsa
1031 3431 1155 3497 Christi
1169 3431 1275 3498 virtus
1289 3434 1325 3498 in
1337 3433 1384 3498 eis
1396 3454 1516 3498 cerne-

184 3541 285 3607 batur
299 3538 435 3605 efficax!
453 3537 533 3603 0166
546 3558 616 3602 esse
624 3557 744 3622 aegros
756 3535 880 3602 multos
893 3538 1048 3603 inunctos
1059 3538 1149 3604 solus
1160 3539 1264 3605 reiert
1276 3544 1414 3605 Marcus.
1430 3539 1514 3615 Quin

184 3645 219 3711 id
233 3645 376 3736 apostoli
391 3644 536 3709 16666161
550 3641 631 3708 iussi
646 3664 665 3708 6
682 3643 822 3708 Domino
839 3642 959 3732 nequit
973 3642 1134 3711 dubitari.
1154 3643 1271 3712 Oleum
1286 3644 1518 3711 adhibebatur

184 3752 228 3820 ad
253 3752 396 3818 vulnera
417 3748 586 3825 curanda;
610 3748 653 3814 61.
681 3752 719 3815 16.
741 3755 796 3827 1,6
818 3754 895 3815 Luc.
922 3755 1033 3832 tuat,
1053 3758 1087 3817 et
1102 3753 1275 3818 unctiones
1297 3752 1518 3820 medicinales

186 3859 279 3949 apud
297 3857 436 3924 ludaeos
456 3856 490 3921 in
506 3877 571 3921 usu
585 3854 686 3921 161666
702 3855 877 3940 colligitur
897 3879 936 3922 ex
952 3858 1102 3924 talmnde
1121 3881 1256 3949 quoque
1272 3860 1328 3947 (61.
1347 3859 1518 3949 Liplrtsoot

186 3966 277 4034 adh.
296 3966 335 4051 l.)
352 3972 385 4029 et
395 3962 557 4051 losephus
571 3968 688 4028 narrat
703 3960 844 4027 medicis
856 3964 964 4028 visum
976 3985 1045 4030 esse
1058 3964 1221 4032 Herodem
1236 3967 1386 4052 graviter
1401 3988 1519 4054 aegro

187 4080 317 4140 tantem
337 4079 373 4136 ut
395 4070 586 4135 refoverent
609 4066 741 4133 demitti
756 4070 792 4133 in
813 4068 936 4135 solium
957 4071 1022 4136 olei
1041 4072 1183 4160 plenum
1203 4072 1330 4162 (antiq.
1355 4080 1445 4155 17,6.
1468 4074 1515 4161 5).
1601 4087 1605 4094 “

187 4185 309 4247 Verum
321 4179 381 4244 etsi
398 4173 582 4265 aliquando
596 4173 709 4240 oleum
727 4180 902 4264 tamquam
921 4176 1201 4244 medicamentum
1217 4179 1457 4262 adhibebatur,
1474 4181 1519 4247 ab

186 4287 342 4376 apostolis
359 4292 473 4349 tamen
495 4304 564 4349 non
578 4303 618 4347 66
638 4279 739 4347 modo
755 4282 985 4371 usurpabatur
1004 4287 1086 4373 quia
1102 4284 1240 4353 evidens
1257 4293 1306 4353 661
1324 4290 1517 4354 unctionem

188 4392 254 4459 olei
279 4392 322 4458 ad
349 4413 469 4477 aegros
495 4390 621 4455 multos
641 4387 810 4476 variisque
831 4389 959 4455 morbis
987 4413 1118 4479 pressos
1136 4394 1306 4460 sanandos
1325 4395 1411 4462 nihil
1438 4419 1519 4462 con-

188 4500 289 4565 ferre.
319 4503 396 4564 Erat
423 4499 535 4585 itaque
560 4496 645 4561 haec
669 4495 783 4560 unctio
807 4496 1000 4582 symbolum
1025 4497 1198 4586 quoddam
1228 4502 1362 4568 virtutis
1384 4502 1520 4570 illiusa

189 4605 320 4672 Christo
350 4605 409 4693 qui
440 4608 562 4670 Unctus
585 4608 725 4668 vocatur
743 4605 1013 4670 communicatae
1040 4612 1072 4670 et
1100 4608 1212 4693 aegris
1237 4609 1440 4698 applicatae.
1470 4610 1521 4676 tid

189 4712 282 4802 quod
294 4709 556 4797 significandum
570 4715 650 4798 apta
662 4715 734 4775 erat
746 4710 860 4775 unctio
875 4731 942 4776 non
955 4710 1062 4777 solum
1074 4713 1118 4779 ob
1131 4714 1236 4803 ipsius
1249 4717 1399 4782 nominis
1409 4740 1519 4806 quan-

189 4819 268 4887 dam
279 4816 552 4885 communionem
563 4868 570 4896 ‚
581 4815 638 4882 sed
653 4817 735 4906 quia
743 4815 869 4896 oleum,
881 4823 919 4882 61
930 4818 957 4881 T
953 4818 1073 4909 heopb.
1086 4819 1181 4900 dicit,
1194 4828 1227 4888 et
1237 4821 1282 4888 ad
1292 4822 1427 4890 labores
1436 4826 1519 4891 utile

190 4933 240 4993 est
257 4931 290 4992 et
306 4925 391 4991 lucis
408 4924 595 4989 lomentum
610 4928 644 4989 et
663 4924 847 4991 hilaritatis
865 4923 1055 4993 effectivum
1071 4928 1308 5019 significatque
1329 4930 1519 4999 misericor-
