3960 5654
759 366 852 424 nnnc,
876 349 925 421 15,
949 348 1054 408 aaut.
1514 350 1572 407 413

241 506 312 568 stus
334 497 546 589 aliquamdiu
571 498 721 589 portavit
746 520 901 577 crucem,
926 503 1044 586 postea
1071 498 1202 565 Simoni
1232 498 1391 585 imposita
1414 505 1446 565 et
1469 495 1513 563 ab
1534 519 1573 562 eo

241 615 372 696 gestata
397 611 456 672 est.
491 606 605 672 Simon
639 611 754 673 autem
776 628 837 696 per
866 626 901 671 se
930 606 1043 694 ipsum
1070 626 1204 672 crucem
1232 610 1360 692 portat,
1385 633 1400 665 u
1429 629 1512 685 non,
1536 613 1572 669 ui

240 715 382 806 quidam
399 719 537 800 putant,
554 734 713 779 unacum
730 717 818 792 lesu,
837 733 923 799 quos
938 713 1010 800 ipsa
1026 712 1112 777 hacc
1134 711 1233 777 ilorci
1251 716 1283 775 ct
1300 711 1454 776 Matthaei
1470 712 1572 777 verba

242 821 393 887 refutant
416 825 517 908 atque
541 818 642 885 etiam
663 820 796 908 plenius
815 816 921 884 verba
947 823 1055 884 Lucae
1081 839 1088 884 :
1113 817 1348 905 imposuerunt
1367 816 1417 880 illi
1438 840 1570 884 crucem

242 932 380 1018 portare
407 933 482 1015 post
505 932 613 994 lesum
637 952 653 986 »
680 923 805 1014 (Patr.)
824 929 858 989 et
879 924 974 991 Beda
989 946 1126 1012 quoque
1143 924 1264 1012 repetit
1279 923 1312 987 h.
1334 923 1355 987 l.
1381 923 1450 988 sere
1471 925 1572 989 verba

240 1034 278 1100 S.
299 1031 396 1099 Hier.
421 1054 432 1098 .·
455 1063 470 1095 «
492 1032 604 1123 primo
625 1053 774 1121 namque
800 1053 821 1096 a
848 1030 990 1097 Domino
1017 1036 1153 1119 portata
1182 1031 1289 1118 (crux)
1310 1052 1349 1094 ac
1369 1028 1493 1094 deinde
1520 1031 1570 1095 Si-

239 1139 334 1204 moni
354 1161 454 1228 quem
474 1142 633 1207 exeuntes
651 1139 736 1205 sorte
755 1135 897 1203 obvium
922 1137 1119 1204 habuerunt
1141 1136 1308 1225 portanda
1327 1136 1485 1223 imposita
1506 1146 1568 1215 cst;

239 1250 273 1311 et
287 1245 354 1312 hoc
367 1268 519 1335 congruo
532 1244 612 1311 satis
621 1245 740 1312 ordine
761 1243 931 1330 mysterii,
950 1244 1033 1333 quia
1048 1243 1212 1308 nimirum
1228 1243 1300 1331 ipse
1315 1265 1432 1332 passus
1446 1251 1494 1309 cst
1509 1266 1571 1332 pro

239 1351 337 1418 nobis
356 1354 551 1442 relinquens
572 1351 671 1417 nobis
690 1350 885 1438 exemplum
901 1355 939 1417 ut
958 1371 1143 1438 sequamur
1162 1348 1303 1434 vestigia
1323 1349 1393 1414 eius
1416 1379 1444 1413 n.
1464 1357 1571 1438 ,itque

238 1456 288 1524 ita
302 1481 374 1525 rem
389 1457 586 1546 concipiunt
599 1460 636 1526 S.
658 1460 747 1546 Aup.
763 1456 925 1545 (decons
948 1478 1001 1522 ev.
1018 1463 1111 1538 3,10.
1128 1456 1202 1543 37),
1217 1456 1253 1522 S.
1272 1459 1336 1521 Leo
1358 1457 1472 1543 (serm.
1492 1463 1512 1522 8
1527 1456 1570 1521 de

239 1586 327 1654 pass.
365 1565 496 1646 Simon,
535 1563 573 1630 in
606 1585 708 1654 quem
735 1563 870 1649 lignum
900 1563 1011 1629 crucis
1037 1563 1239 1628 transfertur
1267 1562 1460 1647 abomino)
1488 1562 1567 1628 Vict.

239 1671 387 1759 Theopli.
409 1669 589 1738 Solmeron
612 1675 710 1752 tract.
745 1676 799 1751 33,
826 1670 958 1737 Suorez
980 1669 1018 1735 in
1044 1675 1063 1735 3
1094 1691 1128 1757 p.
1154 1691 1212 1757 qu.
1238 1675 1279 1735 tu
1304 1667 1390 1757 disp.
1417 1674 1459 1734 33
1487 1677 1567 1735 sect.

237 1783 259 1842 2
283 1797 319 1842 n.
344 1783 376 1855 2,
396 1779 485 1842 lans.
508 1778 592 1866 an.
613 1775 710 1865 Sylv.
736 1776 829 1865 apud
849 1798 933 1865 quos
959 1776 1045 1842 alios
1060 1797 1197 1865 quoque
1217 1776 1288 1841 cius
1306 1777 1491 1841 sentcntiae
1509 1800 1571 1866 pa-

238 1890 354 1949 tronos
367 1882 519 1949 invenies
533 1883 732 1960 recensitos;
747 1904 780 1948 v.
799 1888 842 1948 22
857 1880 1204 1972 etperducuntillum
1221 1882 1257 1947 in
1276 1883 1443 1971 Golpotliu
1458 1883 1570 1949 locrcm

237 1988 332 2078 quod
348 2002 397 2056 est
413 1989 673 2079 interpretatum
704 1988 884 2056 Calaureae
911 1989 1027 2070 locus;
1054 2015 1071 2049 α
1099 1988 1146 2053 ita
1168 1994 1248 2054 tunc
1272 1991 1430 2077 temporis
1458 1990 1570 2056 ludaei

238 2095 303 2162 hoc
331 2117 456 2161 nomen
486 2095 707 2185 proferebant
732 2116 795 2184 pro
819 2095 991 2181 Golgolta,
1011 2093 1151 2183 dempta
1175 2094 1463 2182 quemadmodum
1484 2103 1517 2161 et
1536 2098 1569 2161 in

237 2201 314 2269 aliis
327 2201 465 2268 vocibus
484 2202 593 2269 fecere
615 2201 803 2291 posteriore
826 2201 928 2268 litera
951 2199 981 2282 l,
1008 2224 1088 2268 cum
1112 2201 1188 2288 Syri
1207 2222 1225 2267 e
1248 2203 1415 2268 contrario
1431 2204 1571 2292 dempta

236 2309 351 2398 priore
366 2309 726 2398 proterrentGogulto;
744 2308 810 2376 hoo
820 2330 945 2375 nomen
957 2308 1086 2375 factum
1098 2314 1147 2373 est
1161 2308 1283 2393 exiguo
1293 2308 1428 2374 cuidam
1442 2309 1570 2374 tumulo

236 2412 1571 2506 afiguraculvariaequamreferebatextrallierosolymamproximeurbismu·

238 2543 294 2587 ros
319 2523 408 2588 inter
435 2522 574 2588 boream
605 2529 639 2588 et
663 2543 820 2589 occasum
838 2521 964 2610 posito,
986 2521 1046 2608 qui
1072 2520 1285 2608 sequioribus
1302 2522 1467 2587 aetatibus
1483 2523 1569 2588 int-ra

237 2649 347 2693 novae
362 2627 455 2693 urbis
473 2628 641 2694 ambitum
655 2627 807 2694 inclusus
824 2632 875 2693 est
895 2655 911 2688 υ
933 2625 1072 2715 (Puta).
1093 2630 1175 2694 Cum
1194 2627 1288 2692 collis
1307 2628 1367 2693 iste
1383 2630 1571 2717 appellare-

237 2739 293 2800 tur
309 2734 478 2800 caluaria¹
500 2756 642 2801 numero
657 2733 840 2820 singulari,
864 2755 932 2799 non
953 2733 1123 2800 calvariae
1142 2733 1194 2798 vel
1212 2732 1308 2799 locus
1326 2734 1567 2816 calvariarum,

237 2840 306 2906 iam
325 2842 398 2930 ipso
418 2841 558 2906 nomine
579 2842 747 2907 refutatur
764 2841 883 2929 opinio
904 2840 1101 2928 aliquorum
1120 2840 1239 2905 collem
1259 2842 1426 2929 accepisse
1447 2865 1569 2907 nomen

236 2969 276 3013 ex
290 2946 449 3013 calvariis
472 2969 606 3014 reorum
628 2969 716 3037 quae
744 2946 794 3012 ibi
816 2946 969 3013 fuissent.
988 2950 1143 3013 Ceterum
1164 2947 1300 3012 vidend
1318 2949 1429 3013 llatih.
1450 2955 1566 3027 27,33;

236 3075 268 3118 v.
291 3060 332 3120 23
354 3064 386 3119 et
403 3052 533 3119 dubunt
559 3053 592 3119 ei
611 3052 721 3119 br'bere
748 3052 966 3142 myrrhatum
984 3053 1119 3133 vinum,
1142 3066 1175 3118 et
1202 3076 1270 3118 non
1288 3056 1435 3143 acecpit.
1454 3056 1568 3120 vimnn

237 3160 381 3247 myrrha
395 3159 588 3241 conditum;
607 3166 681 3225 erat
694 3158 786 3225 enim
795 3159 1021 3238 consuetudo,
1040 3165 1077 3225 nt
1091 3158 1151 3248 qui
1167 3169 1275 3226 morte
1291 3170 1387 3227 erant
1400 3161 1569 3250 plectendi

235 3266 428 3354 acciperent
447 3273 564 3354 potum
584 3264 737 3354 aliquem
765 3266 809 3332 ad
836 3287 953 3332 sensus
978 3264 1218 3332 obtundendos
1239 3289 1282 3332 ne
1302 3266 1388 3333 adeo
1409 3269 1570 3334 sentirent

235 3372 421 3462 cruciatus:
439 3370 481 3437 de
497 3392 565 3460 qua
584 3393 621 3436 re
640 3372 751 3438 varios
766 3371 859 3438 locos
875 3371 1100 3438 rabbinorum
1120 3373 1222 3438 relert
1245 3375 1404 3439 Wctsecin
1425 3397 1435 3439 .·
1453 3375 1491 3440 iis
1511 3376 1567 3465 qui

234 3480 403 3546 sententia
422 3477 575 3545 indicum
590 3477 795 3545 occiduntur
820 3478 904 3546 dant
923 3478 1114 3544 bibendum
1136 3481 1253 3545 vinnm
1273 3488 1308 3547 et
1325 3481 1403 3547 thus
1423 3506 1464 3547 nc
1480 3482 1568 3548 alssi-

235 3592 374 3672 gantur,
393 3592 427 3651 et
446 3607 454 3652 :
471 3585 605 3652 exeunti
621 3591 658 3650 ut
673 3586 785 3674 capite
801 3586 971 3674 plectatur
985 3585 1069 3652 dant
1085 3586 1275 3652 bibendum
1296 3609 1442 3673 granum
1462 3589 1569 3654 thuris

235 3693 273 3758 in
294 3692 418 3781 poculo
437 3691 526 3772 vini,
547 3699 584 3758 ut
608 3690 776 3757 alienetur
803 3711 899 3757 mens
923 3692 1011 3769 eius3
1038 3714 1102 3782 pro
1126 3715 1195 3781 quo
1223 3716 1316 3759 more
1338 3695 1473 3761 rabbini
1493 3720 1568 3785 prn-

233 3805 359 3864 vocant
385 3797 428 3864 ad
455 3802 551 3864 Prov.
581 3803 678 3880 31,6;
705 3803 755 3864 est
776 3795 915 3865 traditio
939 3798 1101 3865 mulieres
1120 3799 1436 3887 hierosolymitanus
1461 3805 1567 3868 lione-

235 3905 353 3971 stiores
367 3914 553 3992 spontaneo
570 3911 664 3970 motu
679 3904 745 3970 tale
762 3904 880 3971 vinum
895 3905 1058 3971 attulisse.
1077 3908 1159 3971 Cum
1175 3915 1287 3973 autem
1299 3914 1388 3975 lesus
1402 3918 1567 3976 tormenta

234 4032 306 4077 non
326 4011 448 4093 vitare,
469 4010 528 4076 sed
552 4012 702 4099 perterre
727 4011 829 4077 vellet
852 4018 885 4077 et
906 4012 1047 4095 sentire,
1074 4034 1114 4079 ea
1140 4015 1275 4103 potione
1296 4039 1362 4105 qua
1378 4039 1492 4082 seusus
1508 4019 1567 4083 ob—

234 4118 455 4204 stupefierent
468 4139 536 4182 non
553 4139 632 4183 usus
646 4123 712 4200 est;
730 4140 808 4184 cnm
824 4124 1003 4205 gustasset,
1021 4118 1130 4185 noluit
1148 4120 1265 4187 bibere
1283 4122 1406 4208 (iiatth.
1430 4126 1563 4210 digiti,

234 4224 350 4290 vinum
368 4224 444 4290 lello
465 4225 601 4289 mistum
620 4217 712 4311 (perir
727 4218 836 4312 χολῆς)
857 4225 949 4314 apud
971 4227 1175 4292 Matthaeum
1197 4230 1331 4294 notione
1352 4252 1419 4295 non
1440 4230 1562 4296 ditiori.

269 4489 289 4531 1.
305 4484 330 4530 S.
347 4481 461 4545 cyrillus
479 4481 543 4531 bier.
558 4495 649 4532 nomen
663 4481 790 4533 calvariae
803 4483 951 4547 prophetice
966 4497 1022 4534 esse
1034 4483 1184 4548 impositum
1199 4488 1243 4536 aii.
1258 4489 1319 4550 quia
1333 4487 1365 4536 ibi
1379 4501 1465 4538 vorum
1484 4496 1565 4552 caput

236 4562 354 4613 christus
367 4575 469 4611 erucem
486 4561 579 4620 subiit;
594 4583 605 4604 α
623 4567 703 4625 capnt
717 4563 743 4611 in
758 4563 815 4614 loco
826 4562 953 4614 calvariae
964 4577 1067 4628 passum
1079 4566 1132 4614 est!
1146 4579 1288 4628 oruagumu
1306 4573 1331 4616 et
1349 4570 1494 4632 prophetiae
1511 4572 1564 4635 pir·-

234 4657 293 4694 nam
307 4642 513 4706 appellationem,
527 4642 711 4706 propemodum
727 4643 795 4693 enim
814 4647 840 4693 te
857 4657 951 4694 nomen
967 4644 1053 4708 ipsum
1066 4644 1187 4696 admouet
1203 4647 1281 4696 veluti
1297 4649 1381 4698 nicus:
1398 4666 1427 4699 ne
1445 4653 1565 4700 cincimo

238 4728 369 4787 tamquam
381 4736 451 4772 mero
467 4722 565 4772 bomini
585 4720 703 4782 attonde,
722 4729 800 4786 capnt
818 4728 858 4774 est
875 4724 960 4774 omnis
977 4724 1135 4789 principatus
1153 4731 1178 4775 ct
1197 4730 1337 4790 potestatis,
1352 4730 1419 4792 quod
1438 4736 1476 4780 ost
1495 4735 1564 4782 cruci

233 4803 338 4855 aliarum
358 4823 369 4849 υ
386 4807 445 4863 icat.
465 4806 548 4864 1338,
562 4805 599 4853 n.
619 4805 727 4865 33303).
