3960 5654
834 339 925 384 111116.
949 323 998 390 13,
1022 319 1125 380 acar.
1583 332 1641 391 353

315 477 432 539 ventus
443 474 624 563 pertineat.
640 470 742 540 Debet
757 470 870 559 itaque
886 494 956 539 esse
971 490 1082 536 sermo
1098 471 1140 537 de
1159 470 1292 537 ludaeis
1305 474 1506 561 aequalibus
1517 477 1641 546 Christi

314 601 412 646 sensu
433 579 550 646 eodem
566 602 635 668 quo
655 575 747 666 apud
768 580 954 668 prophetas
975 582 1047 642 tota
1067 598 1154 664 gens
1172 574 1356 642 israelitica
1376 585 1550 672 tamquam
1573 607 1640 654 una

314 709 459 777 persona
478 686 582 774 (quae
604 683 741 752 moralis
757 686 841 751 solet
863 682 943 769 dici)
959 683 1194 750 consideratur
1214 688 1246 746 61
1262 681 1476 767 describitur,
1497 712 1585 778 qnae
1600 716 1640 758 ex

314 800 467 881 Aegypto
482 792 525 856 sit
541 792 662 858 educta
676 796 709 854 ct
732 812 819 878 quae
837 812 899 881 per
917 791 1131 857 saeculorum
1153 810 1290 854 cursum
1308 789 1542 879 multipliciter
1558 803 1601 864 sit
1620 823 1640 865 a

313 904 379 966 Deo
392 897 523 964 erudita
538 907 571 965 et
587 896 766 982 castigata;
785 897 862 963 vide
879 901 941 960 ler.
959 902 1017 978 2ρὶ
1030 918 1100 984 seq.
1121 893 1402 962 recordatussum
1416 900 1465 964 tui
1481 904 1641 972 miserans

314 1004 572 1072 adolescentiam
593 1013 687 1069 tuam
709 1011 741 1068 et
755 1006 932 1071 caritatem
948 1001 1217 1092 desponsationis
1233 1007 1310 1068 tuae
1323 1005 1462 1090 quando
1477 1015 1592 1076 secuta
1606 1034 1640 1078 es

314 1109 412 1178 mein
424 1109 596 1198 deserto„
615 1116 648 1175 et
658 1108 775 1175 induxi
786 1109 889 1176 vosin
906 1114 1030 1174 terram
1047 1106 1187 1174 carmeli
1198 1114 1280 1189 etc.;
1295 1109 1338 1173 ct.
1352 1113 1404 1175 En,
1421 1133 1496 1201 cap.
1514 1120 1564 1181 16.
1583 1123 1636 1185 23,

312 1216 437 1285 Eodem
450 1218 551 1283 modo
564 1215 714 1283 Christus
724 1216 877 1305 loquitur
891 1215 1003 1280 llatth.
1020 1220 1122 1293 attat
1135 1235 1207 1304 seq.
1220 1236 1297 1279 cum
1310 1238 1341 1280 v.
1357 1237 1392 1302 g.
1406 1216 1496 1284 dicat
1511 1222 1641 1291 ludaeis

313 1324 541 1413 aequalibus:
564 1343 666 1412 quem
688 1323 899 1410 (Zachariam
923 1321 1031 1387 silium
1055 1321 1259 1399 Barachiae,
1283 1325 1395 1388 arar.
1418 1326 1639 1415 113116661-

313 1429 407 1497 distis
425 1431 513 1496 inter
533 1427 698 1517 templum
716 1436 749 1495 et
764 1429 883 1495 altare.
902 1429 977 1492 Pari
998 1426 1099 1492 modo
1120 1427 1175 1492 hic
1192 1427 1336 1514 intelligi
1353 1428 1454 1497 debet
1467 1438 1640 1521 qeneratio

312 1537 408 1617 11666,
418 1558 501 1623 gens
512 1535 596 1601 haec
607 1534 740 1602 iudaice
751 1557 838 1625 quae
850 1541 921 1600 tum
934 1534 1060 1600 exsistit
1071 1555 1148 1599 cum
1161 1533 1354 1622 loquituret
1363 1559 1450 1624 quae
1464 1547 1639 1630 tamquam

313 1644 387 1710 talis
411 1663 494 1728 gens
522 1643 749 1731 permanebit.
776 1640 824 1707 xo
847 1662 952 1729 quam
980 1640 1240 1729 explicationem
1267 1641 1536 1712 confirmandam
1560 1649 1640 1716 addi

315 1755 424 1840 potest
447 1747 539 1837 quod
564 1755 652 1814 recte
676 1754 789 1814 monet
811 1750 905 1813 Patr.
932 1769 1048 1812 vocem
1072 1746 1169 1812 hebr.
1191 1753 1241 1812 m
1263 1749 1316 1813 cui
1335 1752 1539 1839 respondeat
1556 1761 1643 1842 γενεά

311 1855 513 1945 compluries
526 1854 718 1941 significare
733 1876 843 1940 genus
857 1852 999 1943 aliquod
1016 1853 1193 1918 hominum
1208 1863 1362 1942 separata
1374 1879 1510 1945 prorsus
1522 1864 1642 1929 aetatis

312 1963 853 2041 66116116,616611166131510.
874 1964 922 2025 Ps.
942 1965 1150 2040 11,8;23,a;
1168 1966 1288 2040 72,15;
1304 1968 1401 2048 77,8;
1419 1972 1641 2047 11131666-

219 2095 223 2102 ·
313 2067 437 2136 dicitur
463 2069 578 2156 itaque
600 2096 615 2126 «
638 2067 729 2156 (quod
750 2066 946 2155 nosmetipsi
972 2088 1039 2130 non
1059 2067 1130 2131 sine
1152 2065 1376 2134 admiratione
1396 2074 1637 2162 conspicimus,

313 2174 478 2265 populum
496 2174 715 2240 israeliticum
732 2173 821 2239 inter
835 2195 953 2239 onmes
968 2180 1088 2259 gentes
1107 2172 1264 2240 dissitum
1280 2175 1418 2263 quidem
1440 2179 1499 2245 sed
1515 2181 1640 2271 imper-

313 2283 452 2348 mixtum
472 2304 512 2348 ac
533 2282 672 2346 minime
697 2279 802 2346 dubia
823 2280 958 2367 origine
981 2303 1088 2369 usquc
1110 2279 1275 2347 adfinem
1297 2283 1415 2349 mundi
1436 2285 1640 2357 duraturum

270 2476 273 2482 ‚
313 2394 449 2478 totaque
463 2389 630 2454 sententia
644 2395 693 2454 est
707 2389 777 2453 lore
793 2395 831 2452 ut
847 2385 1018 2452 israelitae
1038 2408 1105 2451 non
1123 2392 1203 2452 ante
1224 2409 1293 2453 esse
1311 2389 1468 2457 desinant
1481 2416 1586 2481 quani
1600 2420 1640 2464 ea

313 2496 427 2561 omnia
448 2518 534 2584 quae
559 2495 650 2560 dicta
673 2504 753 2559 sunt
771 2494 950 2559 evenerint
974 2522 989 2550 6
1014 2492 1153 2581 (Potin).
1179 2498 1288 2583 tttque
1307 2503 1444 2580 gentem
1466 2521 1542 2566 eam
1565 2526 1640 2591 per-

312 2623 505 2669 mansuram
528 2623 597 2667 esse
623 2600 725 2666 etiam
747 2601 953 2688 supponitur
973 2597 1017 2663 ab
1037 2599 1193 2687 apostolo
1217 2601 1328 2687 (116111.
1351 2609 1461 2679 1125.
1485 2608 1552 2694 26).
1576 2613 1639 2677 Etsi

312 2709 417 2796 igitur
442 2706 697 2774 concedendum
722 2709 764 2771 sit
778 2709 880 2794 γενεάν
894 2728 962 2772 6611
986 2704 1181 2791 significare
1207 2707 1389 2794 populum,
1419 2733 1477 2778 seu
1501 2724 1639 2800 gentem

312 2816 449 2883 notione
465 2815 597 2892 nativa,
613 2820 726 2880 tamen
742 2836 780 2878 ex
797 2814 934 2879 notione
948 2813 1143 2901 progenici,
1163 2813 1261 2878 166116
1276 2819 1492 2904 consequitur
1509 2822 1639 2908 signifi-

312 2925 398 2990 catio
409 2944 476 3011 qua
489 2928 618 2987 certum
629 2942 733 3009 penus
751 2920 928 2985 bominum
941 2918 1154 3005 designatur,
1169 2921 1218 2984 611
1241 2920 1342 2986 ll'er'ss
1354 2944 1490 3014 quoque
1502 2927 1637 2996 latetur.

356 3029 467 3096 Altera
489 3028 638 3093 vaticinii
653 3025 866 3092 confirmatio
887 3026 988 3091 ctiam
1013 3024 1212 3089 sollemnius
1236 3033 1268 3090 61
1284 3029 1420 3112 gravius
1443 3036 1641 3103 enuntiatur

312 3160 342 3204 v.
359 3143 394 3202 31
416 3133 544 3200 coelum
557 3146 588 3198 61
602 3147 689 3198 terro
706 3131 897 3197 transiliunt
913 3133 934 3196 i.
951 3154 980 3196 e.
999 3153 1076 3198 cnm
1092 3153 1198 3196 novos
1208 3132 1320 3199 coelos
1332 3143 1365 3201 et
1378 3158 1500 3204 novam
1513 3148 1638 3209 terram

310 3241 492 3310 secundum
514 3241 678 3329 promissa
697 3239 768 3304 eins
795 3245 1026 3326 exspectemus
1053 3239 1088 3326 (2
1117 3243 1203 3304 l’etr.
1233 3243 1338 3328 ata),
1369 3266 1528 3331 praesens
1554 3252 1638 3316 coeli

312 3355 490 3437 terraeque
508 3348 617 3412 torma
632 3368 719 3434 quae
734 3343 819 3411 adeo
835 3345 935 3410 firma
950 3367 988 3410 ac
1003 3343 1135 3410 stabilis
1152 3344 1286 3411 videtur
1302 3351 1458 3416 transibit
1475 3362 1508 3420 et
1528 3364 1637 3422 61616-

311 3456 413 3534 bitur,
431 3452 529 3520 cerba
543 3467 657 3519 nutem
672 3474 748 3516 men
763 3474 832 3517 non
848 3449 1056 3530 transibunt,
1077 3461 1217 3517 manent
1233 3454 1346 3541 quoad
1361 3478 1430 3522 rem
1445 3481 1548 3546 quam
1567 3463 1638 3530 edi-

312 3570 407 3643 cunt,
425 3561 609 3627 certissime
624 3560 681 3624 siet
697 3558 789 3648 quod
804 3560 843 3623 iis
859 3560 1068 3625 enuntiatur.
1091 3588 1105 3616 «
1125 3559 1212 3624 Nihil
1228 3566 1275 3625 est
1293 3563 1325 3625 in
1346 3563 1445 3629 rebus
1459 3571 1640 3656 corporali-

313 3668 376 3735 bus
404 3667 496 3735 coelo
524 3667 669 3742 firmius,
698 3665 784 3730 nihil
814 3664 1021 3730 immobilius
1048 3672 1155 3745 terra;
1188 3688 1304 3732 verum
1331 3668 1464 3737 eoelum
1491 3682 1524 3740 61
1550 3684 1640 3744 16666

310 3777 408 3842 citius
421 3782 588 3840 mutatura
599 3780 676 3838 sunt
689 3780 846 3838 naturam
858 3795 955 3838 snam
966 3794 1070 3860 quam
1083 3772 1187 3838 rerba
1203 3796 1277 3839 mea
1288 3773 1400 3842 1111666
1412 3777 1478 3844 sint
1488 3781 1602 3850 inania
1621 3815 1636 3845 »

312 3883 494 3970 (Erasmus)
511 3887 543 3945 et
563 3886 598 3946 S,
622 3883 721 3968 (lrrq.
746 3902 756 3943 ἰ
773 3909 787 3936 ‘⁴
806 3901 906 3944 omne
921 3878 1012 3966 quod
1033 3878 1126 3967 apud
1146 3902 1204 3944 vos
1222 3880 1377 3948 durabile
1397 3893 1461 3964 est,
1481 3889 1554 3954 sinc
1575 3893 1636 3956 im·

312 3987 662 4056 mutationedurabile
673 3986 715 4051 ad
728 3987 965 4051 aeternitatem
979 4007 1046 4050 non
1059 3994 1126 4061 cst3
1139 3987 1211 4052 sine
1225 3988 1449 4058 mutabilitate
1463 4007 1637 4066 manentes

310 4095 492 4163 sententias
515 4094 675 4182 exprimit
701 4116 795 4158 meus
815 4114 925 4158 sermo
952 4121 980 4155 n.
1009 4099 1117 4181 ,tique
1137 4092 1256 4159 eodem
1282 4095 1380 4161 niodo
1397 4099 1465 4163 ianr
1486 4100 1637 4189 loquitur

313 4208 398 4270 lleus
414 4201 505 4290 apud
522 4200 639 4265 isaiam
659 4222 666 4264 :
685 4201 793 4265 levate
811 4198 994 4264 incoctum
1014 4199 1129 4264 oculos
1145 4207 1271 4266 vestros
1286 4209 1317 4267 et
1336 4202 1446 4271 videte
1467 4207 1636 4278 subterra

309 4311 480 4377 deorsum.
503 4306 584 4396 quia
601 4307 682 4372 coeli
703 4308 789 4372 sicut
807 4309 920 4371 tumus
938 4306 1125 4393 liquescent
1143 4313 1176 4371 61
1194 4315 1284 4373 16666
1298 4311 1384 4376 61661
1400 4315 1636 4386 vestimentum

311 4423 489 4493 atteretnr3
512 4415 600 4480 salus
627 4421 739 4478 nutem
761 4435 836 4478 6166
857 4413 890 4477 111
911 4413 1157 4501 sempiternum
1180 4414 1245 4479 erit
1271 4425 1301 4480 et
1328 4418 1453 4483 iustitia
1471 4442 1547 4488 11166
1570 4448 1635 4493 666

314 4524 447 4592 deficiet
465 4525 577 4601 151,11;
597 4521 638 4585 cl.
658 4523 782 4589 atrei.
801 4520 1004 4584 transibunt
1019 4520 1101 4584 coeli
1120 4527 1153 4585 ot
1168 4528 1258 4586 terra
1277 4545 1344 4589 non
1359 4524 1559 4608 abolitione,
1578 4533 1635 4598 sed

314 4631 564 4705 immutatione,
592 4626 785 4693 transiliunt
811 4627 992 4715 qualitate,
1023 4627 1147 4707 torma,
1176 4629 1404 4697 innovatione.
1437 4636 1532 4711 Quod
1559 4663 1635 4706 cnm

311 4740 414 4805 sacris
433 4735 554 4801 litteris
574 4734 757 4801 doceamur
777 4734 811 4822 (2
831 4739 916 4799 l'etr.
940 4739 1037 4812 !l,t3;
1059 4734 1100 4799 ct.
1127 4740 1222 4802 ltom.
1244 4739 1350 4822 8,·11),
1368 4743 1533 4810 sententia
1554 4746 1638 4814 baec

759 4843 943 4890 lisinexnuen
961 4855 986 4891 rx
1004 4841 1087 4890 111116.
1107 4869 1136 4879 -
1154 4848 1191 4892 13.
