3960 5654
915 482 1006 526 ποτε.
1029 465 1059 534 θ,
1083 462 1132 521 13.

758 660 780 726 b)
802 663 941 716 vocatio
961 656 1128 714 Matthaei
1147 657 1298 724 als-17.

394 815 468 873 2,13.
494 814 528 863 ut
546 823 678 874 egressus
696 814 738 862 est
757 827 853 864 rursus
868 815 903 864 ad
923 824 999 862 mare
1086 809 1160 872 uli.
1178 808 1224 859 ital
1242 805 1341 872 ἐξῆλθεν
1355 807 1426 859 πάλιν
1445 804 1511 877 παρὰ
1533 802 1579 869 τὴν
1594 803 1690 856 θάλασ-

357 906 505 967 omnisque
519 899 600 949 turba
614 901 745 952 veniebat
760 903 795 952 ad
810 916 873 954 eum
881 917 888 962 ;
906 904 935 952 et
951 900 998 950 do·
1050 913 1105 945 σαν·
1122 896 1221 959 καὶτοῖς
1240 895 1254 947 ὁ
1272 893 1349 963 ὄχλος
1362 893 1455 964 ἤρχετο
1469 895 1529 966 πρὸς
1543 892 1635 962 atrei,
1649 893 1692 944 καί

357 994 437 1042 cahat
453 1004 511 1039 eos.
1051 982 1288 1044 {altumvillare

395 1081 436 1130 li.
464 1077 498 1128 Et
522 1090 609 1140 quum
633 1081 811 1142 praeteriret,
837 1078 909 1126 vidit
931 1077 999 1126 Levi
1087 1078 1129 1129 ll.
1165 1074 1210 1126 lla
1242 1071 1360 1140 παράγων
1387 1067 1437 1123 εἶδε
1469 1070 1541 1125 Λεοίν
1571 1071 1614 1124 τὀν
1645 1073 1689 1123 τοῦ

358 1167 475 1231 Aipliaei
487 1166 631 1218 sedentem
640 1169 675 1218 ad
686 1168 835 1225 telonium,
848 1169 876 1215 et
886 1167 925 1216 ait
937 1165 978 1214 illi
992 1178 998 1214 :
1052 1160 1181 1232 ‘Aipafou,
1197 1161 1335 1230 καθήμενον
1346 1159 1386 1212 ἐπὶ
1400 1159 1428 1212 rb
1440 1160 1573 1226 τελώνιον,
1589 1159 1632 1213 καί
1646 1159 1689 1213 it-

356 1267 475 1318 sequere
491 1267 543 1305 mc.
558 1256 592 1305 Et
606 1269 726 1319 surgens
739 1257 852 1304 secutus
866 1255 909 1303 est
923 1267 997 1304 eum.
1048 1270 1087 1320 γει
1101 1251 1183 1320 αὐτῷ,
1208 1248 1350 1302 Ἀκολούθει
1371 1268 1424 1320 μοι.
1444 1248 1487 1301 καί
1504 1248 1613 1311 ἀναστὰς
1627 1248 1689 1314 frao-

360 1345 400 1394 ¹5.
419 1343 452 1392 Et
469 1343 573 1395 factum
596 1348 652 1404 est,
678 1356 764 1407 quum
780 1343 956 1394 accumberet
970 1345 998 1394 in
1047 1339 1166 1404 λοθθηαεν
1186 1337 1263 1407 αὐτῷ.
1283 1344 1323 1393 15.
1344 1337 1391 1390 Καὶ
1412 1338 1507 1407 γίνεται
1526 1339 1689 1391 κατακεῖσθαι

356 1432 439 1482 domo
455 1433 531 1483 illius
545 1435 624 1483 multi
638 1431 779 1496 publicani
795 1434 823 1482 et
836 1437 998 1496 peccatores
1048 1426 1121 1478 αθτθν
1135 1426 1160 1478 ἔν
1175 1431 1206 1498 τῇ
1226 1427 1292 1498 elata
1310 1427 1399 1491 αὐτοῦ,
1416 1426 1458 1480 ααί
1472 1425 1564 1479 πολλοὶ
1584 1425 1691 1478 τελῶναι

356 1522 437 1571 simul
454 1521 667 1572 discumbebant
679 1533 742 1569 cum
758 1520 822 1570 lesu
836 1525 865 1571 et
878 1521 998 1585 discipu·
1048 1516 1089 1567 καὶ
1103 1515 1249 1586 ἁμαρτωλοὶ
1262 1517 1430 1570 συνανέκειντο
1440 1521 1475 1587 τῷ
1488 1512 1573 1582 Ἰησοῦ
1586 1514 1630 1566 καί
1640 1517 1690 1576 τοῖς

356 1610 392 1659 lis
407 1611 468 1661 eius
485 1624 491 1658 ι
504 1613 586 1661 erant
597 1609 673 1659 enlm
684 1609 777 1668 multi,
793 1611 841 1672 qui
856 1612 884 1660 et
896 1622 998 1673 seque·
1049 1606 1170 1674 μαθηταῖς
1181 1605 1265 1658 αὐτοῦ·
1277 1602 1340 1672 ἦσαν
1349 1606 1398 1676 γὰρ
1413 1604 1519 1670 πολλοὶ,
1531 1601 1690 1670 ααίηαολοθ-

355 1697 457 1749 bantur
472 1711 545 1749 eum.
567 1696 608 1746 lu.
626 1697 660 1746 Et
678 1696 792 1748 Scribas
806 1700 835 1748 et
854 1698 999 1748 Pharisaei
1049 1695 1106 1747 θουν
1122 1694 1197 1766 αὑτῷ.
1217 1699 1258 1749 16.
1279 1695 1319 1747 καὶ
1336 1693 1361 1746 oi
1379 1699 1536 1765 γραμματεῖς
1553 1698 1602 1746 τῶν
1616 1711 1690 1763 φαμι-

354 1787 481 1838 vldentes
492 1786 559 1849 quia
571 1786 754 1836 manducaret
766 1799 830 1836 cum
842 1787 999 1850 publicanis
1047 1784 1124 1835 οαίων
1140 1781 1232 1844 ἰδόντες
1244 1785 1283 1836 θτι
1297 1782 1372 1836 ἰοθίει
1387 1783 1449 1853 μετὰ
1464 1789 1513 1835 τῶν
1533 1780 1690 1853 ἁμαρτωλῶν

355 1882 382 1926 et
397 1874 605 1939 peccatoribus,
620 1875 749 1925 dicebant
758 1873 902 1938 discipulis
916 1876 997 1925 elus:
1048 1871 1090 1924 καί
1110 1872 1236 1941 τελωνῶν,
1263 1872 1351 1942 ἰλεγον
1364 1874 1415 1933 τοῖς
1447 1873 1571 1943 μαθηταῖς
1598 1870 1688 1935 αἰτοῦ,

355 1977 441 2028 quare
471 1977 534 2014 cum
564 1964 722 2025 publicanis
748 1966 776 2014 et
807 1964 1000 2027 peccatoribus
1048 1963 1087 2015 ὅτι
1102 1961 1164 2032 μετὰ
1178 1967 1227 2014 τῶν
1242 1960 1357 2014 τελωνῶν
1372 1961 1414 2014 καὶ
1426 1959 1583 2032 ἁμαρτωλῶν
1598 1959 1689 2024 tollen

354 2052 503 2102 manducat
527 2055 554 2103 et
574 2052 644 2102 bibit
667 2052 800 2115 magister
820 2051 930 2103 vecteri
954 2052 996 2102 li.
1050 2055 1094 2106 ll.
1109 2051 1151 2102 καὶ
1164 2049 1267 2111 troica:
1280 2050 1294 2102 θ
1308 2050 1403 2117 Ἰησοῦς
1416 2049 1486 2120 λέγει
1497 2048 1594 2113 αὐτοῖς,
1606 2050 1646 2102 θτι
1661 2045 1690 2100 οἰν

355 2141 416 2191 Hoc
435 2142 531 2191 audito
553 2141 633 2191 iesus
652 2143 690 2191 ait
706 2140 784 2190 illle:
808 2154 865 2192 non
885 2153 1000 2192 necesse
1049 2139 1135 2209 χρείαν
1151 2138 1250 2209 ἔχουσιν
1265 2139 1288 2192 ci
1311 2137 1437 2209 ἰσχύοντες
1458 2137 1557 2209 ἰατροῦ,
1584 2135 1648 2189 ἀλλ’
1665 2134 1691 2190 οἰ

355 2231 459 2280 habent
476 2232 538 2280 sani
563 2230 687 2290 medico,
710 2230 760 2280 sed
775 2230 824 2293 qui
848 2230 922 2280 maie
948 2231 999 2280 ha·
1050 2234 1129 2290 ιιαιιῶς
1147 2231 1256 2299 ἰχοντες.
1277 2228 1321 2281 οὖα
1339 2224 1415 2294 ἦλθον
1439 2227 1541 2280 καλίσαι
1564 2226 1689 2291 bracteae,

354 2319 434 2378 bent;
450 2321 597 2368 nonenim
619 2320 685 2369 veni
707 2331 808 2370 vocare
822 2321 926 2379 iustos,
950 2319 999 2370 sed
1050 2315 1117 2368 illl
1136 2316 1306 2387 ἁμαρτωλούς.

355 2413 523 2470 peccatores.

392 2539 423 2582 lu
438 2547 464 2582 v.
486 2532 514 2581 ll
529 2545 580 2594 pro
596 2532 664 2583 Levi
679 2531 815 2595 praebent
830 2533 955 2582 iacobum
971 2533 992 2583 D
1019 2533 1108 2585 laus.
1130 2534 1199 2585 codd
1215 2534 1344 2597 Origenis
1359 2535 1402 2584 ab
1415 2529 1555 2597 ceif¹g¹.
1573 2533 1604 2582 ln
1615 2546 1642 2582 v.
1660 2533 1690 2582 le

354 2637 537 2689 κατακειμενων
553 2637 635 2670 αντων
651 2623 673 2672 D
681 2635 689 2683 ;
704 2621 771 2672 item
791 2621 1030 2673 discumbentibus
1045 2623 1101 2674 illis
1123 2619 1265 2688 (recumb.)
1283 2624 1326 2673 ab
1338 2619 1438 2683 ceii²;
1454 2637 1519 2686 ηοαν
1534 2637 1582 2689 γαρ
1601 2617 1691 2672 πολλοι

354 2726 378 2758 οι
394 2726 435 2760 ιιαι
450 2711 488 2771 1);
506 2713 572 2761 item
588 2707 670 2760 bfff¹
685 2706 741 2774 g¹¹
762 2712 839 2775 vulg.
857 2716 890 2761 ln
912 2725 938 2761 r.
960 2711 989 2762 16
1005 2727 1054 2760 των
1069 2727 1204 2779 φαριοαιων
1218 2725 1281 2763 cum
1296 2711 1379 2768 ltBL
1391 2714 1410 2758 Δ
1425 2711 1457 2761 33
1473 2710 1634 2770 bTinl;
1650 2724 1693 2759 και

354 2815 377 2848 οι
392 2816 440 2866 pap
455 2804 479 2850 Α
490 2800 543 2852 CD
555 2796 573 2848 Γ
584 2796 606 2848 11
628 2814 682 2850 unc
695 2800 710 2850 9
732 2801 759 2850 al
774 2801 835 2864 pler
856 2802 878 2850 it
899 2801 927 2864 pl
943 2802 1010 2865 vulg
1029 2814 1076 2864 syr
1088 2800 1152 2870 (utr)
1169 2814 1229 2853 arm
1243 2814 1295 2865 go;
1318 2800 1350 2850 Ti
1366 2803 1405 2850 ita
1419 2801 1467 2849 τῶν
1487 2796 1634 2867 φαριοαίων.
1650 2795 1693 2848 καὶ

354 2883 461 2949 ἰδόντες
477 2889 527 2939 scd
543 2890 597 2939 hoc
610 2905 652 2937 ται
664 2889 738 2939 Wil
756 2890 870 2940 minime
886 2890 1006 2950 habent;
1023 2903 1057 2941 ev
1072 2892 1132 2942 hier
1146 2896 1174 2941 et
1187 2891 1293 2941 scribae
1309 2889 1484 2948 iudaeorum;
1510 2905 1549 2938 οτι
1569 2887 1653 2952 ηαθιιν
1671 2899 1691 2944 κ

355 2977 377 3027 b
390 2978 426 3036 L,
443 2992 516 3026 αυτον
528 2975 642 3027 εοθιοντα
657 2975 800 3030 rurali
813 2979 896 3029 uncti
915 2979 942 3028 ai
958 2978 1020 3043 pier
1034 2979 1144 3044 afqgo
1152 2993 1159 3040 ;
1173 2994 1197 3028 τι
1218 2994 1256 3028 οτι
1271 2994 1333 3046 μετα
1352 2993 1401 3028 των
1416 2974 1533 3027 τελωνων
1549 2973 1692 3029 leitil

355 3079 409 3116 unc
422 3065 436 3116 9
452 3067 478 3116 al
494 3065 568 3129 pler;
585 3064 661 3115 εοθιει
671 3083 711 3115 και
726 3067 828 3117 τινιιίιι
843 3067 905 3131 pler
918 3067 1004 3128 codd,
1022 3081 1113 3132 neque
1128 3074 1221 3119 tamen
1236 3069 1265 3118 ln
1280 3062 1505 3129 uBDabefl¹;
1523 3066 1577 3117 add
1592 3081 1607 3115 ο
1620 3063 1692 3114 tri:-

354 3150 445 3214 οταλος
458 3170 528 3221 υμων
546 3157 574 3204 ln
588 3151 699 3210 acti
714 3155 759 3206 θθ.
784 3155 811 3205 al
836 3156 900 3219 plus
927 3155 958 3206 10
974 3156 1037 3206 cili
1042 3152 1051 3187 ¹
1070 3153 1102 3220 g¹
1119 3158 1128 3207 l
1143 3158 1210 3221 vulg
1225 3155 1331 3223 (excipe
1344 3153 1398 3222 vali
1421 3169 1473 3219 cop
1496 3157 1561 3207 aeth
1577 3168 1641 3214 sax;
1657 3167 1693 3205 ev

355 3245 415 3294 hier
429 3257 550 3308 quare...
573 3257 625 3294 vos
644 3244 726 3295 editis
748 3247 777 3295 et
790 3242 896 3294 bibitis.
926 3244 958 3294 lu
973 3259 1001 3294 v.
1019 3245 1049 3294 li
1073 3245 1171 3295 addin
1192 3243 1247 3296 fme
1262 3261 1295 3303 εις
1309 3260 1440 3312 μετανοιαν
1456 3241 1508 3296 Cf
1525 3243 1606 3295 uncti
1622 3243 1692 3308 alpi

355 3335 399 3384 cat
411 3333 485 3384 Vict.
493 3347 501 3393 ;
519 3334 755 3398 inpoenitentium
767 3345 816 3397 eg;
834 3335 901 3383 item
917 3330 1007 3383 acii¹
1019 3331 1065 3396 g'.

400 3484 485 3546 ilum
500 3481 652 3548 Christus
667 3481 763 3569 prius
780 3482 931 3547 animam
947 3482 1080 3548 sanavit
1095 3503 1198 3570 quam
1214 3503 1355 3570 corpus,
1373 3483 1480 3548 immo
1499 3503 1625 3571 corpus
1636 3502 1692 3546 so-

356 3588 427 3653 lum
444 3609 485 3654 ea
499 3586 541 3653 de
557 3609 658 3654 causa
672 3608 806 3653 sanasse
823 3586 957 3654 videtur
970 3598 1007 3653 ut
1021 3609 1118 3654 suam
1132 3588 1275 3654 curandi
1289 3588 1394 3654 animi
1411 3588 1547 3654 morbos
1566 3587 1692 3677 proha-

359 3699 409 3761 ret
424 3699 637 3782 potestatem,
655 3694 723 3759 iam
733 3715 772 3769 se
783 3693 1009 3761 manifestavit
1021 3694 1221 3761 salvatorem
1236 3695 1464 3784 spiritualem,
1483 3694 1542 3783 qui
1554 3693 1604 3760 uti
1614 3692 1694 3761 dae-

357 3822 499 3867 monum
510 3801 700 3890 potentiam
711 3798 1277 3886 frangitetsuadoetrinahomines
1288 3800 1332 3867 ad
1342 3800 1554 3867 sanctitatem
1565 3800 1690 3880 erudit,

356 3909 404 3974 ita
417 3929 553 3996 quoque
565 3913 708 3973 mortem
721 3906 926 3996 animiquae
937 3908 974 3972 in
984 3915 1122 3995 peccato
1132 3908 1282 3973 consistit
1291 3907 1402 3974 aufert
1414 3914 1448 3973 et
1458 3929 1574 3974 veram
1586 3907 1693 3973 vitam

357 4014 516 4099 largitur.
543 4020 652 4102 Atque
679 4018 716 4079 ut
740 4013 818 4079 talis
841 4011 990 4079 salvator
1019 4014 1078 4102 qui
1102 4019 1296 4103 peccatores
1319 4013 1362 4079 ad
1387 4014 1529 4080 salutem
1555 4012 1695 4079 adducit

357 4121 457 4187 eliam
470 4122 506 4185 in
517 4119 582 4186 hae
593 4121 791 4187 narratione
803 4118 906 4185 modo
923 4119 1071 4208 quodam
1083 4121 1257 4210 praeclaro
1270 4120 1471 4186 ostenditur.
1490 4126 1573 4185 Nam
1586 4140 1693 4186 unum

356 4250 395 4294 er
414 4229 452 4293 iis
471 4227 531 4315 qui
547 4229 621 4292 iure
636 4225 787 4316 quodam
803 4228 991 4316 praecipuo
1005 4226 1098 4315 apud
1115 4226 1253 4293 iudaeos
1269 4232 1462 4316 peccatores
1475 4224 1693 4293 habebantur

357 4340 452 4399 vocat
471 4340 509 4398 ut
524 4356 605 4399 suus
619 4333 742 4400 evadat
765 4354 878 4399 comes
893 4354 932 4398 ac
947 4332 1152 4421 discipulus;
1170 4333 1251 4400 dein
1266 4333 1513 4399 consuetudine
1534 4333 1694 4400 familiari

359 4441 467 4506 utitur
486 4462 565 4504 cum
588 4438 841 4529 peccatoribus,
864 4445 901 4506 ut
920 4462 977 4505 eos
997 4439 1041 4505 ad
1067 4461 1212 4526 regnum
1235 4440 1291 4506 [lei
1311 4447 1343 4506 et
1360 4441 1503 4506 salutem
1523 4440 1692 4520 adducat3

361 4549 466 4613 immo
484 4552 590 4612 totam
611 4547 763 4613 muneris
781 4548 834 4613 sui
856 4547 1022 4613 rationem
1041 4569 1081 4612 ec
1103 4547 1271 4613 contineri
1290 4547 1423 4628 asserit,
1445 4554 1482 4613 ut
1502 4553 1597 4613 vocet
1615 4568 1694 4635 pec-

361 4658 503 4720 catores.
526 4656 632 4728 Quam
649 4652 750 4740 longe
767 4660 880 4720 autem
892 4653 1004 4720 absint
1018 4676 1038 4719 a
1054 4675 1157 4739 regno
1172 4655 1227 4720 [lei
1243 4655 1264 4719 ii
1278 4655 1337 4742 qui
1351 4654 1442 4743 apud
1458 4654 1597 4720 iudaeos
1610 4659 1695 4718 tam-

362 4782 467 4850 quam
492 4758 646 4824 doctores
667 4767 700 4825 et
723 4763 952 4828 aemulatores
975 4760 1061 4847 legis
1082 4762 1283 4827 auctoritate
1306 4761 1484 4842 valebant,
1506 4761 1639 4826 scribae
1662 4767 1694 4824 ei

361 4866 544 4956 pharisaei,
558 4865 686 4954 pariter
696 4868 942 4951 manifestatur,
958 4866 1041 4934 dum
1055 4890 1093 4934 ea
1104 4868 1228 4934 Christi
1241 4868 1364 4953 agendi
1374 4870 1503 4935 ratione
1513 4866 1694 4933 offendun-
