3960 5654
830 369 921 416 uuae.
943 357 994 426 16,
1019 356 1128 415 11-13.
1587 358 1646 416 439

311 504 460 572 lominus
484 502 549 568 illis
576 505 644 572 visa
671 507 748 570 sunt
771 503 857 570 sicut
880 506 1146 572 deliramentum
1174 505 1280 573 verba
1303 504 1367 571 ista
1394 509 1485 592 (Luc.
1515 504 1644 593 aaut).

311 613 424 679 llerito
443 610 554 698 carpit
575 611 639 678 hoc
660 611 733 676 loco
756 611 816 675 Fil.
846 618 976 701 quanta
1002 612 1138 677 levitate
1164 620 1198 678 et
1224 610 1365 678 audacia
1389 616 1501 678 Renau
1520 619 1647 679 asserat

311 716 402 806 quod
421 720 622 785 resurrectio
641 714 768 783 credita
782 717 825 782 sit
844 718 1057 805 potissimum
1077 717 1236 784 effectum
1258 739 1327 783 esse
1349 740 1369 783 a
1388 720 1488 783 Maria
1509 720 1647 804 Magda-

311 823 425 902 lene¹;
453 823 611 891 similiter
632 844 698 889 non
720 831 854 890 veretur
880 824 1031 890 seribere
1048 824 1192 889 verbum
1214 824 1304 890 istud
1329 826 1474 888 surrexit
1500 824 1647 908 fulguris

310 929 416 995 instar
429 929 521 1019 apud
541 929 720 1018 discipulos
739 936 966 1019 propagatum
988 953 1058 996 esse
1080 937 1112 995 ct
1134 930 1263 1019 ubique
1290 953 1351 1018 pro
1373 931 1508 996 illorum
1530 952 1645 996 amore

309 1035 407 1102 facile
426 1058 496 1103 esse
516 1037 693 1104 creditum.
716 1039 836 1102 t'erum
854 1036 954 1124 plane
977 1037 1190 1103 contrarium
1205 1037 1316 1102 elucet
1333 1059 1372 1102 ex
1388 1037 1586 1122 evangeliis.
1610 1036 1645 1102 ld

309 1141 418 1208 altero
434 1165 570 1234 quoque
583 1142 737 1230 exemplo
752 1142 944 1209 ostenditur·
960 1167 990 1210 v.
1010 1149 1050 1209 12
1063 1155 1141 1232 post
1155 1143 1365 1209 lacerantem
1379 1142 1509 1209 dicatus
1526 1165 1568 1208 ex
1579 1143 1644 1223 tis,

306 1248 378 1315 scil.
396 1249 456 1337 qui
472 1249 608 1316 fuerant
626 1270 703 1314 cum
723 1271 762 1315 eo
779 1272 809 1313 v.
835 1256 887 1327 10,
909 1249 968 1314 sed
994 1251 1029 1315 hi
1055 1256 1152 1316 erant
1174 1273 1214 1316 ex
1239 1249 1411 1338 discipulis
1433 1251 1479 1314 uti
1498 1256 1591 1338 patet
1606 1272 1645 1316 ex

308 1358 387 1420 Luc.
399 1361 512 1436 aula,
524 1376 670 1445 quorum
688 1378 774 1421 unus
788 1355 952 1444 Cleophas
963 1356 1217 1445 appellabatur,
1233 1355 1489 1422 aaraoalaaeitos
1498 1370 1646 1421 ostensus

307 1473 355 1528 est
374 1462 410 1527 iu
423 1461 494 1528 alab
512 1461 624 1549 esfiqie
640 1460 794 1528 euntibus
814 1461 850 1526 in
870 1462 1006 1541 viltam,
1029 1464 1065 1528 in
1084 1467 1246 1529 Emmaus
1258 1465 1330 1529 scil.
1348 1460 1388 1535 εἰς
1408 1459 1498 1549 ἀγρόν
1518 1465 1646 1530 abeunt

307 1589 378 1649 rus,
391 1569 428 1634 in
437 1567 649 1658 oppositione
663 1567 706 1634 ad
722 1566 860 1647 urbem;
878 1568 946 1634 illis
962 1591 1033 1635 sese
1047 1569 1278 1635 manifestavit
1297 1570 1331 1634 in
1348 1569 1468 1644 torma,
1487 1571 1521 1634 in
1534 1570 1646 1658 specie

307 1680 445 1741 externa
469 1673 603 1740 diversa
619 1668 733 1761 (ἑτέρᾳ)
753 1674 797 1740 ab
813 1697 852 1741 ea
870 1675 942 1741 scil.
967 1698 1073 1763 quam
1098 1675 1220 1741 habuit
1247 1682 1325 1742 ante
1344 1678 1642 1754 resurreetionem3

200 1872 202 1878 Ι
303 1779 351 1846 ita
365 1779 516 1846 breviter
530 1780 670 1847 innuere
688 1779 821 1847 videtur
841 1781 934 1871 quod
963 1787 1039 1848 Luc.
1064 1788 1179 1863 aaut.
1200 1790 1239 1849 31
1264 1791 1396 1857 narrat;
1416 1783 1473 1848 alii
1489 1783 1644 1871 quando-

304 1909 371 1976 que
390 1887 611 1977 concipiunt:
629 1887 665 1953 in
684 1889 794 1976 specie
813 1890 987 1978 peregrini
1002 1888 1129 1976 (Alb.);
1151 1890 1269 1979 utique
1286 1897 1460 1978 tamquam
1478 1890 1553 1955 talis
1566 1911 1644 1955 cum

305 1992 346 2060 iis
374 1993 578 2076 ambulavit,
610 1994 669 2060 sed
696 1995 732 2059 in
759 2017 799 2060 ea
826 2017 892 2060 uon
918 2002 968 2061 est
991 1998 1146 2080 agnitus;
1177 2018 1261 2080 ergo
1283 1996 1336 2060 vix
1361 1997 1396 2061 in
1419 2019 1458 2061 ea
1482 1997 1591 2061 torma
1606 1996 1646 2062 iis

305 2097 492 2188 ἐφανερώθη
513 2101 566 2166 vel
586 2101 620 2167 in
643 2102 710 2167 alia
730 2101 838 2167 forma
860 2101 904 2166 ab
924 2125 964 2167 ea
983 2104 1018 2167 in
1036 2125 1104 2190 qua
1124 2104 1245 2168 itariae
1266 2102 1462 2188 ttagdaleuc
1484 2103 1645 2191 apparuit

307 2206 433 2295 (Feb.);
451 2207 510 2272 sed
529 2207 624 2274 nullo
642 2206 767 2273 indicio
786 2198 948 2274 suadetur
971 2209 1061 2274 hauc
1078 2216 1209 2297 partem
1237 2209 1356 2274 reterri
1371 2209 1414 2274 ad
1434 2233 1463 2273 v.
1488 2218 1508 2276 a
1529 2209 1587 2274 ubi
1611 2211 1645 2275 in

306 2335 376 2403 qua
396 2314 507 2382 forma
527 2313 616 2380 visus
637 2316 680 2380 sit
705 2316 906 2404 neutiquam
930 2315 1119 2394 indicatur;
1139 2339 1172 2381 v.
1196 2323 1236 2381 13
1254 2330 1285 2382 et
1305 2314 1357 2381 illi
1376 2329 1491 2381 euntes
1510 2317 1646 2382 ›terratia-

304 2433 425 2488 oerunt
442 2421 561 2487 ceteras
575 2443 635 2487 nec
651 2420 717 2488 illis
732 2421 966 2504 crediderunt;
983 2427 1061 2488 Luc.
1080 2429 1182 2502 2t‚33
1201 2424 1405 2488 invenerunt
1418 2429 1645 2509 congregatos

307 2527 465 2595 undecim
484 2534 518 2594 et
532 2533 589 2594 eos
607 2530 667 2616 qui
694 2550 773 2594 cum
795 2528 863 2594 illis
887 2536 984 2595 erant
1005 2528 1156 2595 dieentes
1179 2550 1186 2595 :
1210 2528 1304 2617 quod
1323 2529 1467 2594 surrexit
1483 2530 1644 2595 Dominus

305 2656 385 2701 vere
395 2640 429 2701 et
442 2633 603 2723 apparuit
617 2633 755 2701 Simoni.
779 2635 954 2711 Quomodo
970 2657 1055 2721 crgo
1080 2657 1087 2701 :
1107 2658 1169 2701 nee
1185 2635 1253 2701 illis
1268 2634 1509 2701 crediderunt?
1524 2659 1563 2701 ex
1582 2637 1643 2702 har

305 2750 491 2830 apparente
506 2739 712 2808 dissonantia
732 2743 844 2807 statim
858 2742 1012 2830 sequitur
1033 2744 1121 2808 banc
1140 2751 1272 2831 partem
1291 2764 1358 2807 non
1379 2764 1449 2807 esse
1466 2752 1581 2830 postea
1599 2743 1644 2809 ab

305 2847 374 2914 alio
391 2847 542 2937 quodam
566 2856 729 2926 assutam3
746 2849 801 2915 ille
816 2850 908 2914 enim
929 2849 1047 2914 sedulo
1073 2851 1216 2914 cavisset
1234 2872 1277 2914 ne
1299 2850 1529 2914 narrationem
1546 2872 1643 2916 suam

304 2955 364 3021 tali
388 2953 579 3021 differentia
607 2961 639 3020 et
667 2965 851 3043 apparente
879 2956 1152 3021 contradictione
1174 2955 1330 3021 redderet
1348 2964 1549 3044 suspectam.
1578 2957 1643 3023 Sed

305 3065 433 3128 llarcus
457 3061 513 3126 hic
534 3083 669 3150 quoque
689 3084 761 3127 rem
781 3062 876 3127 brevi
901 3063 1141 3151 complectitur
1165 3086 1172 3129 :
1201 3084 1243 3126 ne
1263 3084 1381 3127 eorum
1405 3063 1545 3150 quidem
1567 3085 1644 3129 nar·

304 3167 432 3235 ratione
447 3169 494 3233 ita
508 3167 663 3234 stabilem
682 3167 725 3233 de
740 3169 985 3234 resurreetione
1000 3177 1232 3258 conceperunt
1246 3169 1365 3248 fidem,
1388 3179 1423 3235 ut
1444 3191 1510 3235 non
1529 3171 1642 3236 statim

304 3275 428 3341 iterum
456 3273 673 3351 dubitarent;
705 3297 757 3341 res
783 3276 830 3341 ita
855 3276 1036 3342 videbatur
1058 3275 1286 3352 incredibilis,
1315 3285 1349 3341 ut
1374 3276 1465 3363 quod
1492 3277 1644 3343 dixerant

305 3403 385 3447 vere
394 3381 575 3447 surrexisse
590 3383 767 3447 Dominum
785 3405 862 3447 mox
877 3383 940 3471 ipsi
954 3385 1077 3449 iterum
1093 3383 1127 3447 in
1144 3382 1289 3449 dubium
1306 3391 1480 3458 vocareut3
1504 3384 1537 3449 id
1552 3384 1643 3473 qued

231 3551 233 3556 ,
305 3510 345 3554 ex
372 3492 449 3554 Luc.
479 3493 581 3569 2337
605 3488 685 3553 satis
715 3497 818 3577 patet.
846 3495 883 3555 Et
903 3491 930 3555 si
955 3490 1274 3555 vehementissimae
1300 3489 1379 3555 illae
1403 3492 1643 3556 commotiones

305 3593 565 3661 considerantur
587 3594 712 3682 quibus
728 3596 835 3661 animi
859 3617 977 3661 eorum
1008 3597 1041 3661 in
1061 3604 1174 3684 partes
1190 3598 1378 3692 contrarias
1400 3598 1494 3684 quasi
1516 3597 1642 3663 discer-

304 3702 487 3790 pebantur‚
510 3722 580 3766 non
595 3700 766 3767 videbitur
791 3704 915 3767 mirum
936 3725 1086 3769 cosmos
1107 3705 1231 3767 iterum
1258 3701 1471 3768 dubitatione
1495 3703 1644 3771 redditos

306 3829 376 3872 esse
395 3807 576 3896 ancipites,
598 3829 675 3873 cum
691 3808 753 3897 ipsi
773 3811 952 3875 nominum
977 3832 1044 3874 non
1069 3809 1231 3874 vidissent
1247 3818 1279 3874 et
1293 3812 1454 3874 ltominus
1472 3809 1644 3876 diceretur

307 3913 447 4002 quidem
462 3914 672 4002 apparuisse,
688 3922 723 3981 at
735 3937 809 3980 mox
819 3917 942 3981 iterum
954 3918 1143 3982 evanuisse.
1163 3916 1228 3982 Sed
1243 3916 1318 3981 talis
1331 3916 1511 3982 exsistendi
1524 3917 1643 3982 modus

304 4040 423 4086 eorum
447 4019 694 4105 intelligentiae
721 4024 789 4087 vim
811 4022 911 4109 plane
939 4023 1106 4108 fugiebat.
1133 4022 1220 4100 Quid
1248 4044 1332 4107 ergo
1368 4024 1475 4106 magis
1501 4024 1640 4088 obvium

306 4147 408 4214 quam
430 4133 530 4191 utne
555 4126 621 4191 illis
648 4118 787 4215 quidem
818 4128 920 4194 sidem
947 4130 1154 4195 adhiberent
1180 4129 1355 4198 stabilem.
1382 4130 1534 4208 lirnium,
1560 4151 1641 4195 con·

304 4232 470 4298 stantem?

341 4396 363 4440 t.
376 4391 408 4438 Et
423 4394 544 4454 pourtmu
560 4393 593 4440 ll.
606 4394 632 4440 E.
652 4394 746 4443 ltetian.
765 4396 810 4441 Les
824 4397 930 4456 lintres
944 4409 966 4456 p.
987 4400 1023 4447 13,
1037 4394 1133 4442 altiruu·
1145 4395 1366 4444 audaciuusruient
1389 4413 1399 4435 a
1414 4409 1463 4457 que
1482 4395 1503 4442 la
1520 4394 1598 4457 gloire
1611 4396 1643 4443 di·

308 4468 332 4518 le
343 4469 514 4519 resurrection
526 4471 670 4535 appartient
682 4473 697 4519 t
712 4474 787 4521 ttarie
798 4473 830 4521 de
847 4475 967 4532 Magdala.
983 4480 1061 4536 Apros
1074 4475 1159 4529 lesus.
1171 4477 1232 4524 cist
1245 4478 1321 4525 Mario
1332 4476 1377 4536 qui
1389 4490 1402 4523 a
1417 4476 1438 4523 te
1451 4475 1507 4536 plus
1520 4475 1565 4525 tait
1581 4490 1643 4539 pour

307 4548 333 4599 le
348 4547 479 4599 laudatico
494 4551 529 4600 du
545 4552 746 4601 christianisme.
763 4554 793 4602 Sa
809 4555 905 4615 grandi·
927 4554 1079 4603 atsirutatiou
1101 4556 1132 4603 du
1151 4556 1242 4604 terniue
1257 4576 1262 4603 ι
1278 4557 1294 4603 il
1310 4561 1346 4603 cst
1369 4555 1514 4604 ressuscita!
1531 4570 1544 4603 a
1560 4556 1599 4605 ete
1621 4555 1642 4603 la

309 4630 369 4680 base
381 4629 413 4679 de
425 4630 449 4678 la
466 4630 541 4680 loide
558 4631 705 4681 t'bumanite
720 4654 741 4681 u.
759 4634 790 4680 Et
806 4634 867 4681 alibi
884 4634 990 4683 scribit:
1007 4653 1017 4678 a
1033 4635 1054 4682 u·
1067 4637 1102 4683 cri
1118 4655 1121 4680 :
1139 4635 1156 4683 il
1172 4641 1210 4684 est
1224 4637 1373 4684 ressuscita!
1390 4641 1479 4683 rourut
1503 4636 1584 4698 {initui
1606 4635 1643 4684 les

307 4709 426 4775 disciples
439 4724 537 4760 rouune
550 4726 583 4760 un
596 4711 679 4761 eclair.
702 4712 818 4761 L'auiour
830 4715 865 4763 lut
881 4714 908 4763 sit
922 4719 1027 4762 trouver
1038 4720 1141 4776 partout
1156 4731 1205 4764 uni·
1216 4715 1321 4763 otiante
1334 4714 1405 4762 taretia
1418 4737 1429 4757 a
1446 4716 1502 4774 (t'ir
1515 4715 1546 4764 de
1560 4715 1643 4765 Jesus.

309 4791 381 4856 ehep.
396 4796 440 4850 26;
452 4804 475 4854 p.
492 4794 537 4840 tto
552 4791 592 4841 ed.
609 4795 655 4849 tut.
