3960 5654
867 542 957 584 nanc.
982 525 1012 592 3,
1034 522 1144 583 :tt-35.
1617 527 1671 586 lll

344 675 491 742 nobilius
512 678 576 753 est,
599 682 739 764 propter
761 674 906 741 eandem
927 673 1033 738 animi
1057 672 1308 741 habitudinem.
1331 679 1437 753 Quare
1460 672 1561 741 simul
1581 678 1672 762 patet

343 782 387 848 ab
400 806 439 848 eo
452 779 643 846 nullatenus
658 781 828 846 contemni
846 787 989 846 matrem
1006 787 1039 846 et
1058 781 1284 869 propinquos,
1306 779 1363 845 sed
1382 780 1491 847 solum
1510 780 1674 848 affirmari

343 911 410 977 quo
427 886 501 976 quis
518 888 646 953 maiore
665 883 779 951 studio
793 886 1004 953 voluntatem
1025 885 1132 953 Patris
1147 886 1262 951 animo
1279 892 1312 950 et
1327 908 1429 975 opere
1447 887 1627 976 complecti
1641 891 1675 951 et

342 994 476 1080 exsequi
490 993 673 1070 studuerit,
691 1013 770 1058 eum
786 1015 925 1082 quoque
943 993 1045 1059 modo
1060 992 1248 1077 insigniore
1264 997 1334 1058 lesu
1353 1015 1422 1058 esse
1442 994 1674 1082 propinquum

341 1107 374 1167 et
389 1099 603 1166 familiarem.
622 1104 689 1164 lam
708 1120 790 1166 vero
807 1098 884 1187 quis
896 1098 1089 1164 ardentiore
1109 1099 1224 1164 animo
1240 1099 1447 1165 voluntatem
1463 1098 1521 1164 Dei
1537 1105 1586 1163 est
1600 1121 1675 1165 am-

341 1205 458 1294 plexus
477 1228 581 1294 quam
603 1204 660 1270 illa
684 1227 771 1293 quae
787 1211 892 1271 totam
913 1227 1009 1271 suam
1031 1210 1178 1271 mentem
1197 1205 1262 1272 bac
1282 1205 1459 1292 descripsit
1480 1205 1672 1272 sententia:

342 1332 419 1378 ecce
431 1312 554 1378 ancilla
572 1310 718 1393 Domini,
735 1312 794 1377 siat
812 1311 898 1377 mihi
909 1310 1098 1378 secundum
1114 1311 1257 1377 verbum
1272 1312 1388 1377 tuuml
1403 1310 1484 1377 Vide
1498 1333 1586 1400 quae
1605 1310 1674 1377 dixi

342 1417 384 1482 ad
403 1420 517 1485 natta.
538 1424 649 1498 1250.
1511 1477 1513 1482 .

386 1525 536 1592 Ostendit
552 1524 667 1613 itaque
687 1526 854 1604 Christus,
874 1530 913 1590 ut
933 1525 1014 1590 Vz'ct.
1031 1525 1094 1605 ait,
1111 1547 1195 1614 prae
1211 1525 1303 1590 omni
1318 1524 1520 1610 cognatione
1531 1547 1590 1592 eos
1604 1547 1674 1593 esse

342 1630 584 1720 praeferendos
606 1632 664 1718 qui
686 1632 753 1696 siut
771 1631 957 1720 propinqui
976 1630 1165 1697 secundum
1186 1630 1305 1711 fidem,
1326 1653 1438 1717 neque
1461 1631 1544 1697 haec
1566 1631 1610 1698 ab
1632 1654 1673 1700 eo

341 1738 410 1804 dici
424 1760 462 1803 ac
474 1738 502 1803 si
518 1737 714 1826 repudiaret
724 1742 866 1803 matrem
882 1743 915 1804 et
925 1744 1105 1825 cognatos,
1120 1759 1240 1803 verum
1252 1742 1289 1803 ut
1304 1736 1423 1803 doceat
1432 1759 1468 1802 se
1480 1759 1564 1827 prae
1579 1739 1672 1805 omni

340 1844 595 1933 propinquitate
603 1842 731 1910 carnali
744 1844 858 1930 magni
867 1843 1048 1911 aestimare
1056 1845 1409 1930 animicognationem
1420 1865 1427 1924 ;
1440 1843 1544 1932 idque
1560 1844 1674 1935 palam

331 1949 490 2040 'profiteri
513 1973 553 2017 ea
572 1951 606 2016 in
632 1952 809 2017 occasione
825 1952 965 2017 omnino
987 1952 1179 2040 oportuisse
1198 1950 1243 2017 ad
1262 1949 1450 2017 doctrinam
1474 1972 1595 2017 eorum
1614 1952 1674 2040 qui

340 2056 528 2134 adfuerint,
547 2058 628 2146 quia
644 2057 717 2124 scil.
734 2056 779 2123 ad
794 2059 1069 2147 propinquorum
1089 2057 1351 2124 collocutionem
1367 2063 1503 2124 vocatus
1517 2058 1560 2123 sit
1577 2058 1674 2147 quasi

340 2163 385 2229 ad
399 2163 529 2252 aliquid
545 2165 637 2253 quod
652 2187 730 2230 eum
748 2164 996 2253 praedicationi
1016 2165 1288 2253 antepositurum
1308 2186 1378 2230 esse
1393 2164 1672 2231 existimaverint.

341 2274 429 2359 Opus
448 2271 553 2356 igitur
567 2270 719 2360 spiritale
733 2272 844 2337 caruis
860 2270 1061 2356 cognationi
1074 2271 1240 2361 praefert,
1257 2269 1504 2357 religiosiorem
1520 2270 1673 2337 cordium

341 2378 615 2443 coniunctionem
633 2377 757 2443 docens
776 2398 846 2443 esse
867 2399 971 2466 quam
992 2399 1176 2467 corporum
1196 2377 1316 2467 (Beda)
1337 2382 1369 2443 et
1389 2378 1513 2443 docens
1534 2399 1673 2444 servan·

341 2483 424 2549 dum
439 2484 609 2562 ordinem,
626 2491 661 2548 ut
675 2483 911 2574 divinaopera
927 2490 1185 2574 praeponantur
1199 2485 1376 2564 humanis,
1396 2490 1433 2548 ut
1446 2483 1564 2550 divina
1578 2506 1675 2573 prae-

341 2591 481 2668 dicatio,
508 2598 542 2656 ut
566 2591 688 2677 religio
709 2613 778 2656 non
802 2592 978 2658 omittatur
1001 2597 1143 2680 propter
1166 2590 1303 2680 pietatis
1323 2590 1451 2672 officia3
1475 2590 1673 2680 importune

341 2696 468 2763 dictum
484 2698 515 2763 ei
536 2697 647 2763 luerat
667 2720 674 2762 :
697 2719 774 2764 ecce
795 2705 905 2763 mater
923 2703 983 2763 tua
1002 2704 1066 2765 etc.
1083 2696 1205 2786 (eat).
1228 2704 1335 2787 Atque
1358 2696 1425 2763 tale
1445 2697 1489 2764 ab
1509 2719 1548 2762 eo
1568 2697 1675 2764 docu-

341 2811 493 2869 mentum
510 2810 541 2868 et
555 2804 746 2894 exemplum
759 2804 913 2869 exhiberi
930 2825 1040 2893 neque
1055 2809 1196 2893 propter
1210 2804 1382 2893 privatum
1400 2804 1674 2893 propinquorum

340 2908 547 2976 desiderium
572 2911 751 2976 intermitti
776 2932 894 2976 curam
919 2911 1072 2975 omnium
1096 2911 1249 2999 prolecto
1277 2931 1354 2975 eum
1379 2909 1494 2976 decuit
1517 2910 1576 2999 qui
1599 2932 1677 2977 suos

341 3015 440 3083 docet
459 3039 466 3084 :
489 3018 549 3105 qui
564 3023 656 3083 amat
671 3023 803 3105 patrem
819 3023 877 3082 aut
893 3023 1037 3083 matrem
1054 3017 1246 3106 plusquam
1266 3038 1319 3082 me
1332 3039 1399 3082 non
1416 3023 1465 3083 est
1480 3037 1534 3082 me
1548 3015 1676 3103 diguus

342 3125 453 3212 etqui
474 3124 578 3209 exigit
595 3124 638 3189 ab
654 3123 831 3212 apostolis,
850 3131 888 3189 ut
903 3123 1027 3189 relictis
1047 3123 1208 3189 omnibus
1231 3124 1294 3189 sibi
1319 3123 1546 3203 adhaereant,
1568 3124 1675 3189 immo

343 3231 445 3296 vitam
461 3238 494 3295 et
510 3230 713 3316 sanguinem
732 3252 795 3318 pro
810 3253 845 3296 se
859 3229 1004 3296 fundant
1022 3229 1077 3316 (cl.
1096 3229 1211 3295 Matth.
1236 3235 1347 3310 10,37.
1368 3236 1422 3295 39.
1443 3235 1522 3296 Luc.
1545 3229 1671 3316 1436).

342 3340 493 3402 Ceterum
511 3338 571 3425 qui
587 3336 744 3403 dicantur
750 3339 875 3425 fratres
891 3337 1030 3415 Christi,
1047 3336 1124 3401 vide
1138 3336 1181 3402 ad
1198 3344 1255 3418 6,3
1267 3344 1299 3401 et
1310 3337 1352 3401 cl.
1369 3336 1528 3425 Cornelis,
1547 3335 1670 3402 lntrod.

343 3447 381 3510 ιιι
400 3467 432 3533 p.
452 3450 529 3511 uos.

387 3553 540 3618 Narratio
557 3552 640 3618 haec
660 3552 785 3638 legitur
805 3549 896 3640 apud
923 3551 1038 3617 Matth.
1062 3556 1095 3617 et
1113 3554 1212 3616 liare.
1237 3556 1317 3617 ante
1337 3550 1539 3638 parabolam
1559 3549 1601 3616 de
1620 3571 1675 3617 se-

343 3657 509 3737 minante,
531 3658 624 3748 apud
640 3663 761 3725 Lucam
783 3664 858 3747 post
876 3679 969 3738 eam;
994 3656 1085 3723 unde
1108 3662 1176 3723 tres
1196 3658 1365 3746 synoptici
1387 3658 1488 3723 etiam
1508 3657 1673 3723 rationem

341 3767 502 3854 temporis
518 3767 590 3831 eius
609 3773 748 3831 eventus
764 3765 844 3829 satis
859 3764 1032 3847 indicant,
1051 3764 1122 3830 scil.
1146 3786 1186 3830 ea
1206 3765 1293 3830 vitae
1311 3764 1468 3852 publicae
1488 3769 1585 3853 parte
1605 3786 1673 3852 qua

342 3872 491 3937 Christus
505 3873 621 3938 turbas
638 3894 726 3962 quae
742 3871 786 3937 ab
804 3892 946 3937 erronea
961 3871 1210 3960 exspectatione
1227 3872 1325 3957 regni
1340 3871 1497 3936 messiani
1512 3893 1547 3937 se
1564 3870 1673 3936 dimo-

344 3979 413 4043 veri
428 4001 495 4044 non
513 3978 669 4045 sinebant
683 3980 810 4067 incepit
824 3978 947 4043 docere
966 3977 1157 4067 parabolis,
1176 3984 1214 4043 ut
1230 3977 1380 4044 videntes
1396 3999 1463 4044 non
1484 3975 1622 4043 videant
1642 3983 1674 4042 et

342 4085 516 4151 audientes
534 4108 602 4152 non
627 4085 837 4172 intelligant,
862 4107 942 4150 cum
965 4084 1039 4150 soil.
1061 4085 1105 4150 ob
1127 4085 1226 4171 regni
1242 4084 1438 4172 temporalis
1463 4083 1674 4150 desiderium

342 4192 447 4280 inepti
462 4192 526 4258 sint
543 4193 585 4259 ad
607 4214 721 4259 veram
743 4193 877 4259 Messiae
895 4193 1035 4279 eiusque
1051 4193 1150 4278 regni
1171 4198 1328 4258 naturam
1343 4191 1465 4256 animis
1482 4190 1673 4280 percipien-

343 4298 433 4364 dam.
452 4298 531 4364 Vidc
552 4301 596 4365 ad
611 4299 722 4365 llatlh.
747 4304 859 4378 13,13.

714 4518 738 4582 ul
759 4516 930 4569 parabola
949 4513 1150 4567 seminantls
1168 4515 1295 4580 4,1-20.

382 4697 435 4755 -l‚l.
448 4697 480 4746 Et
496 4699 595 4746 iterum
609 4697 701 4758 coepit
715 4696 815 4746 docere
828 4695 863 4744 ad
878 4707 955 4744 marc
973 4708 979 4743 :
1069 4694 1125 4753 l‚l.
1143 4689 1189 4741 liat
1203 4689 1278 4742 πάλιν
1293 4688 1382 4759 ἤρξατο
1401 4692 1525 4743 διδάσκει
1547 4689 1611 4761 παρὰ
1631 4687 1676 4754 τὴν

345 4790 371 4837 et
386 4789 554 4850 congrcgata
569 4788 611 4836 est
633 4784 668 4834 ad
691 4798 755 4835 eum
779 4785 860 4835 turba
879 4785 980 4844 multa,
1033 4779 1171 4833 θάλασσαν·
1193 4780 1235 4831 καὶ
1260 4781 1390 4850 συνάγεται
1414 4781 1473 4850 πρὸς
1495 4780 1570 4832 αὐτὸν
1599 4778 1675 4848 ὄχλος

345 4878 382 4927 ita
396 4881 424 4925 ut
439 4879 530 4926 navim
547 4874 701 4925 ascendens
715 4874 825 4925 sederet
847 4877 875 4924 in
897 4876 980 4932 mari;
1034 4869 1151 4931 πλεῖστος
1180 4870 1244 4922 ὥστε
1278 4868 1350 4922 oelr'ov
1382 4869 1414 4932 εἰς
1442 4869 1532 4923 πλοῖον
1566 4867 1678 4938 {potata

344 4965 571 5017 clonuiisturba
591 4967 662 5016 circa
682 4976 758 5015 mare
773 4976 858 5030 super
880 4966 983 5014 terram
1036 4959 1155 5015 satiata
1174 4957 1199 5013 lv
1229 4963 1259 5030 τῇ
1279 4959 1401 5029 θαλάσσῃ·
1427 4959 1469 5012 καὶ
1488 4961 1533 5021 πᾶς
1561 4957 1575 5010 ὁ
1601 4957 1685 5028 ὄχλος
