3960 5654
1018 505 1108 550 nanc.
1131 488 1161 560 l,
1186 485 1289 547 3¹1·39.
1758 490 1817 550 133

490 631 657 703 institutio
669 633 912 721 discipulorum
930 636 1078 705 habetur
1088 641 1121 705 et
1137 636 1172 701 in
1187 640 1387 728 tempestate
1397 642 1429 701 et
1444 637 1478 702 in
1493 659 1630 704 accessu
1644 635 1688 703 ad
1704 637 1815 722 regio·

489 761 567 808 nem
581 747 835 811 Gerasenorum.
855 742 1007 810 Christus
1025 741 1228 835 praevidens
1247 766 1288 810 ea
1301 749 1400 809 nocte
1419 743 1583 810 orituram
1599 767 1669 810 csso
1685 751 1814 831 tempe·

489 852 609 915 statem
632 847 782 915 consulto
796 850 893 916 iubet
910 849 1138 929 transfretari3
1163 872 1195 915 v.
1221 857 1263 916 37
1286 860 1320 915 et
1339 849 1433 937 sacto
1455 860 1502 914 cst
1517 851 1671 939 procella
1691 871 1817 940 mopno

489 955 595 1037 ocuti,
607 973 688 1018 voce
702 949 821 1040 λαῖλαψ
839 955 957 1021 Graeci
968 955 1298 1042 designantventum
1309 955 1551 1045 procellosum,
1565 956 1813 1036 vehementem,

489 1060 600 1126 subito
615 1064 648 1124 et
664 1057 891 1151 inexspectato
905 1067 1035 1144 ortum,
1054 1083 1131 1127 cum
1150 1048 1321 1128 imbribus
1341 1063 1495 1127 iunctum
1516 1060 1606 1151 (vide
1622 1061 1709 1127 locos
1725 1062 1816 1150 apud

495 1164 682 1253 Wetatein).
699 1173 739 1235 Et
754 1171 922 1257 quantum
942 1168 977 1234 in
997 1168 1190 1258 periculum
1211 1167 1403 1234 naviculam
1423 1168 1605 1233 coniecerit
1628 1169 1760 1234 irruens
1782 1169 1816 1233 in

489 1270 601 1337 laeum
610 1274 761 1361 procella
773 1278 806 1339 et
816 1272 933 1355 turbo,
948 1273 1144 1341 declaratur
1158 1274 1327 1362 etsluctus
1337 1274 1534 1340 mittebatur
1548 1275 1664 1340 navim
1673 1327 1683 1354 ,
1693 1295 1816 1359 graece

486 1377 599 1466 potius
615 1401 623 1448 :
641 1381 806 1447 attinctus
823 1379 1001 1449 irruerunt
1012 1381 1049 1446 in
1060 1382 1177 1446 navim
1187 1433 1195 1461 ,
1207 1381 1257 1447 ito
1270 1393 1309 1446 ut
1319 1379 1518 1470 impleretur
1533 1381 1641 1458 nuces,
1663 1382 1741 1442 ὥστε
1755 1367 1815 1448 tia

488 1489 527 1549 ut
543 1484 615 1551 iam
630 1486 788 1554 navicula
802 1485 903 1553 undis
912 1486 1116 1578 repleretur.
1133 1491 1172 1552 ut
1181 1486 1267 1576 quid
1283 1487 1454 1553 Christus?
1469 1494 1641 1569 accurate,
1655 1495 1692 1551 ut
1705 1509 1744 1552 ex
1758 1508 1816 1552 ore

486 1592 575 1658 Petri
594 1594 701 1672 testis,
718 1591 880 1660 describit
892 1598 1044 1660 llarcus:
1066 1605 1099 1660 et
1112 1606 1187 1659 erat
1201 1594 1271 1684 ipse
1288 1592 1325 1659 in
1341 1594 1454 1683 puppi
1464 1615 1567 1684 super
1581 1593 1730 1659 cervical
1742 1592 1817 1659 dor-

487 1697 614 1779 miens,
636 1699 672 1764 in
691 1698 815 1789 puppi,
833 1699 871 1765 in
889 1722 930 1766 ca
947 1700 1081 1786 navigii
1099 1705 1196 1790 parte
1212 1721 1301 1789 quae
1318 1701 1491 1767 nutatione
1507 1700 1602 1765 navis
1623 1699 1736 1764 minus
1750 1700 1817 1766 iac-

487 1804 624 1871 tabatur
642 1811 676 1870 et
690 1805 833 1894 proinde
853 1807 964 1894 magis
983 1812 1057 1873 crat
1077 1806 1212 1896 quieta3
1236 1827 1339 1897 super
1360 1805 1521 1887 cervical,
1533 1807 1711 1896 pulvinar;
1733 1825 1817 1891 προς-

486 1906 650 1998 κεφάλαιον
669 1913 772 1979 etiam
783 1913 971 2002 explicatur
984 1913 1145 2001 ὑπηρέσιον
1160 1912 1253 2002 (vide
1267 1913 1357 1981 locos
1368 1913 1461 2002 apud
1472 1913 1639 1997 Wetstein)
1655 1935 1721 2001 qua
1735 1934 1817 1978 voce

486 2016 648 2106 pulvinus
669 2020 842 2105 remigum
865 2018 1078 2106 designatur.
1105 2020 1186 2086 llari
1210 2025 1352 2086 sonante
1373 2026 1407 2085 et
1428 2019 1561 2086 furente
1588 2026 1622 2084 et
1640 2020 1814 2084 interitum

485 2122 665 2191 minitante
679 2125 841 2192 Dominus
855 2123 990 2215 placide
1005 2125 1150 2207 dormit;
1170 2154 1186 2186 a
1205 2127 1261 2192 hic
1276 2126 1334 2192 ille
1348 2147 1435 2192 unus
1450 2124 1706 2212 evangeliorum
1724 2125 1815 2190 locus

487 2234 535 2295 est
554 2229 590 2296 in
609 2252 677 2320 quo
696 2234 804 2298 lesum
825 2230 1052 2299 dormientem
1075 2232 1286 2313 invenimus;
1311 2231 1446 2321 expedit
1466 2232 1595 2321 quippe
1620 2228 1815 2297 huiusmodi

485 2335 575 2402 locos
594 2342 712 2403 notare
726 2338 762 2404 in
776 2337 902 2427 quibus
915 2338 943 2404 is
958 2337 1149 2404 humanum
1164 2338 1249 2427 quid
1264 2359 1371 2424 agens
1384 2345 1443 2404 aut
1457 2339 1588 2427 patiens
1608 2336 1779 2402 inducitur
1798 2364 1811 2394 n

485 2441 621 2530 (Puta).
643 2447 787 2511 Somnus
799 2445 860 2511 iste
875 2449 967 2511 certe
976 2446 1081 2511 etiam
1091 2444 1300 2512 documento
1320 2444 1419 2510 nobis
1433 2450 1482 2510 est
1497 2443 1626 2510 laboris
1639 2450 1671 2508 et
1689 2443 1814 2528 latiga-

486 2548 585 2615 tionis
604 2571 708 2638 quam
727 2554 816 2616 lesus
835 2572 899 2640 per
917 2550 1008 2617 diem
1030 2551 1195 2618 subierat.
1218 2555 1365 2617 Naturae
1388 2552 1557 2616 humanae
1582 2550 1815 2615 infirmitatem

488 2676 557 2742 qua
578 2677 714 2723 necesse
733 2657 777 2723 sit
795 2679 918 2746 corpus
939 2656 1073 2724 diurnis
1096 2657 1222 2724 lassum
1247 2656 1423 2724 laboribus
1444 2657 1638 2746 vespertino
1663 2665 1815 2744 ternpore

485 2762 625 2828 relicere
643 2784 762 2829 somno
785 2785 857 2830 non
878 2763 1090 2851 dedignatur
1108 2765 1145 2830 in
1165 2785 1200 2829 se
1220 2762 1408 2830 ostendere.
1429 2769 1473 2831 Ea
1499 2767 1615 2829 autem
1636 2763 1812 2828 occasione

485 2867 587 2934 etiam
604 2875 781 2958 praeterea
795 2870 984 2937 censendus
1000 2869 1066 2936 erit
1081 2869 1297 2944 dormivisse.
1315 2877 1352 2936 ut
1367 2876 1479 2937 exorta
1493 2875 1692 2959 tempestate
1709 2868 1815 2933 maior

485 2980 572 3041 esset
595 2976 726 3042 timoris
749 2984 783 3043 ct
803 2976 987 3043 invocandi
1009 2998 1108 3066 opem
1130 2999 1228 3044 snam
1251 2978 1501 3068 opportunitas,
1530 2983 1567 3040 ut
1587 2976 1694 3040 maius
1713 2975 1815 3040 ctiam

484 3088 666 3170 appareret
676 3082 891 3166 miraculum,
905 3104 985 3149 cum
997 3084 1093 3173 prius
1105 3082 1265 3172 discipuli
1279 3082 1406 3149 turbati
1420 3083 1570 3149 luissent.
1587 3083 1620 3148 Si
1633 3082 1724 3146 enim
1740 3081 1811 3168 ipso

483 3188 647 3274 vigilante
666 3194 846 3278 tempestas
861 3189 945 3256 haec
969 3188 1091 3256 oborta
1110 3190 1244 3271 luisset,
1266 3195 1416 3256 autnon
1439 3189 1630 3255 timuissent
1658 3185 1814 3273 discipuli

485 3300 545 3360 aut
557 3294 778 3362 credidissent
792 3295 852 3362 illo
866 3295 972 3363 invito
988 3318 1064 3362 cam
1081 3296 1266 3383 contigisse
1280 3296 1336 3383 (ci.
1361 3296 1505 3385 Theopla.
1526 3294 1646 3379 lerna.)⁸

530 3406 725 3489 Atqnecum
735 3403 895 3469 Dominus
906 3400 1057 3469 dormiat
1066 3403 1168 3469 etiam
1183 3402 1269 3468 litut
1282 3423 1388 3493 quam
1398 3401 1521 3468 debilis
1531 3423 1570 3466 ac
1582 3422 1704 3466 manca
1715 3399 1815 3465 etiam

488 3514 558 3573 tum
572 3505 817 3597 discipulorum
832 3508 916 3575 fides
924 3509 968 3576 sit
982 3508 1201 3576 manifestum
1216 3508 1354 3591 evadatg
1370 3507 1649 3597 habentquidem
1664 3505 1814 3594 aliquam

486 3615 522 3679 in
533 3634 612 3680 eum
622 3612 743 3697 lidem3
756 3636 838 3682 nam
850 3615 933 3704 quia
942 3613 988 3680 ab
997 3636 1037 3682 eo
1047 3606 1082 3682 se
1092 3615 1260 3681 salvatum
1272 3616 1315 3681 iri
1328 3637 1347 3681 a
1359 3616 1471 3681 furore
1482 3612 1654 3703 procellae
1665 3620 1813 3701 sperant,

486 3721 635 3787 excitant
653 3742 731 3787 cum
745 3733 777 3787 et
798 3720 917 3788 dicunt
938 3719 994 3788 illi
1009 3743 1021 3787 :
1039 3722 1203 3811 magister
1221 3744 1290 3788 non
1304 3720 1352 3788 ud
1363 3734 1394 3788 tc
1410 3722 1574 3811 pertinet,
1603 3720 1636 3780 οὐ
1654 3719 1738 3806 pan
1755 3736 1815 3792 σος

485 3829 508 3894 i.
526 3850 556 3894 e.
582 3855 596 3887 ι
618 3849 687 3894 non
705 3827 836 3895 esttibi
854 3849 973 3910 curae;
994 3850 1076 3895 nam
1095 3828 1192 3894 aliud
1215 3834 1264 3895 est
1284 3829 1453 3918 pertinere
1475 3827 1518 3893 ad
1544 3849 1622 3905 nos,
1639 3825 1817 3891 aliudesse

485 3955 604 4015 curae3
625 3933 794 4022 siqnidem
817 3935 925 4000 multa
943 3933 988 4000 ad
1006 3955 1067 4001 nos
1091 3934 1238 4001 maxime
1265 3936 1449 4023 pertinent,
1468 3956 1555 4023 quac
1583 3933 1722 3998 minime
1739 3937 1817 3997 sunt

486 4061 590 4106 curae
607 4067 623 4100 »
645 4040 850 4128 (Erasmus),
868 4039 952 4129 quio
967 4040 1145 4129 perimus?
1164 4063 1226 4107 nos
1238 4041 1351 4130 perire
1367 4063 1433 4107 non
1450 4040 1514 4108 tibi
1533 4038 1628 4106 cordi
1644 4041 1728 4103 estt’!
1746 4036 1815 4102 cla-

487 4152 581 4212 mant
594 4148 709 4230 anxie,
731 4168 808 4214 cum
829 4146 947 4237 aliqua
967 4147 1251 4236 expostulatione,
1271 4147 1353 4236 quia
1371 4147 1497 4213 durum
1515 4147 1557 4211 iis
1574 4144 1707 4210 videtur
1723 4141 1815 4231 quod

487 4257 574 4318 lesus
588 4253 648 4341 qui
660 4258 708 4319 tot
722 4253 797 4320 aliis
809 4274 909 4345 opem
928 4252 1007 4318 tulit
1020 4275 1098 4320 suos
1112 4253 1300 4344 periclitari
1313 4255 1404 4320 sinit.
1422 4258 1492 4330 Qua
1513 4253 1548 4317 in
1571 4274 1607 4317 rc
1628 4251 1744 4337 utiquc
1758 4248 1816 4314 dc-

485 4360 591 4425 lectus
605 4357 685 4424 fidei
705 4364 738 4425 et
758 4359 962 4446 cognitionis
981 4361 1143 4426 cernitur.
1167 4359 1342 4437 Quomodo
1356 4361 1447 4426 cuim
1463 4360 1538 4424 lieri
1567 4364 1677 4446 posset
1697 4364 1732 4420 ut
1756 4356 1813 4444 qni

485 4465 581 4532 electi
606 4470 683 4531 sunt
703 4465 846 4555 apostoli
871 4466 915 4533 ad
938 4487 1084 4553 regnum
1099 4469 1304 4533 messianum
1320 4466 1534 4532 fundandum
1549 4483 1816 4550 nuncaquarum

486 4571 623 4638 turbine
641 4572 807 4661 perirent,
832 4572 916 4638 dum
932 4594 1011 4639 cum
1027 4573 1101 4661 ipso
1125 4574 1238 4639 Messia
1253 4575 1289 4639 in
1310 4574 1448 4659 navigio
1471 4573 1671 4637 versantur‘.>
1687 4575 1718 4634 ct
1733 4589 1815 4656 quo-

485 4677 586 4745 modo
601 4679 661 4745 illa
678 4678 772 4746 navis
787 4700 875 4768 quae
890 4685 1005 4768 portat
1021 4680 1172 4746 Messium
1192 4686 1301 4769 posset
1315 4679 1415 4745 obrui
1430 4677 1590 4744 fluctibns
1605 4683 1637 4742 et
1657 4675 1765 4761 mergi
1786 4681 1819 4740 ct

486 4786 598 4874 perire
612 4792 646 4851 ct
658 4807 719 4852 suo
737 4784 879 4852 interitu
894 4786 1072 4852 interitum
1092 4785 1214 4852 afferre
1234 4786 1389 4853 Messias?
1404 4809 1434 4850 v.
1453 4792 1494 4851 39
1513 4797 1544 4850 ct
1559 4804 1755 4871 cassu-pens,
1773 4782 1819 4846 ita

485 4882 643 4982 διεγερθείς
657 4892 987 4982 oportctexplanari,
1004 4913 1086 4974 non,
1101 4899 1140 4960 ut
1153 4892 1261 4982 aliqui
1277 4891 1381 4982 (Keil)
1397 4892 1526 4970 volunt,
1541 4890 1721 4968 excitatus;
1740 4909 1819 4954 nam
