3960 5654
405 423 446 482 56
932 417 1022 488 abac.
1047 415 1208 498 t,'31-32.

404 593 509 663 opera
533 573 737 643 miraculosa
757 570 922 660 efficeret;
946 577 990 644 dc
1013 596 1139 667 quare
1166 576 1243 645 vide
1261 568 1409 659 Saurea,
1428 576 1473 644 dc
1497 577 1732 645 lncamatione

403 679 530 771 disput.
547 689 585 748 31
605 684 685 744 sect.
708 685 817 770 3seq.
844 685 981 751 Sanctio
995 684 1045 750 uti
1063 686 1136 747 erat
1150 685 1343 772 repentina,
1364 684 1412 750 ita
1429 703 1567 774 quoque
1583 683 1734 770 perfecta

401 801 433 855 et
445 782 664 855 ministrabat
678 785 742 868 er's;
757 791 871 855 statim
886 791 1003 880 itaque
1023 786 1146 855 mulier
1171 791 1313 858 robusta·
1323 789 1443 857 effecta
1462 796 1526 871 est,
1550 809 1613 854 nec
1633 792 1734 857 vcsti-

401 898 498 982 gium
512 891 622 957 morbi
635 896 811 976 remansit,
826 917 905 961 cum
918 896 955 961 in
969 898 1010 963 iis
1022 893 1080 984 qui
1098 886 1241 964 naturae
1252 898 1287 963 vi
1302 900 1336 961 ct
1349 917 1414 982 ope
1429 896 1641 964 medicorum
1653 895 1734 962 sub·

401 1001 557 1066 levantur
572 1019 593 1063 a
608 999 780 1081 febribus,
803 1001 970 1090 paulatim
986 1002 1091 1068 soleat
1110 1001 1222 1070 redire
1241 1000 1393 1091 corporis
1407 1003 1505 1088 vigor
1520 1002 1653 1092 (lana).
1672 1007 1733 1069 at-
1790 1092 1793 1096 Δ

400 1126 467 1194 que
489 1104 614 1170 mulier
632 1114 766 1193 gratam
791 1128 825 1173 se
849 1110 1018 1196 praestitit
1041 1105 1189 1191 medico,
1214 1110 1337 1176 docens
1356 1107 1446 1173 vires
1468 1116 1502 1175 ct
1523 1094 1605 1200 opes
1628 1131 1647 1175 a
1667 1113 1733 1176 Deo

400 1231 574 1278 concessas
595 1220 629 1279 et
649 1215 817 1280 restitutas
835 1212 879 1280 ad
899 1214 971 1282 eius
994 1234 1130 1304 quoque
1151 1217 1328 1282 servitium
1347 1235 1417 1280 esse
1440 1214 1655 1284 adhibendas
1670 1215 1729 1305 (cf.

398 1317 538 1406 Solm.);
557 1321 601 1386 cf.
614 1321 730 1387 llattb.
748 1323 841 1400 att.

437 1507 531 1568 Notat
544 1506 629 1566 Iane.
646 1525 656 1565 .·
672 1529 687 1560 «
708 1510 742 1565 ut
761 1507 869 1568 omnia
886 1507 1014 1568 Domini
1029 1508 1184 1572 miracula
1203 1509 1235 1570 in
1255 1509 1610 1588 curatione'corporum
1626 1510 1733 1570 consi-

397 1605 513 1665 stentia
535 1604 723 1682 mysterium
737 1603 865 1681 aliquod
886 1604 1003 1665 babent
1022 1613 1055 1667 et
1077 1608 1144 1686 typi
1164 1611 1239 1668 sunt
1257 1606 1474 1685 spiritualium
1490 1607 1547 1668 Dei
1562 1607 1733 1668 beneflcio·
1856 1627 1859 1631 ·

396 1718 469 1762 rum
494 1718 574 1779 quae
602 1701 700 1762 menti
725 1706 939 1779 praestantur,
961 1703 1004 1762 ita
1027 1710 1059 1765 et
1080 1705 1312 1766 miraculorum
1336 1704 1414 1765 ordo
1432 1686 1622 1784 quaudoque
1645 1708 1731 1767 recte

397 1800 552 1877 accipitur
565 1816 628 1859 non
642 1816 750 1859 vacare
763 1801 927 1878 mysterio.
941 1800 1030 1872 Quod
1043 1806 1149 1863 autem
1164 1819 1228 1862 una
1242 1802 1416 1880 eademque
1429 1802 1481 1863 die
1495 1802 1585 1880 prius
1600 1802 1737 1880 quidem.

396 1897 502 1957 virum
518 1902 619 1968 curat,
642 1901 752 1975 postea
767 1915 841 1957 vero
860 1898 1046 1972 mulierem,
1071 1900 1227 1978 significat
1249 1898 1427 1961 secundum
1443 1899 1649 1959 Ambrosium
1666 1901 1731 1961 Do·

396 1995 520 2055 minum
543 1995 709 2055 advenisse
725 1995 764 2054 ad
784 1997 962 2057 curandum
983 2000 1154 2074 utrumque
1174 2014 1297 2059 sexum.
1315 1997 1406 2069 Quod
1425 2000 1533 2057 tamen
1552 1998 1732 2058 secundum

396 2092 533 2154 eundem
549 2097 582 2152 et
596 2093 690 2153 aliter
706 2076 806 2171 accipi
821 2097 943 2173 potest,
959 2094 1110 2155 videlicet
1125 2098 1160 2155 ut
1173 2112 1232 2173 per
1244 2096 1349 2156 virum
1365 2113 1383 2154 a
1400 2094 1570 2155 daemonio
1581 2099 1730 2156 vexatum

394 2189 522 2250 animus
538 2189 681 2250 bominis
700 2190 827 2251 diabolo
849 2208 908 2270 per
924 2195 1090 2270 peccatum
1111 2193 1276 2254 subiectus
1298 2197 1330 2253 et
1344 2192 1504 2253 erroribus
1521 2192 1617 2253 variis
1638 2193 1677 2254 ab
1693 2190 1739 2254 eo'

396 2286 545 2348 detentus
564 2288 747 2367 accipiatur,
765 2305 822 2367 per
835 2289 1007 2349 mulierem
1021 2295 1126 2350 autern
1147 2290 1377 2350 febricitantem
1399 2307 1471 2351 caro
1486 2291 1580 2350 variis
1594 2290 1732 2351 obnoxia

394 2386 672 2465 concupiscentiae
688 2386 829 2446 aestibus
846 2410 873 2445 ».
889 2387 936 2447 ab
953 2392 1088 2465 utraque
1107 2386 1165 2448 bac
1181 2393 1270 2466 peste
1286 2387 1432 2448 Servator
1445 2406 1504 2449 nos
1519 2388 1643 2449 liberat.
1659 2377 1733 2449 Dia-

394 2483 459 2543 boli
482 2489 672 2562 potestatem
693 2483 787 2562 fregit
808 2501 845 2544 ac
866 2484 944 2545 vicit
964 2501 1031 2544 non
1053 2490 1198 2564 rogatus3
1221 2491 1256 2546 ut
1279 2486 1382 2546 carnis
1403 2486 1679 2565 concupiscentias
1698 2491 1731 2548 et

394 2581 544 2643 vitiorum
561 2583 683 2643 calores
698 2586 798 2655 sanet,
816 2582 937 2642 enixea
951 2582 1044 2643 nobis
1058 2583 1219 2661 rogandus
1232 2589 1290 2644 est.
1308 2584 1404 2644 Malae
1418 2589 1524 2651 autem
1537 2583 1731 2662 cupiditates

394 2679 533 2741 maxime
549 2685 737 2741 coercentur
755 2682 873 2740 attactu
889 2680 1123 2741 sacratissimae
1141 2682 1245 2741 carnis
1262 2681 1332 2742 eius
1347 2699 1436 2742 sacra
1451 2680 1647 2742 Eucharistia
1661 2698 1729 2759 per·

394 2782 494 2855 cepta,
510 2794 574 2855 quo
590 2777 693 2838 fomes
707 2777 828 2855 peccati
844 2777 945 2856 magis
955 2779 986 2838 in
1003 2778 1070 2838 dies
1085 2778 1209 2858 ligatur.
1223 2778 1285 2840 Sed
1299 2779 1326 2839 si
1338 2778 1453 2839 Christi
1467 2778 1625 2840 beneficio
1639 2796 1731 2839 sana·

394 2875 517 2935 tionem
530 2875 749 2954 acceperimus
764 2875 814 2935 vel
830 2892 925 2952 opem
941 2876 1011 2936 eius
1026 2877 1148 2954 experti
1163 2876 1334 2949 fuerimus,
1350 2884 1457 2954 gratos
1473 2893 1531 2937 nos
1549 2893 1617 2937 esse
1634 2893 1729 2955 opor·

393 2976 454 3045 tet;
470 2990 600 3052 surgere
616 2990 745 3033 necesse
766 2973 865 3033 estad
881 2990 976 3052 opera
989 2973 1142 3035 virtutum
1158 2974 1242 3035 etad
1258 2973 1437 3034 ministeria
1452 2974 1577 3035 Christo
1594 2973 1729 3053 eiusque

394 3070 548 3131 membris
564 3070 751 3131 exbibenda.
1218 3069 1223 3078 ’

437 3240 573 3307 Sanctio
594 3238 808 3305 daemoniaci
827 3238 864 3304 in
881 3259 1058 3325 synagoga
1077 3239 1167 3304 facta
1188 3243 1269 3304 nota
1289 3244 1362 3305 erat
1377 3261 1441 3330 per
1456 3239 1594 3320 urbem;
1612 3259 1731 3305 rumor

394 3346 436 3413 de
449 3330 759 3412 sanatione'socms
779 3345 886 3425 Petri,
903 3345 953 3410 uti
972 3344 1008 3410 tit
1027 3343 1070 3410 de
1093 3366 1130 3411 re
1150 3344 1377 3411 admiratione
1394 3345 1514 3436 plena,
1534 3345 1637 3412 etiam
1660 3345 1732 3411 cito·

267 3529 275 3541 .
393 3453 634 3544 spargebatur.
654 3456 737 3518 Cum
747 3451 863 3540 itaque
879 3456 986 3517 lesum
1003 3450 1089 3517 adeo
1107 3458 1141 3517 et
1153 3458 1326 3540 potentem
1343 3458 1376 3518 et
1388 3450 1578 3538 benignum
1595 3452 1726 3517 miseri·

392 3560 602 3650 cordemque
613 3564 874 3646 cognoscerent,
887 3557 1031 3623 sabbato
1047 3563 1215 3624 transacto
1234 3564 1390 3646 aegrotos
1408 3559 1519 3624 omnis
1531 3556 1667 3644 generis
1680 3557 1726 3624 ad

392 3666 563 3733 medicum
578 3664 815 3754 asportabant;
836 3685 868 3730 v.
890 3670 933 3729 32
948 3684 1083 3753 vespere
1098 3675 1214 3730 autem
1230 3664 1343 3751 sacto,
1364 3686 1442 3730 cum
1463 3662 1639 3731 occidisset
1657 3664 1725 3748 sol,

391 3773 584 3862 asserebant
595 3769 644 3837 ad
652 3793 729 3838 eum
743 3791 858 3836 omnes
872 3770 963 3835 male
975 3767 1135 3836 babentes
1149 3781 1182 3836 et
1194 3769 1375 3837 daemonio
1390 3768 1572 3853 babentec;
1593 3792 1654 3836 cur
1668 3793 1728 3837 ex-

392 3879 577 3970 spectarint
597 3879 660 3945 hoc
674 3884 823 3967 tempus,
845 3874 989 3943 sabbato
1009 3875 1171 3966 explicari
1191 3884 1282 3943 recte
1297 3883 1435 3944 censent
1450 3877 1553 3965 (Vici.
1577 3875 1722 3966 Theopli.

392 3989 482 4054 fons.
498 3985 605 4053 Malu.
616 3986 709 4073 etc.);
729 3983 870 4049 sabbato
887 3984 996 4062 enim,
1012 3983 1061 4049 uti
1073 3986 1162 4049 loan.
1179 3990 1260 4064 5,10
1270 3991 1379 4074 patet,
1393 4005 1432 4049 ex
1448 3983 1534 4070 legis
1548 3982 1725 4050 doctorum

391 4096 517 4185 placito
533 4115 601 4159 non
617 4091 714 4158 licuit
727 4111 848 4177 aegros
862 4094 1034 4178 asportare
1048 4089 1167 4178 (Coi),
1185 4111 1307 4180 eosque
1323 4091 1427 4157 linem
1439 4090 1578 4157 sabbati
1588 4112 1727 4179 exspec-

392 4207 478 4268 tasse
498 4202 705 4288 initinmque
733 4195 801 4262 diei
823 4197 996 4285 sequentis
1020 4195 1191 4262 indicatur
1209 4198 1283 4287 ipsa
1309 4198 1505 4263 narratione
1528 4218 1567 4262 eo
1589 4218 1733 4286 quoque,

392 4307 485 4398 quod
498 4306 627 4375 notioni
642 4305 720 4372 satis
734 4302 1018 4370 indeterminatae
1029 4303 1264 4393 vesperesacto
1274 4303 1413 4369 additur
1430 4324 1438 4370 ε
1455 4324 1533 4369 cum
1550 4302 1725 4370 occidisset

390 4415 456 4492 sol;
469 4414 548 4480 solis
562 4415 654 4480 enim
665 4432 782 4478 occasu
798 4430 892 4475 more
904 4410 1134 4476 Hebraeorum
1150 4409 1221 4475 dies
1235 4410 1339 4476 festus
1351 4410 1480 4477 [initur.
1498 4410 1631 4477 Scribas
1643 4432 1724 4476 vero

392 4521 493 4589 arctis
507 4517 831 4610 praescriptionibus
850 4514 919 4581 diei
938 4515 1072 4583 sabbati
1091 4537 1222 4583 sacram
1238 4517 1387 4606 quietem
1402 4517 1678 4584 circumvallasse
1692 4522 1724 4583 et

392 4626 562 4695 mandatis
581 4626 667 4713 legis
686 4627 757 4714 (Ex.
775 4630 896 4705 20,10;
924 4629 1107 4704 31,1t-1r;
1125 4629 1217 4705 353.
1241 4631 1272 4690 3.
1296 4628 1393 4690 Num.
1415 4621 1608 4711 15,32-seq.'
1627 4628 1722 4690 licut.

390 4734 542 4822 tta-tt)
558 4755 620 4799 sua
634 4731 856 4822 explicatione
871 4730 967 4796 varia
982 4728 1167 4810 addidisse,
1184 4752 1224 4796 ex
1243 4732 1427 4818 evangeliis
1443 4731 1524 4797 satis
1538 4731 1649 4797 elucet
1666 4731 1726 4819 (cf.'

391 4842 505 4910 batth.
531 4846 621 4922 rai.
641 4845 693 4905 10.
715 4843 791 4904 tue.
814 4843 884 4920 o,c.
904 4840 995 4902 toan.
1014 4843 1091 4915 art
1110 4835 1203 4924 etc.),
1222 4836 1361 4928 insuper
1379 4830 1456 4904 cum
1473 4842 1535 4904 ιω.
1554 4844 1652 4920 irai
1673 4837 1724 4904 te-
