3960 5654
966 354 1059 399 uiae.
1083 338 1132 411 13,
1156 340 1221 400 3-6.
1695 346 1753 406 339

432 483 456 515 ’“’
471 495 536 560 Hac
566 488 687 559 Christi
714 511 795 556 voce
821 490 1013 557 excitantur
1039 487 1198 580 discipuli
1225 488 1268 555 ad
1296 488 1540 579 inquirendum
1566 493 1754 562 accuratius

426 620 458 666 v.
483 606 502 666 3
524 612 654 666 etcum
676 596 805 664 sederet
828 596 864 660 in
889 606 1002 660 monte
1031 595 1200 662 olivarum
1220 591 1261 668 εἰς
1279 592 1315 656 τὸ
1334 594 1400 684 ὄρος
1416 595 1476 686 (ita
1500 599 1571 664 scil.
1603 608 1637 666 ut
1660 602 1752 668 notio

425 710 535 772 motus
553 701 763 784 includatur,
782 706 883 791 prout
900 695 943 774 εἰς
961 703 1096 792 saepius
1120 701 1279 787 iungitur
1292 725 1370 769 cum
1386 703 1500 770 verbis
1527 710 1651 785 στῆναι,
1680 705 1752 770 καθ-

424 801 511 892 ίζειν,
531 800 623 890 εἶναι,
640 805 776 898 γίνεσθαι
795 811 859 873 etc.
883 808 926 874 cf.
968 807 1084 875 Winer
1104 810 1121 893 ἓ
1145 815 1243 889 50‚t,
1271 811 1457 875 Buttmann
1475 833 1509 899 p.
1535 813 1612 899 286)
1637 827 1753 881 contra

424 917 605 1004 templum,
633 939 651 982 e
683 917 823 1002 regione
855 915 990 1005 templi,
1020 912 1279 1003 interroqnbant
1311 937 1389 982 enm
1420 919 1605 1006 separatim
1637 923 1753 987 Petrus

424 1036 456 1091 et
474 1021 615 1089 lacobus
633 1036 665 1090 et
683 1025 827 1089 loannes
847 1033 881 1087 et
904 1020 1077 1101 Andreas,
1099 1027 1258 1088 accurate
1280 1027 1406 1089 llarcus
1428 1023 1532 1090 reiert
1557 1047 1613 1091 eos
1630 1026 1752 1095 sedisse

421 1131 469 1196 ita
493 1134 530 1194 ut
549 1123 618 1196 non
634 1132 771 1219 possent
796 1128 963 1218 templum
995 1148 1065 1193 non
1090 1127 1208 1193 videre
1235 1134 1268 1194 et
1290 1128 1351 1218 qui
1373 1129 1581 1220 quaesierint
1596 1132 1668 1198 scil.
1685 1140 1752 1200 tres

423 1234 473 1301 illi
489 1237 548 1325 qui
567 1236 707 1303 Domino
732 1255 815 1322 prae
834 1233 911 1301 aliis
934 1239 1033 1300 eraut
1050 1233 1239 1301 familiares
1264 1234 1371 1324 (3,16.
1404 1243 1461 1314 17;
1495 1244 1590 1317 5,3“1;
1621 1241 1691 1327 9,ί)
1719 1247 1753 1306 et

422 1363 500 1409 cum
522 1342 732 1429 adiungatur
757 1339 923 1422 Andreas,
946 1339 1052 1406 irater
1073 1339 1180 1423 Petri,
1210 1362 1382 1408 nonnemo
1404 1344 1565 1432 opinatur
1583 1345 1751 1413 andream

421 1448 523 1516 fuisse
550 1469 658 1515 unum
680 1446 780 1513 illum
804 1468 844 1513 ex
866 1445 1042 1536 discipulis
1065 1446 1125 1536 qui
1153 1446 1296 1513 Domino
1316 1447 1439 1515 dixerit
1467 1472 1475 1516 :
1501 1451 1611 1539 aspice
1638 1454 1752 1541 quales

421 1553 551 1645 lapides
564 1556 611 1643 (v.
632 1547 648 1620 1
659 1577 667 1635 ;
692 1553 790 1642 Fil.);
808 1575 841 1620 v.
872 1560 891 1620 t
911 1550 966 1618 dic
980 1551 1077 1618 nobis
1094 1551 1232 1642 quando
1251 1552 1316 1620 ista
1329 1557 1437 1642 fient?
1459 1568 1492 1622 et
1512 1557 1605 1647 qnod
1619 1560 1751 1647 siqnnm

421 1661 484 1728 erit
496 1660 632 1751 quando
646 1661 729 1727 ltaec
747 1659 863 1726 omneis
881 1658 1047 1751 incipient
1065 1661 1300 1727 consummari
1301 1681 1317 1746 ,·
1335 1660 1403 1728 duo
1422 1663 1671 1752 exprimuntur;
1689 1667 1751 1732 csta

421 1769 616 1835 referuntur
628 1766 671 1833 ad
691 1789 732 1834 ea
751 1787 839 1855 quae
858 1765 901 1832 de
917 1765 1046 1854 templo
1069 1764 1277 1849 dictasunt,
1299 1773 1402 1830 ταῦτα
1425 1767 1631 1831 συντελεῖσθαι
1654 1767 1751 1834 πείνη

421 1875 464 1942 ad
483 1874 586 1940 finem
615 1894 730 1940 rerum
756 1878 789 1939 et
812 1872 1141 1939 consummationem
1177 1872 1321 1954 sacculi,
1349 1874 1385 1941 id
1411 1874 1505 1964 quod
1531 1877 1603 1942 scil.
1638 1880 1748 1946 llatth.

420 1989 498 2062 tt&
513 1981 660 2048 habetur
676 2003 684 2048 :
699 1987 732 2047 et
749 1977 841 2069 quod
855 1979 992 2066 signum
1004 1978 1174 2045 adventus
1188 1979 1236 2045 tui
1251 1984 1285 2046 et
1296 1983 1597 2049 consummationis
1608 1985 1751 2051 saeculi&>

420 2088 588 2155 Putabant
614 2087 704 2153 enim
728 2085 887 2177 discipuli
915 2084 1181 2152 destructionem
1209 2086 1349 2177 templi,
1373 2088 1519 2154 alterum
1548 2090 1669 2156 Christi
1695 2091 1751 2158 ad-

417 2199 607 2261 ventumst
630 2215 745 2260 rerum
768 2187 922 2259 omnium
944 2192 1272 2259 consummationem
1293 2215 1362 2260 uno
1380 2194 1451 2260 iere
1471 2194 1657 2285 eodemque
1672 2205 1751 2264 tem·

419 2323 501 2392 pore
521 2303 604 2367 fore.
627 2299 815 2367 Audierant
832 2299 922 2366 enim
937 2302 1046 2366 lesum
1069 2298 1238 2365 dicentem
1261 2320 1269 2368 :
1295 2299 1398 2367 Filius
1416 2301 1565 2368 hominis
1590 2310 1751 2370 venturus

419 2407 528 2474 estin
555 2407 665 2494 gloria
692 2407 800 2474 Patris
824 2408 876 2473 sui
907 2427 986 2472 cum
1013 2405 1146 2492 angelis
1171 2407 1240 2473 suis
1265 2412 1300 2473 et
1325 2414 1406 2473 tunc
1426 2407 1547 2474 reddet
1568 2410 1748 2498 unicuique

418 2511 1125 2604 sccundumoperaeius(liatth.16‚27),
1147 2513 1279 2602 pariter
1301 2512 1484 2581 audierant
1511 2537 1587 2581 eum
1612 2515 1749 2605 loquen-

417 2627 485 2688 tem
511 2620 553 2687 de
582 2622 858 2708 regeneratione,
883 2641 961 2686 cum
994 2618 1120 2685 sederit
1149 2618 1290 2686 insede
1321 2619 1508 2687 maiestatis
1537 2643 1617 2688 suae
1647 2622 1682 2709 (l.
1717 2645 1745 2688 c.

420 2734 537 2810 19,28;
559 2728 623 2818 Syl
646 2730 683 2816 .).
706 2730 858 2817 insuper,
885 2733 921 2793 ut
939 2728 1031 2792 lans.
1057 2724 1221 2807 advertit,
1244 2725 1281 2792 id
1305 2749 1345 2792 ex
1360 2726 1563 2816 quibusdam
1580 2729 1749 2817 parabolis

417 2834 592 2925 concipere
616 2840 788 2923 poterant,
815 2838 853 2899 ut
876 2855 915 2900 ea
940 2855 1009 2922 qua
1034 2831 1163 2898 dicitur
1188 2832 1293 2898 homo
1318 2833 1443 2900 nobilis
1473 2840 1610 2923 accepto
1643 2857 1748 2921 regno

417 2964 571 3008 reversus
594 2940 780 3030 perdidisse
800 2939 956 3006 inimicos
976 2961 1053 3005 suos
1073 2937 1132 3027 qui
1148 2939 1336 3005 noluissent
1355 2939 1468 3029 ipsum
1483 2962 1627 3026 regnare
1649 2964 1748 3030 super

416 3051 693 3139 se(Luc.19‚1t0
721 3048 796 3137 27);
823 3067 960 3113 rursum
982 3067 1051 3135 qua
1076 3042 1160 3111 dicit
1181 3066 1299 3131 regem
1326 3045 1434 3112 missis
1457 3047 1662 3113 exercitibus
1681 3049 1749 3113 suis

416 3155 600 3246 perdidisse
625 3153 814 3221 homicidas
837 3152 1078 3241 civitatemque
1103 3172 1221 3218 eorum
1250 3152 1462 3218 succendisse
1485 3175 1524 3219 ac
1541 3161 1613 3219 tum
1628 3153 1671 3219 ad
1692 3176 1749 3242 pa-

416 3272 507 3335 ratas
533 3263 594 3330 filii
618 3263 754 3353 nuptias
778 3260 861 3327 alios
885 3259 1050 3348 recepisse
1071 3257 1200 3344 (batth.
1223 3264 1304 3339 ΞΜ
1319 3258 1421 3348 seq.l.
1452 3263 1496 3324 Ex
1523 3259 1611 3326 hisce
1634 3261 1748 3348 itaque

416 3382 449 3442 et
474 3371 640 3440 similibus
665 3367 764 3436 iacile
790 3366 864 3434 fieri
892 3366 1020 3456 potuit,
1056 3371 1094 3430 ut
1126 3363 1285 3454 discipuli
1320 3364 1486 3431 iudicium
1515 3366 1549 3432 in
1584 3365 1746 3455 populum

416 3486 602 3571 apostatam
626 3484 660 3544 et
678 3475 862 3563 gloriosam
877 3473 977 3560 regni
1001 3470 1161 3538 messiani
1181 3470 1429 3538 institutionem
1446 3470 1615 3561 finemque
1634 3495 1746 3539 reruni

415 3587 516 3655 simul
528 3609 597 3655 csse
609 3587 773 3652 eventura
786 3580 851 3648 sibi
864 3577 1120 3671 persuaderent.

460 3700 580 3762 Verum
599 3697 782 3780 antequam
803 3687 952 3754 Christus
970 3684 1014 3752 ad
1035 3685 1104 3751 duo
1123 3685 1210 3752 haec
1227 3683 1431 3774 respondeat
1454 3686 1496 3769 (v.
1526 3692 1577 3752 tt.
1600 3691 1638 3751 21
1659 3691 1745 3775 seq.)

415 3802 451 3868 id
470 3805 585 3869 monet
605 3797 697 3888 quod
717 3818 780 3887 pro
799 3794 893 3861 omni
917 3799 1070 3882 tempore
1103 3792 1229 3857 summi
1257 3797 1306 3857 est
1331 3790 1496 3857 momenti
1519 3799 1552 3856 et
1574 3790 1747 3881 discipulis

416 3908 513 3976 brevi
532 3904 735 3996 compendio
760 3901 920 3992 proponit
948 3920 1036 3989 quae
1061 3898 1178 3964 futura
1206 3897 1249 3964 sit
1272 3919 1413 3964 suorum
1439 3918 1512 3963 sors
1539 3897 1744 3986 usquedum

418 4014 670 4106 appropinquet
696 4007 942 4076 consummatio
972 4005 1098 4072 saeculi
1125 4026 1159 4070 v.
1191 4012 1210 4071 5
1235 4016 1268 4070 et
1292 4002 1497 4093 respondens
1523 4006 1612 4069 Iesus
1640 4005 1746 4094 coepit

415 4121 523 4189 dicere
547 4120 644 4186 illis:
668 4116 776 4183 videte
801 4137 844 4182 ne
870 4113 946 4205 quis
966 4135 1022 4179 vos
1043 4110 1204 4194 seducnt;
1219 4134 1250 4176 v.
1278 4117 1297 4177 o
1321 4110 1424 4177 multi
1449 4109 1539 4177 enim
1559 4111 1688 4176 venient
1710 4112 1746 4177 in

417 4229 553 4295 nominc
573 4249 646 4292 mco
665 4222 724 4301 ἐπὶ,
750 4224 773 4289 i.
796 4245 826 4288 e.
855 4242 979 4288 nomen
1001 4240 1115 4285 meum
1141 4215 1374 4307 usurpabunt,
1396 4216 1462 4282 sibi
1488 4238 1612 4282 nomen
1633 4239 1743 4284 mcum

418 4334 637 4402 vindicabunt
663 4329 810 4397 dicentes
828 4329 909 4418 quin
937 4349 995 4418 eqo
1017 4347 1112 4406 sum,
1127 4325 1200 4392 scil.
1223 4323 1391 4403 ChristuS‚
1417 4321 1446 4387 is
1470 4323 1528 4411 qui
1549 4322 1689 4388 salutem
1714 4333 1746 4390 ct

416 4441 560 4529 gloriam
589 4441 631 4505 sit
656 4438 821 4504 allaturus
848 4442 881 4501 et
906 4422 1105 4525 populdme
1125 4431 1286 4497 servitute
1306 4436 1340 4496 et
1360 4430 1499 4495 miseria
1523 4428 1742 4505 liberaturus;

418 4548 511 4640 quod
541 4552 628 4614 lesus
655 4545 767 4634 primo
798 4546 831 4608 et
853 4564 915 4631 per
939 4563 974 4608 se
1001 4538 1173 4630 praedicit
1202 4536 1244 4604 de
1267 4535 1335 4603 illis
1364 4537 1423 4625 qui
1451 4536 1588 4602 nomine
1614 4539 1745 4603 llessiae

419 4657 560 4722 miserae
585 4653 789 4720 ludaeorum
820 4648 914 4738 plebi
942 4646 1168 4737 imponebant
1192 4644 1238 4733 (et
1266 4641 1433 4710 eiusmodi
1464 4643 1625 4708 exstitisse
1655 4643 1744 4732 apud

416 4762 558 4831 ludaeos
573 4760 692 4848 viginti
712 4765 780 4825 tres
794 4755 848 4822 vel
865 4755 987 4841 viginti
1006 4774 1128 4821 novem
1148 4751 1207 4818 alii
1227 4750 1385 4833 tradunt;
1404 4749 1447 4816 ci.
1466 4753 1556 4817 Patr.
1580 4754 1742 4817 Lcnrmni.
