<?xml version="1.0" encoding="UTF-8"?>
<!DOCTYPE html PUBLIC "-//W3C//DTD XHTML 1.0 Transitional//EN"
    "http://www.w3.org/TR/xhtml1/DTD/xhtml1-transitional.dtd">
<html xmlns="http://www.w3.org/1999/xhtml" xml:lang="en" lang="en">
 <head>
  <title>
</title>
<meta http-equiv="Content-Type" content="text/html;charset=utf-8" />
  <meta name='ocr-system' content='tesseract 3.04.00' />
  <meta name='ocr-capabilities' content='ocr_page ocr_carea ocr_par ocr_line ocrx_word'/>
</head>
<body>
  <div class='ocr_page' id='page_1' title='image "./commentariusinq01knabgoog_0309.png"; bbox 0 0 3960 5654; ppageno 0'>
   <div class='ocr_carea' id='block_1_1' title="bbox 164 465 960 537">
    <p class='ocr_par' dir='ltr' id='par_1_1' title="bbox 164 465 960 537">
     <span class='ocr_line' id='line_1_1' title="bbox 164 465 960 537; baseline -0.004 -11"><span class='ocrx_word' id='word_1_1' title='bbox 164 468 223 527; x_wconf 71' lang='lat'><strong>294</strong></span> <span class='ocrx_word' id='word_1_2' title='bbox 694 485 784 529; x_wconf 73' lang='lat' dir='ltr'><strong>usuc.</strong></span> <span class='ocrx_word' id='word_1_3' title='bbox 808 469 855 537; x_wconf 88' lang='lat' dir='ltr'><strong>ll,</strong></span> <span class='ocrx_word' id='word_1_4' title='bbox 879 465 960 525; x_wconf 81' lang='lat'>9-10.</span> 
     </span>
    </p>
   </div>
   <div class='ocr_carea' id='block_1_2' title="bbox 36 607 1528 4321">
    <p class='ocr_par' dir='ltr' id='par_1_2' title="bbox 36 607 1528 4321">
     <span class='ocr_line' id='line_1_2' title="bbox 165 607 1494 704; baseline 0 -22"><span class='ocrx_word' id='word_1_5' title='bbox 165 617 198 684; x_wconf 91' lang='lat' dir='ltr'><strong>in</strong></span> <span class='ocrx_word' id='word_1_6' title='bbox 225 619 260 682; x_wconf 93' lang='lat' dir='ltr'><strong>it.</strong></span> <span class='ocrx_word' id='word_1_7' title='bbox 287 607 433 682; x_wconf 88' lang='lat' dir='ltr'><strong>habetur</strong></span> <span class='ocrx_word' id='word_1_8' title='bbox 454 635 542 702; x_wconf 91' lang='lat' dir='ltr'><strong>quae</strong></span> <span class='ocrx_word' id='word_1_9' title='bbox 565 619 796 704; x_wconf 85' lang='lat' dir='ltr'><strong>pronuntiatio</strong></span> <span class='ocrx_word' id='word_1_10' title='bbox 821 614 864 680; x_wconf 90' lang='lat' dir='ltr'><strong>ad</strong></span> <span class='ocrx_word' id='word_1_11' title='bbox 895 615 1038 685; x_wconf 86' lang='lat' dir='ltr'><strong>formam</strong></span> <span class='ocrx_word' id='word_1_12' title='bbox 1065 617 1212 684; x_wconf 85' lang='lat' dir='ltr'><strong>refertur</strong></span> <span class='ocrx_word' id='word_1_13' title='bbox 1235 614 1440 684; x_wconf 88' lang='lat' dir='ltr'><strong>aramaicam</strong></span> <span class='ocrx_word' id='word_1_14' title='bbox 1461 622 1494 682; x_wconf 90' lang='lat' dir='ltr'><strong>et</strong></span> 
     </span>
     <span class='ocr_line' id='line_1_3' title="bbox 163 719 1494 815; baseline 0.004 -24"><span class='ocrx_word' id='word_1_15' title='bbox 163 732 253 791; x_wconf 90' lang='lat' dir='ltr'><strong>certe</strong></span> <span class='ocrx_word' id='word_1_16' title='bbox 273 721 422 808; x_wconf 89' lang='lat' dir='ltr'><strong>genuina</strong></span> <span class='ocrx_word' id='word_1_17' title='bbox 437 726 502 799; x_wconf 91' lang='lat' dir='ltr'><strong>est,</strong></span> <span class='ocrx_word' id='word_1_18' title='bbox 525 724 606 811; x_wconf 90' lang='lat' dir='ltr'><strong>quia</strong></span> <span class='ocrx_word' id='word_1_19' title='bbox 628 731 780 815; x_wconf 90' lang='lat' dir='ltr'><strong>tempore</strong></span> <span class='ocrx_word' id='word_1_20' title='bbox 801 721 921 789; x_wconf 81' lang='lat' dir='ltr'><strong>Christi</strong></span> <span class='ocrx_word' id='word_1_21' title='bbox 937 746 999 812; x_wconf 88' lang='lat' dir='ltr'><strong>pro</strong></span> <span class='ocrx_word' id='word_1_22' title='bbox 1022 725 1117 792; x_wconf 84' lang='lat' dir='ltr'>hebr.</span> <span class='ocrx_word' id='word_1_23' title='bbox 1137 749 1173 793; x_wconf 72' lang='lat' dir='ltr'><strong>na</strong></span> <span class='ocrx_word' id='word_1_24' title='bbox 1188 748 1308 798; x_wconf 61' lang='lat' dir='ltr'><strong>aarum</strong></span> <span class='ocrx_word' id='word_1_25' title='bbox 1325 719 1417 811; x_wconf 74' lang='lat' dir='ltr'><strong>apud</strong></span> <span class='ocrx_word' id='word_1_26' title='bbox 1431 743 1494 809; x_wconf 79' lang='lat' dir='ltr'><strong>po·</strong></span> 
     </span>
     <span class='ocr_line' id='line_1_4' title="bbox 117 825 1494 921; baseline -0.001 -26"><span class='ocrx_word' id='word_1_27' title='bbox 117 863 119 866; x_wconf 53' lang='lat'>&gt;</span> <span class='ocrx_word' id='word_1_28' title='bbox 163 830 282 921; x_wconf 90' lang='lat' dir='ltr'><strong>pulum</strong></span> <span class='ocrx_word' id='word_1_29' title='bbox 305 825 424 891; x_wconf 91' lang='lat' dir='ltr'><strong>modus</strong></span> <span class='ocrx_word' id='word_1_30' title='bbox 438 831 629 898; x_wconf 88' lang='lat' dir='ltr'><strong>aramaicus</strong></span> <span class='ocrx_word' id='word_1_31' title='bbox 647 826 924 907; x_wconf 79' lang='lat' dir='ltr'><strong>substituebatur,</strong></span> <span class='ocrx_word' id='word_1_32' title='bbox 944 831 1035 918; x_wconf 94' lang='lat' dir='ltr'><strong>quod</strong></span> <span class='ocrx_word' id='word_1_33' title='bbox 1058 829 1147 896; x_wconf 85' lang='lat' dir='ltr'><strong>idem</strong></span> <span class='ocrx_word' id='word_1_34' title='bbox 1170 830 1321 896; x_wconf 90' lang='lat' dir='ltr'><strong>cernitur</strong></span> <span class='ocrx_word' id='word_1_35' title='bbox 1336 831 1371 895; x_wconf 88' lang='lat' dir='ltr'><strong>in</strong></span> <span class='ocrx_word' id='word_1_36' title='bbox 1383 826 1494 893; x_wconf 90' lang='lat' dir='ltr'><strong>verbis</strong></span> 
     </span>
     <span class='ocr_line' id='line_1_5' title="bbox 163 933 1494 1025; baseline -0.002 -23"><span class='ocrx_word' id='word_1_37' title='bbox 163 936 288 1002; x_wconf 90' lang='lat' dir='ltr'><strong>lamma</strong></span> <span class='ocrx_word' id='word_1_38' title='bbox 300 933 501 1001; x_wconf 81' lang='lat' dir='ltr'><strong>sabacthani</strong></span> <span class='ocrx_word' id='word_1_39' title='bbox 522 936 663 1025; x_wconf 81' lang='lat' dir='ltr'><strong>(15‚3t).</strong></span> <span class='ocrx_word' id='word_1_40' title='bbox 682 938 776 1004; x_wconf 91' lang='lat' dir='ltr'><strong>Notio</strong></span> <span class='ocrx_word' id='word_1_41' title='bbox 793 943 841 1000; x_wconf 89' lang='lat' dir='ltr'><strong>est</strong></span> <span class='ocrx_word' id='word_1_42' title='bbox 858 957 866 999; x_wconf 91' lang='lat'>:</span> <span class='ocrx_word' id='word_1_43' title='bbox 885 935 1015 1003; x_wconf 89' lang='lat' dir='ltr'><strong>salvum</strong></span> <span class='ocrx_word' id='word_1_44' title='bbox 1035 939 1107 1016; x_wconf 85' lang='lat' dir='ltr'><strong>sac,</strong></span> <span class='ocrx_word' id='word_1_45' title='bbox 1126 939 1267 1025; x_wconf 80' lang='lat' dir='ltr'><strong>quaeso!</strong></span> <span class='ocrx_word' id='word_1_46' title='bbox 1290 958 1373 1023; x_wconf 90' lang='lat' dir='ltr'><strong>ergo</strong></span> <span class='ocrx_word' id='word_1_47' title='bbox 1386 936 1494 1001; x_wconf 82' lang='lat' dir='ltr'><strong>fausta</strong></span> 
     </span>
     <span class='ocr_line' id='line_1_6' title="bbox 162 1040 1494 1134; baseline -0.001 -28"><span class='ocrx_word' id='word_1_48' title='bbox 162 1040 375 1119; x_wconf 85' lang='lat' dir='ltr'><strong>acclamatio,</strong></span> <span class='ocrx_word' id='word_1_49' title='bbox 403 1063 470 1129; x_wconf 89' lang='lat' dir='ltr'><strong>qua</strong></span> <span class='ocrx_word' id='word_1_50' title='bbox 495 1051 654 1134; x_wconf 85' lang='lat' dir='ltr'><strong>exoptant</strong></span> <span class='ocrx_word' id='word_1_51' title='bbox 674 1052 710 1109; x_wconf 91' lang='lat' dir='ltr'><strong>ut</strong></span> <span class='ocrx_word' id='word_1_52' title='bbox 729 1045 759 1109; x_wconf 91' lang='lat' dir='ltr'><strong>ei</strong></span> <span class='ocrx_word' id='word_1_53' title='bbox 785 1041 839 1107; x_wconf 93' lang='lat' dir='ltr'><strong>cui</strong></span> <span class='ocrx_word' id='word_1_54' title='bbox 858 1041 894 1106; x_wconf 91' lang='lat' dir='ltr'><strong>lit</strong></span> <span class='ocrx_word' id='word_1_55' title='bbox 915 1043 1113 1109; x_wconf 84' lang='lat' dir='ltr'><strong>acclamatio</strong></span> <span class='ocrx_word' id='word_1_56' title='bbox 1134 1040 1224 1109; x_wconf 91' lang='lat' dir='ltr'><strong>salus</strong></span> <span class='ocrx_word' id='word_1_57' title='bbox 1240 1048 1274 1106; x_wconf 90' lang='lat' dir='ltr'><strong>et</strong></span> <span class='ocrx_word' id='word_1_58' title='bbox 1288 1040 1494 1130; x_wconf 87' lang='lat' dir='ltr'><strong>prosperitas</strong></span> 
     </span>
     <span class='ocr_line' id='line_1_7' title="bbox 161 1145 1495 1238; baseline -0.001 -26"><span class='ocrx_word' id='word_1_59' title='bbox 161 1149 264 1212; x_wconf 84' lang='lat' dir='ltr'><strong>abeo</strong></span> <span class='ocrx_word' id='word_1_60' title='bbox 285 1146 450 1234; x_wconf 89' lang='lat' dir='ltr'><strong>obtingat.</strong></span> <span class='ocrx_word' id='word_1_61' title='bbox 473 1150 569 1226; x_wconf 83' lang='lat' dir='ltr'><strong>Quod</strong></span> <span class='ocrx_word' id='word_1_62' title='bbox 592 1151 709 1238; x_wconf 88' lang='lat' dir='ltr'><strong>itaque</strong></span> <span class='ocrx_word' id='word_1_63' title='bbox 730 1151 797 1215; x_wconf 89' lang='lat' dir='ltr'><strong>iam</strong></span> <span class='ocrx_word' id='word_1_64' title='bbox 817 1147 900 1213; x_wconf 93' lang='lat' dir='ltr'><strong>olim</strong></span> <span class='ocrx_word' id='word_1_65' title='bbox 918 1157 1011 1216; x_wconf 88' lang='lat' dir='ltr'><strong>vates</strong></span> <span class='ocrx_word' id='word_1_66' title='bbox 1031 1149 1104 1236; x_wconf 87' lang='lat' dir='ltr'><strong>regi</strong></span> <span class='ocrx_word' id='word_1_67' title='bbox 1120 1148 1252 1215; x_wconf 84' lang='lat' dir='ltr'><strong>llessiae</strong></span> <span class='ocrx_word' id='word_1_68' title='bbox 1268 1145 1495 1215; x_wconf 87' lang='lat' dir='ltr'><strong>laetabundus</strong></span> 
     </span>
     <span class='ocr_line' id='line_1_8' title="bbox 162 1251 1494 1345; baseline 0.001 -28"><span class='ocrx_word' id='word_1_69' title='bbox 162 1251 386 1321; x_wconf 86' lang='lat' dir='ltr'><strong>acclamavit:</strong></span> <span class='ocrx_word' id='word_1_70' title='bbox 410 1278 573 1344; x_wconf 90' lang='lat' dir='ltr'><strong>prospere</strong></span> <span class='ocrx_word' id='word_1_71' title='bbox 596 1256 742 1345; x_wconf 87' lang='lat' dir='ltr'><strong>procede</strong></span> <span class='ocrx_word' id='word_1_72' title='bbox 758 1255 823 1342; x_wconf 83' lang='lat' dir='ltr'><strong>(Ps.</strong></span> <span class='ocrx_word' id='word_1_73' title='bbox 844 1255 955 1343; x_wconf 64' lang='lat' dir='ltr'><strong>aaa),</strong></span> <span class='ocrx_word' id='word_1_74' title='bbox 984 1255 1105 1322; x_wconf 89' lang='lat' dir='ltr'><strong>eodem</strong></span> <span class='ocrx_word' id='word_1_75' title='bbox 1132 1253 1234 1321; x_wconf 91' lang='lat' dir='ltr'><strong>modo</strong></span> <span class='ocrx_word' id='word_1_76' title='bbox 1252 1254 1400 1342; x_wconf 88' lang='lat' dir='ltr'><strong>populus</strong></span> <span class='ocrx_word' id='word_1_77' title='bbox 1416 1275 1494 1320; x_wconf 90' lang='lat' dir='ltr'><strong>eum</strong></span> 
     </span>
     <span class='ocr_line' id='line_1_9' title="bbox 162 1358 1494 1451; baseline 0.002 -29"><span class='ocrx_word' id='word_1_78' title='bbox 162 1358 286 1424; x_wconf 90' lang='lat' dir='ltr'><strong>salutat</strong></span> <span class='ocrx_word' id='word_1_79' title='bbox 308 1367 341 1424; x_wconf 89' lang='lat' dir='ltr'><strong>et</strong></span> <span class='ocrx_word' id='word_1_80' title='bbox 362 1360 513 1427; x_wconf 82' lang='lat' dir='ltr'><strong>celebrat</strong></span> <span class='ocrx_word' id='word_1_81' title='bbox 536 1360 663 1447; x_wconf 88' lang='lat' dir='ltr'><strong>gaudio</strong></span> <span class='ocrx_word' id='word_1_82' title='bbox 688 1362 858 1451; x_wconf 82' lang='lat' dir='ltr'><strong>perfusus,</strong></span> <span class='ocrx_word' id='word_1_83' title='bbox 885 1362 967 1448; x_wconf 89' lang='lat' dir='ltr'><strong>quia</strong></span> <span class='ocrx_word' id='word_1_84' title='bbox 995 1362 1125 1427; x_wconf 83' lang='lat' dir='ltr'><strong>Messias</strong></span> <span class='ocrx_word' id='word_1_85' title='bbox 1154 1359 1271 1426; x_wconf 77' lang='lat' dir='ltr'><strong>festiva</strong></span> <span class='ocrx_word' id='word_1_86' title='bbox 1298 1380 1424 1448; x_wconf 91' lang='lat' dir='ltr'><strong>pompa</strong></span> <span class='ocrx_word' id='word_1_87' title='bbox 1449 1358 1494 1426; x_wconf 88' lang='lat' dir='ltr'><strong>ad</strong></span> 
     </span>
     <span class='ocr_line' id='line_1_10' title="bbox 161 1464 1491 1556; baseline -0.002 -24"><span class='ocrx_word' id='word_1_88' title='bbox 161 1472 312 1533; x_wconf 85' lang='lat' dir='ltr'><strong>sanctam</strong></span> <span class='ocrx_word' id='word_1_89' title='bbox 327 1467 447 1534; x_wconf 92' lang='lat' dir='ltr'><strong>urbem</strong></span> <span class='ocrx_word' id='word_1_90' title='bbox 467 1467 615 1547; x_wconf 73' lang='lat' dir='ltr'><strong>accedit,</strong></span> <span class='ocrx_word' id='word_1_91' title='bbox 640 1468 729 1534; x_wconf 92' lang='lat' dir='ltr'><strong>unde</strong></span> <span class='ocrx_word' id='word_1_92' title='bbox 742 1465 933 1534; x_wconf 83' lang='lat' dir='ltr'><strong>benedictus</strong></span> <span class='ocrx_word' id='word_1_93' title='bbox 953 1468 1014 1556; x_wconf 83' lang='lat' dir='ltr'><strong>qui</strong></span> <span class='ocrx_word' id='word_1_94' title='bbox 1030 1467 1169 1533; x_wconf 79' lang='lat' dir='ltr'><strong>venitin</strong></span> <span class='ocrx_word' id='word_1_95' title='bbox 1185 1465 1320 1533; x_wconf 87' lang='lat' dir='ltr'><strong>nominc</strong></span> <span class='ocrx_word' id='word_1_96' title='bbox 1338 1464 1491 1548; x_wconf 85' lang='lat' dir='ltr'><strong>Domini,</strong></span> 
     </span>
     <span class='ocr_line' id='line_1_11' title="bbox 160 1573 1490 1662; baseline -0.001 -25"><span class='ocrx_word' id='word_1_97' title='bbox 160 1593 239 1637; x_wconf 93' lang='lat' dir='ltr'><strong>cum</strong></span> <span class='ocrx_word' id='word_1_98' title='bbox 253 1575 387 1662; x_wconf 88' lang='lat' dir='ltr'><strong>saepius</strong></span> <span class='ocrx_word' id='word_1_99' title='bbox 407 1573 541 1640; x_wconf 87' lang='lat' dir='ltr'><strong>dicatur</strong></span> <span class='ocrx_word' id='word_1_100' title='bbox 553 1573 756 1641; x_wconf 87' lang='lat' dir='ltr'><strong>benedicere</strong></span> <span class='ocrx_word' id='word_1_101' title='bbox 771 1573 806 1638; x_wconf 95' lang='lat' dir='ltr'><strong>in</strong></span> <span class='ocrx_word' id='word_1_102' title='bbox 823 1573 959 1640; x_wconf 90' lang='lat' dir='ltr'><strong>nomine</strong></span> <span class='ocrx_word' id='word_1_103' title='bbox 979 1573 1111 1639; x_wconf 87' lang='lat' dir='ltr'><strong>Domini</strong></span> <span class='ocrx_word' id='word_1_104' title='bbox 1129 1573 1239 1662; x_wconf 82' lang='lat' dir='ltr'><strong>(Dent.</strong></span> <span class='ocrx_word' id='word_1_105' title='bbox 1258 1577 1349 1651; x_wconf 78' lang='lat'><strong>21,5.</strong></span> <span class='ocrx_word' id='word_1_106' title='bbox 1373 1573 1490 1656; x_wconf 65' lang='lat' dir='ltr'><strong>theg.</strong></span> 
     </span>
     <span class='ocr_line' id='line_1_12' title="bbox 160 1677 1493 1769; baseline -0.002 -24"><span class='ocrx_word' id='word_1_107' title='bbox 160 1680 252 1766; x_wconf 77' lang='lat' dir='ltr'><strong>ala)</strong></span> <span class='ocrx_word' id='word_1_108' title='bbox 268 1678 402 1746; x_wconf 92' lang='lat' dir='ltr'><strong>videtur</strong></span> <span class='ocrx_word' id='word_1_109' title='bbox 425 1680 473 1746; x_wconf 88' lang='lat' dir='ltr'><strong>ita</strong></span> <span class='ocrx_word' id='word_1_110' title='bbox 494 1701 630 1769; x_wconf 90' lang='lat' dir='ltr'><strong>quoque</strong></span> <span class='ocrx_word' id='word_1_111' title='bbox 649 1681 705 1746; x_wconf 91' lang='lat' dir='ltr'><strong>hic</strong></span> <span class='ocrx_word' id='word_1_112' title='bbox 724 1680 819 1765; x_wconf 90' lang='lat' dir='ltr'><strong>iungi</strong></span> <span class='ocrx_word' id='word_1_113' title='bbox 844 1702 963 1769; x_wconf 90' lang='lat' dir='ltr'><strong>posse:</strong></span> <span class='ocrx_word' id='word_1_114' title='bbox 982 1679 1179 1745; x_wconf 88' lang='lat' dir='ltr'><strong>benedictus</strong></span> <span class='ocrx_word' id='word_1_115' title='bbox 1198 1679 1268 1767; x_wconf 86' lang='lat' dir='ltr'><strong>(sit)</strong></span> <span class='ocrx_word' id='word_1_116' title='bbox 1293 1679 1329 1745; x_wconf 93' lang='lat' dir='ltr'><strong>iu</strong></span> <span class='ocrx_word' id='word_1_117' title='bbox 1355 1677 1493 1744; x_wconf 89' lang='lat' dir='ltr'><strong>nomine</strong></span> 
     </span>
     <span class='ocr_line' id='line_1_13' title="bbox 160 1784 1494 1876; baseline 0 -26"><span class='ocrx_word' id='word_1_118' title='bbox 160 1786 293 1851; x_wconf 84' lang='lat' dir='ltr'><strong>bomini</strong></span> <span class='ocrx_word' id='word_1_119' title='bbox 307 1788 323 1848; x_wconf 85' lang='grc' dir='ltr'>ὀ</span> <span class='ocrx_word' id='word_1_120' title='bbox 339 1785 495 1874; x_wconf 79' lang='grc' dir='ltr'>ἐρχόμενος</span> <span class='ocrx_word' id='word_1_121' title='bbox 513 1788 536 1853; x_wconf 94' lang='lat' dir='ltr'><strong>i.</strong></span> <span class='ocrx_word' id='word_1_122' title='bbox 555 1808 585 1853; x_wconf 92' lang='lat' dir='ltr'><strong>e.</strong></span> <span class='ocrx_word' id='word_1_123' title='bbox 603 1789 646 1853; x_wconf 91' lang='lat' dir='ltr'><strong>sit</strong></span> <span class='ocrx_word' id='word_1_124' title='bbox 662 1785 861 1853; x_wconf 89' lang='lat' dir='ltr'><strong>benedictus</strong></span> <span class='ocrx_word' id='word_1_125' title='bbox 876 1809 937 1876; x_wconf 90' lang='lat' dir='ltr'><strong>per</strong></span> <span class='ocrx_word' id='word_1_126' title='bbox 954 1791 1057 1852; x_wconf 86' lang='lat' dir='ltr'><strong>Deum</strong></span> <span class='ocrx_word' id='word_1_127' title='bbox 1070 1785 1128 1874; x_wconf 94' lang='lat' dir='ltr'><strong>qui</strong></span> <span class='ocrx_word' id='word_1_128' title='bbox 1148 1807 1209 1852; x_wconf 90' lang='lat' dir='ltr'><strong>sua</strong></span> <span class='ocrx_word' id='word_1_129' title='bbox 1224 1784 1494 1853; x_wconf 78' lang='lat' dir='ltr'><strong>manifestatione</strong></span> 
     </span>
     <span class='ocr_line' id='line_1_14' title="bbox 161 1890 1494 1983; baseline -0.001 -26"><span class='ocrx_word' id='word_1_130' title='bbox 161 1897 194 1957; x_wconf 92' lang='lat' dir='ltr'><strong>et</strong></span> <span class='ocrx_word' id='word_1_131' title='bbox 205 1895 397 1980; x_wconf 87' lang='lat' dir='ltr'><strong>praeseutia</strong></span> <span class='ocrx_word' id='word_1_132' title='bbox 410 1892 576 1980; x_wconf 89' lang='lat' dir='ltr'><strong>(nomine)</strong></span> <span class='ocrx_word' id='word_1_133' title='bbox 592 1916 626 1961; x_wconf 87' lang='lat' dir='ltr'><strong>se</strong></span> <span class='ocrx_word' id='word_1_134' title='bbox 642 1898 811 1983; x_wconf 89' lang='lat' dir='ltr'><strong>potentem</strong></span> <span class='ocrx_word' id='word_1_135' title='bbox 827 1893 985 1960; x_wconf 85' lang='lat' dir='ltr'><strong>exhibeat</strong></span> <span class='ocrx_word' id='word_1_136' title='bbox 998 1892 1052 1980; x_wconf 77' lang='lat' dir='ltr'><strong>(cl,</strong></span> <span class='ocrx_word' id='word_1_137' title='bbox 1066 1892 1109 1959; x_wconf 91' lang='lat' dir='ltr'><strong>de</strong></span> <span class='ocrx_word' id='word_1_138' title='bbox 1125 1892 1259 1958; x_wconf 90' lang='lat' dir='ltr'><strong>notione</strong></span> <span class='ocrx_word' id='word_1_139' title='bbox 1274 1891 1422 1957; x_wconf 91' lang='lat' dir='ltr'><strong>nominis</strong></span> <span class='ocrx_word' id='word_1_140' title='bbox 1435 1890 1494 1956; x_wconf 86' lang='lat' dir='ltr'><strong>bei</strong></span> 
     </span>
     <span class='ocr_line' id='line_1_15' title="bbox 161 1997 1497 2089; baseline -0.001 -25"><span class='ocrx_word' id='word_1_141' title='bbox 161 1997 204 2064; x_wconf 88' lang='lat' dir='ltr'><strong>ad</strong></span> <span class='ocrx_word' id='word_1_142' title='bbox 220 2000 334 2065; x_wconf 52' lang='lat' dir='ltr'><strong>Matth,</strong></span> <span class='ocrx_word' id='word_1_143' title='bbox 353 2004 429 2079; x_wconf 83' lang='lat'><strong>18,5</strong></span> <span class='ocrx_word' id='word_1_144' title='bbox 446 2005 479 2065; x_wconf 90' lang='lat' dir='ltr'><strong>et</strong></span> <span class='ocrx_word' id='word_1_145' title='bbox 498 2006 593 2080; x_wconf 78' lang='lat'><strong>21,9;</strong></span> <span class='ocrx_word' id='word_1_146' title='bbox 607 2005 793 2067; x_wconf 87' lang='lat' dir='ltr'><strong>Commeut.</strong></span> <span class='ocrx_word' id='word_1_147' title='bbox 809 2004 834 2066; x_wconf 94' lang='lat' dir='ltr'><strong>ll</strong></span> <span class='ocrx_word' id='word_1_148' title='bbox 847 2023 882 2089; x_wconf 91' lang='lat' dir='ltr'><strong>p.</strong></span> <span class='ocrx_word' id='word_1_149' title='bbox 901 2007 975 2066; x_wconf 88' lang='lat'>110.</span> <span class='ocrx_word' id='word_1_150' title='bbox 989 1999 1084 2087; x_wconf 75' lang='lat'><strong>206);</strong></span> <span class='ocrx_word' id='word_1_151' title='bbox 1101 2021 1141 2065; x_wconf 91' lang='lat' dir='ltr'><strong>ea</strong></span> <span class='ocrx_word' id='word_1_152' title='bbox 1155 1997 1230 2064; x_wconf 92' lang='lat' dir='ltr'><strong>scil.</strong></span> <span class='ocrx_word' id='word_1_153' title='bbox 1248 1997 1497 2084; x_wconf 84' lang='lat' dir='ltr'><strong>significatione</strong></span> 
     </span>
     <span class='ocr_line' id='line_1_16' title="bbox 160 2102 1491 2191; baseline 0.002 -23"><span class='ocrx_word' id='word_1_154' title='bbox 160 2125 227 2191; x_wconf 88' lang='lat' dir='ltr'><strong>qua</strong></span> <span class='ocrx_word' id='word_1_155' title='bbox 242 2102 367 2170; x_wconf 85' lang='lat' dir='ltr'><strong>dicitur</strong></span> <span class='ocrx_word' id='word_1_156' title='bbox 382 2109 432 2171; x_wconf 80' lang='lat' dir='ltr'><strong>Ps.</strong></span> <span class='ocrx_word' id='word_1_157' title='bbox 450 2111 530 2187; x_wconf 85' lang='lat' dir='ltr'><strong>53,t</strong></span> <span class='ocrx_word' id='word_1_158' title='bbox 552 2107 587 2171; x_wconf 90' lang='lat' dir='ltr'><strong>in</strong></span> <span class='ocrx_word' id='word_1_159' title='bbox 611 2107 750 2172; x_wconf 90' lang='lat' dir='ltr'><strong>nomine</strong></span> <span class='ocrx_word' id='word_1_160' title='bbox 771 2111 829 2173; x_wconf 90' lang='lat' dir='ltr'><strong>tuo</strong></span> <span class='ocrx_word' id='word_1_161' title='bbox 850 2106 981 2174; x_wconf 91' lang='lat' dir='ltr'><strong>salvum</strong></span> <span class='ocrx_word' id='word_1_162' title='bbox 998 2128 1051 2172; x_wconf 93' lang='lat' dir='ltr'><strong>me</strong></span> <span class='ocrx_word' id='word_1_163' title='bbox 1071 2106 1123 2171; x_wconf 87' lang='lat' dir='ltr'><strong>lac</strong></span> <span class='ocrx_word' id='word_1_164' title='bbox 1143 2110 1177 2170; x_wconf 90' lang='lat' dir='ltr'><strong>et</strong></span> <span class='ocrx_word' id='word_1_165' title='bbox 1196 2109 1248 2170; x_wconf 76' lang='lat' dir='ltr'><strong>rs.</strong></span> <span class='ocrx_word' id='word_1_166' title='bbox 1274 2110 1370 2185; x_wconf 59' lang='lat'><strong>1933</strong></span> <span class='ocrx_word' id='word_1_167' title='bbox 1394 2109 1491 2187; x_wconf 83' lang='lat' dir='ltr'><strong>t3‚a;</strong></span> 
     </span>
     <span class='ocr_line' id='line_1_17' title="bbox 160 2211 1490 2291; baseline 0 -16"><span class='ocrx_word' id='word_1_168' title='bbox 160 2213 279 2290; x_wconf 78' lang='lat'>88‚25;</span> <span class='ocrx_word' id='word_1_169' title='bbox 299 2217 373 2291; x_wconf 73' lang='lat'><strong>123,</strong></span> <span class='ocrx_word' id='word_1_170' title='bbox 391 2217 411 2278; x_wconf 90' lang='lat'>8</span> <span class='ocrx_word' id='word_1_171' title='bbox 434 2234 441 2278; x_wconf 80' lang='lat' dir='ltr'><em>z</em></span> <span class='ocrx_word' id='word_1_172' title='bbox 458 2212 669 2279; x_wconf 87' lang='lat' dir='ltr'><strong>adiutorium</strong></span> <span class='ocrx_word' id='word_1_173' title='bbox 684 2221 837 2279; x_wconf 88' lang='lat' dir='ltr'><strong>nostrum</strong></span> <span class='ocrx_word' id='word_1_174' title='bbox 851 2213 885 2279; x_wconf 93' lang='lat' dir='ltr'><strong>in</strong></span> <span class='ocrx_word' id='word_1_175' title='bbox 902 2213 1038 2279; x_wconf 91' lang='lat' dir='ltr'><strong>nomine</strong></span> <span class='ocrx_word' id='word_1_176' title='bbox 1053 2211 1184 2278; x_wconf 87' lang='lat' dir='ltr'><strong>Domini</strong></span> <span class='ocrx_word' id='word_1_177' title='bbox 1196 2218 1229 2278; x_wconf 89' lang='lat' dir='ltr'><strong>et</strong></span> <span class='ocrx_word' id='word_1_178' title='bbox 1241 2215 1281 2277; x_wconf 89' lang='lat' dir='ltr'><strong>ls.</strong></span> <span class='ocrx_word' id='word_1_179' title='bbox 1296 2217 1397 2286; x_wconf 59' lang='lat'><strong>3027</strong></span> <span class='ocrx_word' id='word_1_180' title='bbox 1408 2216 1490 2290; x_wconf 88' lang='lat' dir='ltr'><strong>etc.;</strong></span> 
     </span>
     <span class='ocr_line' id='line_1_18' title="bbox 36 2315 1494 2408; baseline 0.001 -27"><span class='ocrx_word' id='word_1_181' title='bbox 36 2346 38 2362; x_wconf 81' lang='lat'><em>=</em></span> <span class='ocrx_word' id='word_1_182' title='bbox 158 2315 302 2404; x_wconf 89' lang='lat' dir='ltr'><strong>proinde</strong></span> <span class='ocrx_word' id='word_1_183' title='bbox 319 2321 403 2384; x_wconf 87' lang='lat' dir='ltr'><strong>Deus</strong></span> <span class='ocrx_word' id='word_1_184' title='bbox 418 2340 480 2407; x_wconf 91' lang='lat' dir='ltr'><strong>pro</strong></span> <span class='ocrx_word' id='word_1_185' title='bbox 499 2340 560 2385; x_wconf 90' lang='lat' dir='ltr'><strong>sua</strong></span> <span class='ocrx_word' id='word_1_186' title='bbox 575 2319 743 2407; x_wconf 88' lang='lat' dir='ltr'><strong>potentia,</strong></span> <span class='ocrx_word' id='word_1_187' title='bbox 758 2319 921 2385; x_wconf 89' lang='lat' dir='ltr'><strong>fidelitate</strong></span> <span class='ocrx_word' id='word_1_188' title='bbox 936 2319 969 2384; x_wconf 91' lang='lat' dir='ltr'><strong>in</strong></span> <span class='ocrx_word' id='word_1_189' title='bbox 986 2317 1158 2408; x_wconf 90' lang='lat' dir='ltr'><strong>promissis</strong></span> <span class='ocrx_word' id='word_1_190' title='bbox 1177 2318 1352 2383; x_wconf 88' lang='lat' dir='ltr'><strong>servandis</strong></span> <span class='ocrx_word' id='word_1_191' title='bbox 1369 2315 1494 2405; x_wconf 92' lang='lat' dir='ltr'><strong>quibus</strong></span> 
     </span>
     <span class='ocr_line' id='line_1_19' title="bbox 159 2422 1493 2515; baseline 0.001 -27"><span class='ocrx_word' id='word_1_192' title='bbox 159 2443 229 2488; x_wconf 89' lang='lat' dir='ltr'><strong>sese</strong></span> <span class='ocrx_word' id='word_1_193' title='bbox 255 2423 353 2490; x_wconf 92' lang='lat' dir='ltr'><strong>nobis</strong></span> <span class='ocrx_word' id='word_1_194' title='bbox 375 2424 552 2504; x_wconf 85' lang='lat' dir='ltr'><strong>revelavit,</strong></span> <span class='ocrx_word' id='word_1_195' title='bbox 581 2426 612 2491; x_wconf 89' lang='lat' dir='ltr'><strong>ei</strong></span> <span class='ocrx_word' id='word_1_196' title='bbox 637 2425 837 2493; x_wconf 80' lang='lat' dir='ltr'><strong>benefaciat.</strong></span> <span class='ocrx_word' id='word_1_197' title='bbox 860 2425 926 2492; x_wconf 89' lang='lat' dir='ltr'><strong>Sed</strong></span> <span class='ocrx_word' id='word_1_198' title='bbox 946 2425 1101 2515; x_wconf 89' lang='lat' dir='ltr'><strong>plerique</strong></span> <span class='ocrx_word' id='word_1_199' title='bbox 1124 2425 1272 2509; x_wconf 90' lang='lat' dir='ltr'><strong>iungunt</strong></span> <span class='ocrx_word' id='word_1_200' title='bbox 1298 2424 1334 2489; x_wconf 90' lang='lat' dir='ltr'><strong>in</strong></span> <span class='ocrx_word' id='word_1_201' title='bbox 1357 2422 1493 2490; x_wconf 85' lang='lat' dir='ltr'><strong>nomine</strong></span> 
     </span>
     <span class='ocr_line' id='line_1_20' title="bbox 161 2528 1491 2622; baseline 0.002 -28"><span class='ocrx_word' id='word_1_202' title='bbox 161 2530 297 2596; x_wconf 81' lang='lat' dir='ltr'><strong>Domini</strong></span> <span class='ocrx_word' id='word_1_203' title='bbox 313 2553 389 2597; x_wconf 91' lang='lat' dir='ltr'><strong>cum</strong></span> <span class='ocrx_word' id='word_1_204' title='bbox 410 2533 604 2622; x_wconf 77' lang='lat' dir='ltr'><strong>qzn&#39;venitt</strong></span> <span class='ocrx_word' id='word_1_205' title='bbox 624 2528 796 2620; x_wconf 70' lang='grc' dir='ltr'>ἐρχόμενος,</span> <span class='ocrx_word' id='word_1_206' title='bbox 818 2533 876 2622; x_wconf 92' lang='lat' dir='ltr'><strong>qui</strong></span> <span class='ocrx_word' id='word_1_207' title='bbox 890 2532 982 2598; x_wconf 89' lang='lat' dir='ltr'><strong>venit</strong></span> <span class='ocrx_word' id='word_1_208' title='bbox 1001 2531 1138 2598; x_wconf 89' lang='lat' dir='ltr'><strong>nomine</strong></span> <span class='ocrx_word' id='word_1_209' title='bbox 1153 2538 1186 2597; x_wconf 90' lang='lat' dir='ltr'><strong>et</strong></span> <span class='ocrx_word' id='word_1_210' title='bbox 1205 2530 1403 2597; x_wconf 86' lang='lat' dir='ltr'><strong>auctoritate</strong></span> <span class='ocrx_word' id='word_1_211' title='bbox 1418 2530 1491 2610; x_wconf 86' lang='lat' dir='ltr'><strong>Dei,</strong></span> 
     </span>
     <span class='ocr_line' id='line_1_21' title="bbox 158 2636 1494 2728; baseline 0 -26"><span class='ocrx_word' id='word_1_212' title='bbox 158 2639 260 2703; x_wconf 86' lang='lat' dir='ltr'><strong>abeo</strong></span> <span class='ocrx_word' id='word_1_213' title='bbox 274 2639 409 2720; x_wconf 91' lang='lat' dir='ltr'><strong>missus,</strong></span> <span class='ocrx_word' id='word_1_214' title='bbox 432 2661 616 2728; x_wconf 83' lang='lat' dir='ltr'><strong>perquem</strong></span> <span class='ocrx_word' id='word_1_215' title='bbox 640 2640 711 2705; x_wconf 92' lang='lat' dir='ltr'><strong>scil.</strong></span> <span class='ocrx_word' id='word_1_216' title='bbox 740 2645 824 2706; x_wconf 84' lang='lat' dir='ltr'><strong>Deus</strong></span> <span class='ocrx_word' id='word_1_217' title='bbox 841 2661 876 2706; x_wconf 93' lang='lat' dir='ltr'><strong>se</strong></span> <span class='ocrx_word' id='word_1_218' title='bbox 901 2646 934 2706; x_wconf 92' lang='lat' dir='ltr'><strong>et</strong></span> <span class='ocrx_word' id='word_1_219' title='bbox 955 2638 1191 2706; x_wconf 88' lang='lat' dir='ltr'><strong>auctoritatem</strong></span> <span class='ocrx_word' id='word_1_220' title='bbox 1207 2660 1301 2705; x_wconf 87' lang='lat' dir='ltr'><strong>suam</strong></span> <span class='ocrx_word' id='word_1_221' title='bbox 1322 2643 1356 2705; x_wconf 92' lang='lat' dir='ltr'><strong>et</strong></span> <span class='ocrx_word' id='word_1_222' title='bbox 1374 2636 1494 2703; x_wconf 91' lang='lat' dir='ltr'><strong>volun-</strong></span> 
     </span>
     <span class='ocr_line' id='line_1_22' title="bbox 160 2745 1240 2814; baseline 0.006 -6"><span class='ocrx_word' id='word_1_223' title='bbox 160 2747 262 2809; x_wconf 86' lang='lat' dir='ltr'><strong>tatem</strong></span> <span class='ocrx_word' id='word_1_224' title='bbox 284 2745 489 2812; x_wconf 78' lang='lat' dir='ltr'><strong>manifestat.</strong></span> <span class='ocrx_word' id='word_1_225' title='bbox 1236 2805 1240 2814; x_wconf 80' lang='grc'><strong>,</strong></span> 
     </span>
     <span class='ocr_line' id='line_1_23' title="bbox 204 2849 1493 2943; baseline 0.003 -30"><span class='ocrx_word' id='word_1_226' title='bbox 204 2853 242 2914; x_wconf 81' lang='lat' dir='ltr'><strong>ut</strong></span> <span class='ocrx_word' id='word_1_227' title='bbox 254 2849 346 2937; x_wconf 92' lang='lat' dir='ltr'><strong>quod</strong></span> <span class='ocrx_word' id='word_1_228' title='bbox 367 2851 460 2940; x_wconf 90' lang='lat' dir='ltr'><strong>apud</strong></span> <span class='ocrx_word' id='word_1_229' title='bbox 474 2854 677 2919; x_wconf 83' lang='lat' dir='ltr'><strong>llattliaeum</strong></span> <span class='ocrx_word' id='word_1_230' title='bbox 695 2855 730 2920; x_wconf 90' lang='lat' dir='ltr'><strong>in</strong></span> <span class='ocrx_word' id='word_1_231' title='bbox 741 2854 815 2940; x_wconf 75' lang='lat' dir='ltr'><strong>filio</strong></span> <span class='ocrx_word' id='word_1_232' title='bbox 831 2853 942 2920; x_wconf 82' lang='lat' dir='ltr'><strong>Dauid</strong></span> <span class='ocrx_word' id='word_1_233' title='bbox 954 2853 1169 2943; x_wconf 84' lang='lat' dir='ltr'><strong>profitentur,</strong></span> <span class='ocrx_word' id='word_1_234' title='bbox 1194 2875 1229 2919; x_wconf 92' lang='lat' dir='ltr'><strong>se</strong></span> <span class='ocrx_word' id='word_1_235' title='bbox 1244 2851 1319 2918; x_wconf 90' lang='lat' dir='ltr'><strong>scil.</strong></span> <span class='ocrx_word' id='word_1_236' title='bbox 1345 2851 1493 2918; x_wconf 89' lang='lat' dir='ltr'><strong>llessiam</strong></span> 
     </span>
     <span class='ocr_line' id='line_1_24' title="bbox 159 2953 1493 3049; baseline 0.001 -28"><span class='ocrx_word' id='word_1_237' title='bbox 159 2953 323 3034; x_wconf 88' lang='lat' dir='ltr'><strong>salutare,</strong></span> <span class='ocrx_word' id='word_1_238' title='bbox 348 2956 436 3023; x_wconf 88' lang='lat' dir='ltr'><strong>idem</strong></span> <span class='ocrx_word' id='word_1_239' title='bbox 461 2958 655 3025; x_wconf 90' lang='lat' dir='ltr'><strong>declaratur</strong></span> <span class='ocrx_word' id='word_1_240' title='bbox 671 2960 727 3025; x_wconf 94' lang='lat' dir='ltr'><strong>hic</strong></span> <span class='ocrx_word' id='word_1_241' title='bbox 744 2961 856 3027; x_wconf 88' lang='lat' dir='ltr'><strong>verbis</strong></span> <span class='ocrx_word' id='word_1_242' title='bbox 873 2983 880 3028; x_wconf 90' lang='lat'>:</span> <span class='ocrx_word' id='word_1_243' title='bbox 899 2959 1110 3027; x_wconf 82' lang='lat' dir='ltr'><strong>benedictum</strong></span> <span class='ocrx_word' id='word_1_244' title='bbox 1130 2959 1222 3049; x_wconf 84' lang='lat' dir='ltr'><strong>quod</strong></span> <span class='ocrx_word' id='word_1_245' title='bbox 1238 2961 1328 3025; x_wconf 85' lang='lat' dir='ltr'><strong>uenit</strong></span> <span class='ocrx_word' id='word_1_246' title='bbox 1344 2980 1493 3047; x_wconf 72' lang='lat' dir='ltr'><strong>regnum</strong></span> 
     </span>
     <span class='ocr_line' id='line_1_25' title="bbox 157 3060 1493 3156; baseline 0.002 -30"><span class='ocrx_word' id='word_1_247' title='bbox 157 3060 267 3150; x_wconf 79' lang='lat' dir='ltr'><strong>patris</strong></span> <span class='ocrx_word' id='word_1_248' title='bbox 280 3062 387 3128; x_wconf 85' lang='lat' dir='ltr'><strong>nostri</strong></span> <span class='ocrx_word' id='word_1_249' title='bbox 403 3063 513 3129; x_wconf 80' lang='lat' dir='ltr'><strong>David</strong></span> <span class='ocrx_word' id='word_1_250' title='bbox 526 3087 672 3151; x_wconf 89' lang='lat' dir='ltr'><strong>regnum</strong></span> <span class='ocrx_word' id='word_1_251' title='bbox 686 3067 776 3131; x_wconf 90' lang='lat' dir='ltr'><strong>enim</strong></span> <span class='ocrx_word' id='word_1_252' title='bbox 792 3065 898 3132; x_wconf 84' lang='lat' dir='ltr'><strong>David</strong></span> <span class='ocrx_word' id='word_1_253' title='bbox 912 3067 1005 3155; x_wconf 93' lang='lat' dir='ltr'><strong>quod</strong></span> <span class='ocrx_word' id='word_1_254' title='bbox 1017 3067 1279 3156; x_wconf 82' lang='lat' dir='ltr'><strong>exspectabatur</strong></span> <span class='ocrx_word' id='word_1_255' title='bbox 1290 3073 1339 3132; x_wconf 92' lang='lat' dir='ltr'><strong>est</strong></span> <span class='ocrx_word' id='word_1_256' title='bbox 1349 3086 1493 3151; x_wconf 88' lang='lat' dir='ltr'><strong>regnum</strong></span> 
     </span>
     <span class='ocr_line' id='line_1_26' title="bbox 161 3157 1528 3261; baseline 0.002 -29"><span class='ocrx_word' id='word_1_257' title='bbox 161 3169 296 3235; x_wconf 88' lang='lat' dir='ltr'><strong>llessiae</strong></span> <span class='ocrx_word' id='word_1_258' title='bbox 324 3169 384 3235; x_wconf 86' lang='lat' dir='ltr'><strong>filii</strong></span> <span class='ocrx_word' id='word_1_259' title='bbox 406 3170 528 3250; x_wconf 87' lang='lat' dir='ltr'><strong>David;</strong></span> <span class='ocrx_word' id='word_1_260' title='bbox 552 3172 585 3237; x_wconf 91' lang='lat' dir='ltr'><strong>in</strong></span> <span class='ocrx_word' id='word_1_261' title='bbox 612 3175 726 3238; x_wconf 89' lang='lat' dir='ltr'><strong>llessia</strong></span> <span class='ocrx_word' id='word_1_262' title='bbox 746 3174 835 3238; x_wconf 90' lang='lat' dir='ltr'><strong>enim</strong></span> <span class='ocrx_word' id='word_1_263' title='bbox 855 3171 1017 3261; x_wconf 90' lang='lat' dir='ltr'><strong>impletur</strong></span> <span class='ocrx_word' id='word_1_264' title='bbox 1039 3172 1218 3261; x_wconf 91' lang='lat' dir='ltr'><strong>promissio</strong></span> <span class='ocrx_word' id='word_1_265' title='bbox 1238 3172 1297 3237; x_wconf 90' lang='lat' dir='ltr'><strong>illa</strong></span> <span class='ocrx_word' id='word_1_266' title='bbox 1319 3171 1434 3237; x_wconf 91' lang='lat' dir='ltr'><strong>throni</strong></span> <span class='ocrx_word' id='word_1_267' title='bbox 1461 3178 1495 3237; x_wconf 90' lang='lat' dir='ltr'><strong>et</strong></span> <span class='ocrx_word' id='word_1_268' title='bbox 1525 3157 1528 3163; x_wconf 43' lang='grc'><strong>“</strong></span> 
     </span>
     <span class='ocr_line' id='line_1_27' title="bbox 162 3275 1491 3368; baseline 0.003 -29"><span class='ocrx_word' id='word_1_269' title='bbox 162 3275 261 3361; x_wconf 89' lang='lat' dir='ltr'><strong>regui</strong></span> <span class='ocrx_word' id='word_1_270' title='bbox 287 3276 416 3342; x_wconf 90' lang='lat' dir='ltr'><strong>aeterni</strong></span> <span class='ocrx_word' id='word_1_271' title='bbox 443 3277 559 3343; x_wconf 84' lang='lat' dir='ltr'><strong>llavidi</strong></span> <span class='ocrx_word' id='word_1_272' title='bbox 585 3278 682 3358; x_wconf 90' lang='lat' dir='ltr'><strong>data;</strong></span> <span class='ocrx_word' id='word_1_273' title='bbox 713 3302 818 3367; x_wconf 89' lang='lat' dir='ltr'><strong>quare</strong></span> <span class='ocrx_word' id='word_1_274' title='bbox 845 3280 973 3345; x_wconf 82' lang='lat' dir='ltr'><strong>Messias</strong></span> <span class='ocrx_word' id='word_1_275' title='bbox 993 3280 1185 3368; x_wconf 87' lang='lat' dir='ltr'><strong>appellatur</strong></span> <span class='ocrx_word' id='word_1_276' title='bbox 1208 3299 1352 3365; x_wconf 81' lang='lat' dir='ltr'><strong>germen</strong></span> <span class='ocrx_word' id='word_1_277' title='bbox 1374 3277 1491 3358; x_wconf 83' lang='lat' dir='ltr'><strong>David,</strong></span> 
     </span>
     <span class='ocr_line' id='line_1_28' title="bbox 162 3381 1490 3473; baseline 0.005 -27"><span class='ocrx_word' id='word_1_278' title='bbox 162 3402 219 3447; x_wconf 89' lang='lat' dir='ltr'><strong>rex</strong></span> <span class='ocrx_word' id='word_1_279' title='bbox 243 3381 346 3447; x_wconf 87' lang='lat' dir='ltr'><strong>David</strong></span> <span class='ocrx_word' id='word_1_280' title='bbox 361 3387 393 3447; x_wconf 92' lang='lat' dir='ltr'><strong>et</strong></span> <span class='ocrx_word' id='word_1_281' title='bbox 416 3385 520 3449; x_wconf 83' lang='lat' dir='ltr'><strong>llavid</strong></span> <span class='ocrx_word' id='word_1_282' title='bbox 542 3384 745 3473; x_wconf 89' lang='lat' dir='ltr'><strong>simpliciter</strong></span> <span class='ocrx_word' id='word_1_283' title='bbox 767 3386 824 3472; x_wconf 83' lang='lat' dir='ltr'><strong>(cf.</strong></span> <span class='ocrx_word' id='word_1_284' title='bbox 847 3389 965 3471; x_wconf 64' lang='lat' dir='ltr'><strong>theg,</strong></span> <span class='ocrx_word' id='word_1_285' title='bbox 990 3392 1079 3465; x_wconf 83' lang='lat'><strong>7,16.</strong></span> <span class='ocrx_word' id='word_1_286' title='bbox 1096 3389 1147 3451; x_wconf 88' lang='lat' dir='ltr'><strong>Ps.</strong></span> <span class='ocrx_word' id='word_1_287' title='bbox 1169 3391 1285 3466; x_wconf 85' lang='lat'><strong>88,30.</strong></span> <span class='ocrx_word' id='word_1_288' title='bbox 1311 3390 1373 3452; x_wconf 90' lang='lat' dir='ltr'><strong>ler.</strong></span> <span class='ocrx_word' id='word_1_289' title='bbox 1393 3389 1490 3464; x_wconf 77' lang='lat' dir='ltr'><strong>aa,5;</strong></span> 
     </span>
     <span class='ocr_line' id='line_1_29' title="bbox 162 3484 1494 3580; baseline 0.002 -28"><span class='ocrx_word' id='word_1_290' title='bbox 162 3491 277 3566; x_wconf 81' lang='lat'><strong>33,15.</strong></span> <span class='ocrx_word' id='word_1_291' title='bbox 302 3484 355 3554; x_wconf 70' lang='grc' dir='ltr'><strong>Εἰ.</strong></span> <span class='ocrx_word' id='word_1_292' title='bbox 374 3494 487 3567; x_wconf 61' lang='lat' dir='ltr'><strong>anua.</strong></span> <span class='ocrx_word' id='word_1_293' title='bbox 506 3493 559 3557; x_wconf 87' lang='lat' dir='ltr'><strong>Os.</strong></span> <span class='ocrx_word' id='word_1_294' title='bbox 578 3491 649 3578; x_wconf 76' lang='lat'><strong>3,5)</strong></span> <span class='ocrx_word' id='word_1_295' title='bbox 669 3499 701 3556; x_wconf 89' lang='lat' dir='ltr'><strong>et</strong></span> <span class='ocrx_word' id='word_1_296' title='bbox 716 3499 928 3580; x_wconf 88' lang='lat' dir='ltr'><strong>quantopere</strong></span> <span class='ocrx_word' id='word_1_297' title='bbox 947 3492 1030 3558; x_wconf 91' lang='lat' dir='ltr'><strong>haec</strong></span> <span class='ocrx_word' id='word_1_298' title='bbox 1053 3492 1147 3558; x_wconf 90' lang='lat' dir='ltr'><strong>notio</strong></span> <span class='ocrx_word' id='word_1_299' title='bbox 1167 3498 1271 3580; x_wconf 90' lang='lat' dir='ltr'><strong>atque</strong></span> <span class='ocrx_word' id='word_1_300' title='bbox 1291 3491 1494 3580; x_wconf 85' lang='lat' dir='ltr'><strong>exspectatio</strong></span> 
     </span>
     <span class='ocr_line' id='line_1_30' title="bbox 161 3595 1489 3688; baseline 0.003 -30"><span class='ocrx_word' id='word_1_301' title='bbox 161 3599 315 3683; x_wconf 89' lang='lat' dir='ltr'><strong>tempore</strong></span> <span class='ocrx_word' id='word_1_302' title='bbox 328 3595 449 3661; x_wconf 88' lang='lat' dir='ltr'><strong>Christi</strong></span> <span class='ocrx_word' id='word_1_303' title='bbox 465 3605 657 3687; x_wconf 89' lang='lat' dir='ltr'><strong>propagata</strong></span> <span class='ocrx_word' id='word_1_304' title='bbox 672 3598 790 3679; x_wconf 86' lang='lat' dir='ltr'><strong>inerit,</strong></span> <span class='ocrx_word' id='word_1_305' title='bbox 809 3597 884 3664; x_wconf 90' lang='lat' dir='ltr'><strong>vide</strong></span> <span class='ocrx_word' id='word_1_306' title='bbox 900 3599 936 3663; x_wconf 93' lang='lat' dir='ltr'><strong>iu</strong></span> <span class='ocrx_word' id='word_1_307' title='bbox 951 3602 1135 3665; x_wconf 82' lang='lat' dir='ltr'><strong>Commeat.</strong></span> <span class='ocrx_word' id='word_1_308' title='bbox 1153 3599 1267 3665; x_wconf 88' lang='lat' dir='ltr'><strong>llatth.</strong></span> <span class='ocrx_word' id='word_1_309' title='bbox 1288 3602 1298 3663; x_wconf 93' lang='lat' dir='ltr'><strong>l</strong></span> <span class='ocrx_word' id='word_1_310' title='bbox 1314 3622 1347 3688; x_wconf 92' lang='lat' dir='ltr'><strong>p.</strong></span> <span class='ocrx_word' id='word_1_311' title='bbox 1366 3605 1418 3664; x_wconf 84' lang='lat'><strong>10.</strong></span> <span class='ocrx_word' id='word_1_312' title='bbox 1437 3606 1489 3663; x_wconf 90' lang='lat'><strong>11.</strong></span> 
     </span>
     <span class='ocr_line' id='line_1_31' title="bbox 159 3697 1492 3794; baseline 0.005 -31"><span class='ocrx_word' id='word_1_313' title='bbox 159 3697 280 3765; x_wconf 84' lang='lat' dir='ltr'><strong>Dicunt</strong></span> <span class='ocrx_word' id='word_1_314' title='bbox 301 3701 415 3790; x_wconf 86' lang='lat' dir='ltr'><strong>itaque</strong></span> <span class='ocrx_word' id='word_1_315' title='bbox 435 3701 648 3769; x_wconf 81' lang='lat' dir='ltr'><strong>benedictum</strong></span> <span class='ocrx_word' id='word_1_316' title='bbox 664 3705 687 3768; x_wconf 91' lang='lat' dir='ltr'><strong>i.</strong></span> <span class='ocrx_word' id='word_1_317' title='bbox 703 3726 732 3769; x_wconf 92' lang='lat' dir='ltr'><strong>e.</strong></span> <span class='ocrx_word' id='word_1_318' title='bbox 752 3708 836 3769; x_wconf 76' lang='lat' dir='ltr'><strong>Deris</strong></span> <span class='ocrx_word' id='word_1_319' title='bbox 851 3703 1046 3784; x_wconf 89' lang='lat' dir='ltr'><strong>benedicat,</strong></span> <span class='ocrx_word' id='word_1_320' title='bbox 1062 3703 1235 3785; x_wconf 87' lang='lat' dir='ltr'><strong>secundet,</strong></span> <span class='ocrx_word' id='word_1_321' title='bbox 1252 3708 1427 3794; x_wconf 88' lang='lat' dir='ltr'><strong>prosperet</strong></span> <span class='ocrx_word' id='word_1_322' title='bbox 1441 3725 1492 3770; x_wconf 88' lang='lat' dir='ltr'><strong>re-</strong></span> 
     </span>
     <span class='ocr_line' id='line_1_32' title="bbox 160 3808 1490 3895; baseline 0.003 -25"><span class='ocrx_word' id='word_1_323' title='bbox 160 3826 270 3890; x_wconf 92' lang='lat' dir='ltr'><strong>gnum</strong></span> <span class='ocrx_word' id='word_1_324' title='bbox 296 3809 426 3873; x_wconf 86' lang='lat' dir='ltr'><strong>llessiae</strong></span> <span class='ocrx_word' id='word_1_325' title='bbox 452 3810 542 3895; x_wconf 91' lang='lat' dir='ltr'><strong>regis</strong></span> <span class='ocrx_word' id='word_1_326' title='bbox 570 3812 693 3890; x_wconf 77' lang='lat' dir='ltr'><strong>nostri,</strong></span> <span class='ocrx_word' id='word_1_327' title='bbox 720 3810 873 3876; x_wconf 74' lang='lat' dir='ltr'><strong>hosanna</strong></span> <span class='ocrx_word' id='word_1_328' title='bbox 900 3811 935 3875; x_wconf 89' lang='lat' dir='ltr'><strong>in</strong></span> <span class='ocrx_word' id='word_1_329' title='bbox 962 3812 1098 3877; x_wconf 75' lang='lat' dir='ltr'><strong>excelsis</strong></span> <span class='ocrx_word' id='word_1_330' title='bbox 1119 3810 1264 3877; x_wconf 91' lang='lat' dir='ltr'><strong>salutem</strong></span> <span class='ocrx_word' id='word_1_331' title='bbox 1289 3808 1437 3877; x_wconf 90' lang='lat' dir='ltr'><strong>concede</strong></span> <span class='ocrx_word' id='word_1_332' title='bbox 1457 3811 1490 3874; x_wconf 93' lang='lat' dir='ltr'><strong>in</strong></span> 
     </span>
     <span class='ocr_line' id='line_1_33' title="bbox 158 3913 1492 4004; baseline 0.003 -27"><span class='ocrx_word' id='word_1_333' title='bbox 158 3913 265 3992; x_wconf 88' lang='lat' dir='ltr'><strong>coelo,</strong></span> <span class='ocrx_word' id='word_1_334' title='bbox 285 3913 321 3979; x_wconf 91' lang='lat' dir='ltr'><strong>in</strong></span> <span class='ocrx_word' id='word_1_335' title='bbox 333 3914 471 3980; x_wconf 91' lang='lat' dir='ltr'><strong>sublimi</strong></span> <span class='ocrx_word' id='word_1_336' title='bbox 487 3922 545 3981; x_wconf 90' lang='lat' dir='ltr'><strong>tua</strong></span> <span class='ocrx_word' id='word_1_337' title='bbox 560 3916 769 3981; x_wconf 88' lang='lat' dir='ltr'><strong>habitatione</strong></span> <span class='ocrx_word' id='word_1_338' title='bbox 783 3925 815 3982; x_wconf 90' lang='lat' dir='ltr'><strong>et</strong></span> <span class='ocrx_word' id='word_1_339' title='bbox 827 3916 919 3996; x_wconf 88' lang='lat' dir='ltr'><strong>sede,</strong></span> <span class='ocrx_word' id='word_1_340' title='bbox 935 3918 1024 3983; x_wconf 92' lang='lat' dir='ltr'><strong>unde</strong></span> <span class='ocrx_word' id='word_1_341' title='bbox 1039 3917 1223 3983; x_wconf 88' lang='lat' dir='ltr'><strong>descendat</strong></span> <span class='ocrx_word' id='word_1_342' title='bbox 1236 3916 1280 3983; x_wconf 90' lang='lat' dir='ltr'><strong>ad</strong></span> <span class='ocrx_word' id='word_1_343' title='bbox 1296 3938 1372 3983; x_wconf 92' lang='lat' dir='ltr'><strong>eum</strong></span> <span class='ocrx_word' id='word_1_344' title='bbox 1391 3937 1492 4004; x_wconf 92' lang='lat' dir='ltr'><strong>quem</strong></span> 
     </span>
     <span class='ocr_line' id='line_1_34' title="bbox 156 4018 1493 4113; baseline 0.004 -30"><span class='ocrx_word' id='word_1_345' title='bbox 156 4018 267 4084; x_wconf 85' lang='lat' dir='ltr'><strong>fausta</strong></span> <span class='ocrx_word' id='word_1_346' title='bbox 278 4022 523 4087; x_wconf 88' lang='lat' dir='ltr'><strong>acclamatione</strong></span> <span class='ocrx_word' id='word_1_347' title='bbox 543 4022 746 4101; x_wconf 86' lang='lat' dir='ltr'><strong>salutamus;</strong></span> <span class='ocrx_word' id='word_1_348' title='bbox 762 4023 904 4089; x_wconf 83' lang='lat' dir='ltr'><strong>salutem</strong></span> <span class='ocrx_word' id='word_1_349' title='bbox 924 4030 957 4089; x_wconf 93' lang='lat' dir='ltr'><strong>et</strong></span> <span class='ocrx_word' id='word_1_350' title='bbox 974 4025 1229 4113; x_wconf 87' lang='lat' dir='ltr'><strong>prosperitatem</strong></span> <span class='ocrx_word' id='word_1_351' title='bbox 1251 4022 1393 4089; x_wconf 90' lang='lat' dir='ltr'><strong>coelitus</strong></span> <span class='ocrx_word' id='word_1_352' title='bbox 1409 4022 1493 4089; x_wconf 89' lang='lat' dir='ltr'><strong>dan·</strong></span> 
     </span>
     <span class='ocr_line' id='line_1_35' title="bbox 156 4122 1492 4219; baseline 0.003 -30"><span class='ocrx_word' id='word_1_353' title='bbox 156 4122 236 4190; x_wconf 91' lang='lat' dir='ltr'><strong>dam</strong></span> <span class='ocrx_word' id='word_1_354' title='bbox 257 4135 290 4192; x_wconf 91' lang='lat' dir='ltr'><strong>et</strong></span> <span class='ocrx_word' id='word_1_355' title='bbox 314 4128 412 4215; x_wconf 88' lang='lat' dir='ltr'><strong>quasi</strong></span> <span class='ocrx_word' id='word_1_356' title='bbox 438 4151 456 4192; x_wconf 89' lang='lat' dir='ltr'><strong>e</strong></span> <span class='ocrx_word' id='word_1_357' title='bbox 482 4128 655 4194; x_wconf 89' lang='lat' dir='ltr'><strong>coelorum</strong></span> <span class='ocrx_word' id='word_1_358' title='bbox 676 4129 838 4196; x_wconf 87' lang='lat' dir='ltr'><strong>altissimo</strong></span> <span class='ocrx_word' id='word_1_359' title='bbox 860 4130 1008 4196; x_wconf 90' lang='lat' dir='ltr'><strong>culmine</strong></span> <span class='ocrx_word' id='word_1_360' title='bbox 1032 4128 1310 4209; x_wconf 89' lang='lat' dir='ltr'><strong>descendentem,</strong></span> <span class='ocrx_word' id='word_1_361' title='bbox 1342 4127 1492 4219; x_wconf 89' lang='lat' dir='ltr'><strong>proinde</strong></span> 
     </span>
     <span class='ocr_line' id='line_1_36' title="bbox 158 4232 850 4321; baseline 0.01 -26"><span class='ocrx_word' id='word_1_362' title='bbox 158 4232 318 4299; x_wconf 86' lang='lat' dir='ltr'><strong>eximiam</strong></span> <span class='ocrx_word' id='word_1_363' title='bbox 331 4257 371 4300; x_wconf 88' lang='lat' dir='ltr'><strong>ac</strong></span> <span class='ocrx_word' id='word_1_364' title='bbox 390 4234 621 4320; x_wconf 86' lang='lat' dir='ltr'><strong>singularem,</strong></span> <span class='ocrx_word' id='word_1_365' title='bbox 642 4236 850 4321; x_wconf 83' lang='lat' dir='ltr'><strong>efflagitant.</strong></span> 
     </span>
    </p>
   </div>
   <div class='ocr_carea' id='block_1_3' title="bbox 158 4402 1495 4976">
    <p class='ocr_par' dir='ltr' id='par_1_3' title="bbox 158 4402 1495 4976">
     <span class='ocr_line' id='line_1_37' title="bbox 199 4402 1495 4483; baseline 0.002 -21"><span class='ocrx_word' id='word_1_366' title='bbox 199 4402 290 4462; x_wconf 83' lang='lat' dir='ltr'><strong>Ritus</strong></span> <span class='ocrx_word' id='word_1_367' title='bbox 307 4404 365 4463; x_wconf 86' lang='lat' dir='ltr'><strong>iste</strong></span> <span class='ocrx_word' id='word_1_368' title='bbox 383 4403 479 4464; x_wconf 89' lang='lat' dir='ltr'><strong>lestus</strong></span> <span class='ocrx_word' id='word_1_369' title='bbox 493 4422 632 4481; x_wconf 87' lang='lat' dir='ltr'><strong>quocum</strong></span> <span class='ocrx_word' id='word_1_370' title='bbox 650 4406 760 4464; x_wconf 85' lang='lat' dir='ltr'><strong>turbae</strong></span> <span class='ocrx_word' id='word_1_371' title='bbox 775 4406 898 4466; x_wconf 87' lang='lat' dir='ltr'><strong>Christo</strong></span> <span class='ocrx_word' id='word_1_372' title='bbox 911 4408 1039 4466; x_wconf 78' lang='lat' dir='ltr'><strong>obviam</strong></span> <span class='ocrx_word' id='word_1_373' title='bbox 1056 4413 1129 4466; x_wconf 89' lang='lat' dir='ltr'><strong>eunt</strong></span> <span class='ocrx_word' id='word_1_374' title='bbox 1147 4423 1286 4483; x_wconf 92' lang='lat' dir='ltr'><strong>eumque</strong></span> <span class='ocrx_word' id='word_1_375' title='bbox 1302 4406 1495 4465; x_wconf 88' lang='lat' dir='ltr'><strong>comitantur</strong></span> 
     </span>
     <span class='ocr_line' id='line_1_38' title="bbox 158 4498 1493 4582; baseline 0.004 -24"><span class='ocrx_word' id='word_1_376' title='bbox 158 4498 368 4577; x_wconf 83' lang='lat' dir='ltr'><strong>depromptus</strong></span> <span class='ocrx_word' id='word_1_377' title='bbox 385 4519 454 4562; x_wconf 86' lang='lat' dir='ltr'><strong>esso</strong></span> <span class='ocrx_word' id='word_1_378' title='bbox 468 4503 596 4563; x_wconf 86' lang='lat' dir='ltr'><strong>videtur</strong></span> <span class='ocrx_word' id='word_1_379' title='bbox 610 4521 627 4562; x_wconf 92' lang='lat' dir='ltr'><strong>a</strong></span> <span class='ocrx_word' id='word_1_380' title='bbox 642 4503 738 4563; x_wconf 90' lang='lat' dir='ltr'><strong>modo</strong></span> <span class='ocrx_word' id='word_1_381' title='bbox 760 4521 822 4579; x_wconf 91' lang='lat' dir='ltr'><strong>quo</strong></span> <span class='ocrx_word' id='word_1_382' title='bbox 838 4521 874 4565; x_wconf 91' lang='lat' dir='ltr'><strong>eo</strong></span> <span class='ocrx_word' id='word_1_383' title='bbox 893 4509 1036 4582; x_wconf 89' lang='lat' dir='ltr'><strong>tempore</strong></span> <span class='ocrx_word' id='word_1_384' title='bbox 1052 4503 1165 4565; x_wconf 84' lang='lat' dir='ltr'><strong>testum</strong></span> <span class='ocrx_word' id='word_1_385' title='bbox 1182 4505 1333 4582; x_wconf 86' lang='lat' dir='ltr'><strong>agebatur</strong></span> <span class='ocrx_word' id='word_1_386' title='bbox 1348 4504 1493 4563; x_wconf 90' lang='lat' dir='ltr'><strong>taberna-</strong></span> 
     </span>
     <span class='ocr_line' id='line_1_39' title="bbox 158 4597 1495 4680; baseline 0.003 -24"><span class='ocrx_word' id='word_1_387' title='bbox 158 4597 302 4657; x_wconf 90' lang='lat' dir='ltr'><strong>culorum</strong></span> <span class='ocrx_word' id='word_1_388' title='bbox 328 4599 376 4657; x_wconf 75' lang='lat' dir='ltr'><strong>cel</strong></span> <span class='ocrx_word' id='word_1_389' title='bbox 403 4603 607 4680; x_wconf 87' lang='lat' dir='ltr'><strong>scenopegia.</strong></span> <span class='ocrx_word' id='word_1_390' title='bbox 634 4604 711 4661; x_wconf 70' lang='lat' dir='ltr'><strong>Nan]</strong></span> <span class='ocrx_word' id='word_1_391' title='bbox 738 4618 861 4661; x_wconf 87' lang='lat' dir='ltr'><strong>morem</strong></span> <span class='ocrx_word' id='word_1_392' title='bbox 885 4620 955 4662; x_wconf 90' lang='lat' dir='ltr'><strong>esse</strong></span> <span class='ocrx_word' id='word_1_393' title='bbox 982 4602 1062 4679; x_wconf 88' lang='lat' dir='ltr'><strong>apud</strong></span> <span class='ocrx_word' id='word_1_394' title='bbox 1091 4602 1225 4662; x_wconf 87' lang='lat' dir='ltr'><strong>ludaeos</strong></span> <span class='ocrx_word' id='word_1_395' title='bbox 1250 4602 1283 4660; x_wconf 89' lang='lat' dir='ltr'><strong>in</strong></span> <span class='ocrx_word' id='word_1_396' title='bbox 1307 4602 1495 4680; x_wconf 84' lang='lat' dir='ltr'><strong>scenopegia</strong></span> 
     </span>
     <span class='ocr_line' id='line_1_40' title="bbox 159 4694 1493 4778; baseline 0.004 -25"><span class='ocrx_word' id='word_1_397' title='bbox 159 4694 313 4772; x_wconf 88' lang='lat' dir='ltr'><strong>Iosephus</strong></span> <span class='ocrx_word' id='word_1_398' title='bbox 328 4703 445 4768; x_wconf 84' lang='lat' dir='ltr'><strong>narrat,</strong></span> <span class='ocrx_word' id='word_1_399' title='bbox 463 4703 500 4758; x_wconf 92' lang='lat' dir='ltr'><strong>ut</strong></span> <span class='ocrx_word' id='word_1_400' title='bbox 515 4700 632 4778; x_wconf 88' lang='lat' dir='ltr'><strong>singuli</strong></span> <span class='ocrx_word' id='word_1_401' title='bbox 648 4699 793 4759; x_wconf 89' lang='lat' dir='ltr'><strong>manibus</strong></span> <span class='ocrx_word' id='word_1_402' title='bbox 809 4705 968 4777; x_wconf 86' lang='lat' dir='ltr'><strong>gestarent</strong></span> <span class='ocrx_word' id='word_1_403' title='bbox 984 4700 1167 4760; x_wconf 82' lang='lat' dir='ltr'><strong>fasciculum</strong></span> <span class='ocrx_word' id='word_1_404' title='bbox 1184 4718 1219 4759; x_wconf 86' lang='lat' dir='ltr'><strong>ex</strong></span> <span class='ocrx_word' id='word_1_405' title='bbox 1237 4706 1339 4777; x_wconf 86' lang='lat' dir='ltr'><strong>myrto</strong></span> <span class='ocrx_word' id='word_1_406' title='bbox 1352 4704 1384 4760; x_wconf 92' lang='lat' dir='ltr'><strong>et</strong></span> <span class='ocrx_word' id='word_1_407' title='bbox 1398 4699 1493 4759; x_wconf 89' lang='lat' dir='ltr'><strong>salice</strong></span> 
     </span>
     <span class='ocr_line' id='line_1_41' title="bbox 158 4793 1493 4876; baseline 0.004 -24"><span class='ocrx_word' id='word_1_408' title='bbox 158 4809 230 4853; x_wconf 92' lang='lat' dir='ltr'><strong>cum</strong></span> <span class='ocrx_word' id='word_1_409' title='bbox 253 4793 378 4870; x_wconf 82' lang='lat' dir='ltr'><strong>spadica</strong></span> <span class='ocrx_word' id='word_1_410' title='bbox 399 4796 522 4873; x_wconf 86' lang='lat' dir='ltr'><strong>palmae</strong></span> <span class='ocrx_word' id='word_1_411' title='bbox 541 4799 759 4876; x_wconf 89' lang='lat' dir='ltr'><strong>compositum</strong></span> <span class='ocrx_word' id='word_1_412' title='bbox 780 4797 888 4857; x_wconf 88' lang='lat' dir='ltr'><strong>addito</strong></span> <span class='ocrx_word' id='word_1_413' title='bbox 909 4800 1040 4859; x_wconf 85' lang='lat' dir='ltr'><strong>Perseac</strong></span> <span class='ocrx_word' id='word_1_414' title='bbox 1059 4816 1172 4876; x_wconf 79' lang='lat' dir='ltr'><strong>perne,</strong></span> <span class='ocrx_word' id='word_1_415' title='bbox 1195 4798 1259 4868; x_wconf 85' lang='lat' dir='ltr'><strong>vel,</strong></span> <span class='ocrx_word' id='word_1_416' title='bbox 1283 4801 1319 4858; x_wconf 90' lang='lat' dir='ltr'><strong>ut</strong></span> <span class='ocrx_word' id='word_1_417' title='bbox 1338 4797 1400 4858; x_wconf 90' lang='lat' dir='ltr'><strong>allo</strong></span> <span class='ocrx_word' id='word_1_418' title='bbox 1423 4797 1493 4857; x_wconf 91' lang='lat' dir='ltr'><strong>loco</strong></span> 
     </span>
     <span class='ocr_line' id='line_1_42' title="bbox 158 4890 1493 4976; baseline 0.002 -27"><span class='ocrx_word' id='word_1_419' title='bbox 158 4890 252 4964; x_wconf 87' lang='lat' dir='ltr'><strong>dicit,</strong></span> <span class='ocrx_word' id='word_1_420' title='bbox 270 4897 305 4950; x_wconf 83' lang='lat' dir='ltr'><strong>ut</strong></span> <span class='ocrx_word' id='word_1_421' title='bbox 320 4909 425 4952; x_wconf 88' lang='lat' dir='ltr'><strong>ramos</strong></span> <span class='ocrx_word' id='word_1_422' title='bbox 441 4895 562 4955; x_wconf 79' lang='lat' dir='ltr'><strong>ferrent</strong></span> <span class='ocrx_word' id='word_1_423' title='bbox 577 4897 755 4973; x_wconf 89' lang='lat' dir='ltr'><strong>palmarum</strong></span> <span class='ocrx_word' id='word_1_424' title='bbox 771 4902 802 4956; x_wconf 89' lang='lat' dir='ltr'><strong>et</strong></span> <span class='ocrx_word' id='word_1_425' title='bbox 817 4897 983 4957; x_wconf 86' lang='lat' dir='ltr'><strong>citriorum</strong></span> <span class='ocrx_word' id='word_1_426' title='bbox 997 4897 1115 4976; x_wconf 71' lang='grc' dir='ltr'><strong>(θύρσους</strong></span> <span class='ocrx_word' id='word_1_427' title='bbox 1130 4898 1158 4954; x_wconf 80' lang='grc' dir='ltr'><strong>ἐκ</strong></span> <span class='ocrx_word' id='word_1_428' title='bbox 1174 4895 1296 4976; x_wconf 72' lang='grc' dir='ltr'>φοινίκων</span> <span class='ocrx_word' id='word_1_429' title='bbox 1311 4896 1355 4954; x_wconf 79' lang='grc' dir='ltr'><strong>καὶ</strong></span> <span class='ocrx_word' id='word_1_430' title='bbox 1370 4895 1493 4976; x_wconf 75' lang='grc' dir='ltr'><strong>κιτρίων,</strong></span> 
     </span>
    </p>
   </div>
   <div class='ocr_carea' id='block_1_4' title="bbox 96 5188 240 5312">
    <p class='ocr_par' dir='ltr' id='par_1_4' title="bbox 96 5188 240 5312">
     <span class='ocr_line' id='line_1_43' title="bbox 96 5188 240 5312; baseline -0.049 0"><span class='ocrx_word' id='word_1_431' title='bbox 96 5188 240 5312; x_wconf 50' lang='grc' dir='ltr'><strong>ἢ.</strong></span> 
     </span>
    </p>
   </div>
   <div class='ocr_carea' id='block_1_5' title="bbox 0 0 1984 5654">
    <p class='ocr_par' dir='ltr' id='par_1_5' title="bbox 0 0 1984 5654">
     <span class='ocr_line' id='line_1_44' title="bbox 0 0 1984 5654; baseline 0 0"><span class='ocrx_word' id='word_1_432' title='bbox 0 0 1984 5654; x_wconf 95' lang='lat' dir='ltr'><strong> </strong></span> 
     </span>
    </p>
   </div>
  </div>
 </body>
</html>
