3960 5654
847 368 938 417 nine.
964 355 1014 430 rs,
1037 356 1121 419 o-u.
1599 353 1657 412 :ur

328 503 472 586 tionem
494 500 534 574 εἰς
555 503 730 595 cova-popm
744 507 893 589 iungunt
911 502 1018 594 aliqui
1044 524 1123 569 cum
1153 501 1368 568 antecedenti
1389 504 1494 571 verbo
1511 524 1519 570 :
1536 502 1659 569 ducent

329 634 386 678 vos
409 613 451 678 ad
475 607 599 678 iudicia
625 622 657 679 et
679 614 715 678 in
736 631 947 697 synagogas,
971 608 1241 677 verberabimini
1263 608 1321 698 (cl.
1348 610 1493 697 Meyer);
1520 616 1555 676 at
1573 628 1661 675 oom-

329 718 476 784 muuiter
499 724 704 784 connectunt
730 716 778 781 uti
808 717 842 783 in
870 718 965 804 vulg.
993 714 1208 803 exprimitur,
1236 717 1283 782 ita
1307 722 1343 781 ut
1361 711 1402 788 εἰς
1421 714 1540 781 eodem
1561 715 1662 782 modo

329 830 567 912 ponaturque
600 829 716 903 10,10;
749 822 783 888 id
804 824 896 911 quod
920 824 986 888 hoc
1010 821 1083 888 loco
1111 845 1151 888 eo
1178 821 1312 888 facilius
1337 821 1374 888 su
1393 821 1664 910 quiapraecedit

329 928 462 995 tradent
489 951 556 996 vos.
589 933 743 996 Ceterum
777 951 843 997 non
872 928 958 994 adeo
989 950 1104 993 rarum
1132 934 1180 993 est
1196 921 1239 1000 εἰς
1258 926 1414 993 adbiberi
1437 948 1537 994 sensu
1562 947 1664 1016 quem

329 1034 447 1100 dicunt
468 1035 674 1124 praegnanti
690 1034 741 1100 vel
756 1034 823 1102 dici
839 1056 978 1124 quoque
1001 1038 1125 1121 potest,
1149 1033 1198 1099 uti
1217 1034 1252 1098 iu
1271 1034 1458 1118 graecitate
1475 1033 1602 1099 seriore
1621 1027 1663 1103 εἰς

331 1147 364 1205 et
378 1134 406 1199 ἓν
418 1142 625 1231 quandoque
639 1141 833 1229 promiscue
845 1146 1056 1227 usurpantur
1069 1138 1375 1229 (quemadmodum
1384 1140 1418 1204 in
1431 1138 1550 1224 lingua
1560 1138 1666 1205 latina

330 1246 466 1332 vulgari
485 1249 521 1313 in
540 1268 619 1315 cum
638 1269 749 1313 accus.
776 1254 810 1313 et
833 1245 1015 1333 ablativo),
1040 1246 1087 1312 ita
1108 1248 1181 1312 eius
1202 1268 1282 1312 usus
1296 1246 1392 1311 initia
1411 1245 1469 1312 hic
1489 1247 1556 1312 iam
1572 1245 1666 1311 cerni

332 1352 387 1439 (cl.
417 1361 505 1434 1,39.
528 1359 600 1420 Act.
631 1359 726 1434 ΗΠ
752 1359 850 1434 8,1t;
880 1358 1069 1435 wareto.
1091 1356 1265 1419 Buttmam
1280 1376 1314 1441 p.
1343 1352 1435 1436 287).
1460 1357 1530 1418 Non
1558 1351 1666 1428 solum

333 1459 445 1526 ludaei
481 1459 650 1526 vexabunt
685 1457 946 1541 Christifideles,
978 1481 1097 1525 verum
1130 1461 1233 1525 etiam
1272 1459 1490 1545 magistratus
1523 1456 1669 1544 gentiles

332 1588 450 1631 manus
479 1564 546 1631 illis
574 1565 728 1632 iniicient
754 1579 785 1632 et
814 1577 893 1631 ante
919 1563 1092 1655 praesides
1121 1578 1154 1631 et
1181 1588 1276 1655 reyes
1300 1562 1432 1631 stabitis
1458 1576 1600 1655 propter
1616 1584 1671 1629 me

334 1668 516 1739 σταθήσεσθε
535 1672 716 1752 sistamini,
750 1693 869 1738 eorum
903 1670 1096 1738 offeremini
1125 1671 1356 1738 tribunalibus
1382 1693 1457 1737 mea
1487 1693 1604 1749 causa,
1631 1668 1668 1735 in

333 1778 561 1844 testimonium
582 1778 671 1859 illis,
696 1783 732 1843 ut
745 1779 818 1844 scil.
840 1777 908 1843 illis
929 1800 1065 1867 quoque
1084 1778 1318 1844 testimonium
1338 1775 1501 1843 reddatur
1521 1775 1564 1842 de
1578 1778 1667 1856 lesu,

333 1884 375 1950 de
388 1885 459 1951 eius
477 1907 580 1974 opere
597 1894 630 1951 et
645 1885 814 1950 doctrina.
834 1888 883 1950 lta
895 1886 987 1950 enim
1002 1885 1078 1973 ipsa
1095 1885 1331 1972 persecutione
1345 1889 1378 1950 et
1397 1884 1529 1950 actione
1544 1881 1669 1949 lorensi

334 1992 549 2078 evangelium
575 1995 646 2058 lesu
671 1998 788 2056 notum
808 1989 846 2055 fit
862 1990 1003 2078 eiusque
1019 1991 1172 2077 cognitio
1192 1989 1333 2057 summis
1344 2012 1480 2080 quoque
1494 1987 1672 2055 ordinibus

334 2097 486 2163 offertur.
518 2097 615 2175 Quod
643 2097 702 2162 alii
724 2097 894 2186 explicant
918 2097 1153 2162 testimonium
1176 2096 1289 2176 reddi,
1314 2102 1352 2163 ut
1377 2095 1427 2161 illi
1447 2094 1621 2186 praesides
1639 2100 1673 2161 et

335 2224 431 2289 reges
457 2205 525 2270 sint
548 2204 791 2270 inexcusabiles
813 2204 916 2292 (Vict.
948 2203 1094 2292 Tlreopli.
1121 2203 1255 2292 Erit),
1277 2203 1338 2269 etsi
1365 2225 1435 2268 non
1458 2202 1540 2292 ipsis
1562 2201 1676 2267 verbis
1721 2272 1723 2276 ,

337 2335 398 2402 per
418 2334 452 2378 se
470 2311 667 2377 immediate
683 2310 890 2390 enuntiatur,
912 2315 1026 2376 tamen
1052 2311 1239 2376 necessario
1259 2309 1477 2398 consequitur
1497 2309 1534 2374 in
1557 2307 1599 2374 iis
1613 2306 1677 2397 qui

335 2419 517 2487 sufficienti
541 2417 712 2505 evangelii
737 2417 1012 2507 promulgatione
1036 2425 1139 2506 atque
1170 2416 1384 2482 attestatione
1403 2415 1494 2482 facta
1515 2414 1618 2481 fidem
1637 2414 1672 2481 ei

336 2525 501 2592 adhibere
520 2524 724 2591 detrectant.

381 2635 503 2698 Verum
529 2653 571 2697 ne
599 2629 893 2720 persecutionibus
923 2629 992 2695 illis
1024 2629 1274 2718 perturbentur
1307 2650 1391 2695 neve
1419 2628 1608 2695 existiment
1632 2627 1680 2693 iis

338 2739 411 2805 fieri
425 2759 519 2827 posse
542 2742 578 2802 ut
602 2737 688 2802 ratio
710 2736 881 2802 missionis
900 2760 921 2802 a
942 2737 1075 2803 Christo
1101 2734 1202 2801 datae
1227 2734 1350 2802 evadat
1371 2735 1482 2800 inanis
1497 2733 1679 2824 (Theopb.)

336 2845 431 2912 addit
448 2867 479 2910 v.
505 2851 545 2909 10
561 2857 593 2909 et
615 2843 651 2908 ia
668 2865 781 2909 orienes
792 2855 908 2932 pentes
921 2843 1073 2931 priorum
1090 2855 1224 2932 oportet
1232 2840 1679 2933 praedicarievcnqelium,·

336 2951 417 3021 inde
441 2950 542 3016 simul
568 2949 774 3030 declaratur,
800 2971 862 3017 cur
888 2951 924 3015 in
952 2973 985 3016 v.
1016 2958 1035 3016 9
1066 2951 1194 3016 mentio
1225 2949 1317 3015 facta
1339 2949 1381 3015 sit
1409 2948 1673 3036 magistratuum

337 3059 508 3145 gentium;
543 3055 670 3123 debent
699 3058 789 3122 enim
824 3055 1077 3145 praedicatores
1118 3055 1289 3142 evangelii
1325 3054 1517 3122 doctrinam
1549 3054 1671 3121 Christi

337 3164 495 3230 omnibus
516 3163 643 3229 inferre
667 3161 813 3252 populis.
838 3161 934 3240 Quod
955 3168 1070 3229 autem
1094 3166 1181 3228 lesus
1207 3162 1293 3229 adeo
1320 3168 1551 3228 asseveranter
1574 3183 1673 3250 prae-

338 3273 420 3337 dicit
443 3270 568 3336 debere
592 3269 790 3336 annuntiari
817 3275 850 3334 et
870 3270 988 3358 spargi
1012 3270 1046 3333 in
1080 3290 1198 3335 omnes
1221 3274 1358 3356 gentes,
1385 3269 1608 3350 intermiscet,
1635 3275 1672 3334 ut

338 3377 413 3444 Ala.
440 3375 538 3457 dicit,
572 3376 627 3441 hic
654 3374 785 3464 aliquid
813 3374 1071 3455 consolationis,
1100 3376 1289 3465 protectum
1317 3375 1589 3464 praedicationis.
1617 3375 1672 3441 ui-

338 3484 426 3551 citur
441 3484 616 3572 primum,
635 3482 709 3548 scil.
737 3488 921 3571 antequam
943 3484 1058 3548 veniat
1082 3480 1174 3563 finis;
1197 3482 1343 3548 retertur
1364 3503 1425 3547 vox
1441 3482 1484 3548 ad
1503 3506 1533 3549 v.
1552 3489 1571 3546 'l
1588 3502 1672 3547 non-

340 3591 418 3656 dum
442 3589 534 3678 finis
556 3593 603 3655 Ne
628 3589 769 3655 timeant
789 3587 966 3655 audientes
994 3611 1029 3655 se
1056 3611 1126 3655 csse
1144 3587 1311 3655 sistendos
1329 3588 1559 3655 tribunalibus
1574 3610 1673 3677 prae·

340 3696 450 3762 sidum
464 3718 503 3763 ac
517 3717 657 3782 regum,
676 3696 865 3784 potentium
885 3697 956 3763 scil.
974 3718 1014 3761 ac
1027 3696 1233 3785 sapientium
1245 3694 1489 3775 huiusmundi,
1507 3695 1674 3784 promittit

341 3803 381 3868 iis
397 3808 513 3868 ramat
530 3824 667 3869 eausam
683 3824 779 3868 suam
799 3801 1064 3868 defendentibus
1078 3802 1196 3869 adfore
1210 3804 1373 3892 Spiritum
1385 3807 1550 3884 sanctum,
1569 3803 1675 3871 immo

340 3910 452 3998 ipsum
479 3910 570 3975 hunc
593 3910 760 3998 Spiritum
782 3908 1070 3999 sapientissimum
1091 3930 1162 3975 esse
1181 3929 1320 3975 causam
1344 3917 1498 3976 acturum
1521 3933 1552 3974 v.
1579 3915 1616 3975 11
1643 3923 1675 3975 et

341 4039 419 4081 cacan
434 4015 596 4082 duxerint
617 4038 672 4080 uos
692 4015 876 4094 tradentes,
900 4014 1003 4081 nolite
1017 4015 1271 4105 praecepiture,
1293 4036 1439 4101 graece:
1458 4015 1561 4081 nolite
1575 4019 1675 4082 antea

341 4122 474 4188 solliciti
502 4144 588 4201 csse,
617 4145 658 4187 ne
682 4122 789 4207 igitur
819 4123 917 4187 anxie
944 4144 1058 4188 secum
1088 4128 1246 4211 reputent
1270 4144 1355 4188 neve
1383 4124 1501 4188 timore
1526 4120 1674 4211 quodam

341 4235 516 4307 vexentur,
546 4227 632 4318 quid
653 4227 864 4317 loqzaeaarini,·
893 4252 961 4295 non
990 4229 1149 4317 prohibet
1174 4231 1326 4295 Christus
1349 4236 1449 4296 antea
1469 4231 1617 4315 cogitare
1642 4235 1675 4294 et

342 4355 456 4401 secum
478 4334 691 4424 perpendere
712 4334 796 4424 quid
822 4358 886 4425 pro
912 4357 949 4402 re
979 4344 1059 4402 nata
1084 4336 1206 4402 melius
1235 4337 1341 4425 possit
1363 4337 1531 4425 perorari,
1558 4356 1674 4400 verum

343 4443 453 4508 solum
487 4448 601 4508 monet
630 4463 672 4507 nc
701 4443 791 4507 anxii
816 4449 850 4508 et
879 4443 989 4508 timidi
1010 4445 1078 4509 sint
1105 4465 1144 4508 ac
1169 4444 1197 4508 si
1222 4465 1338 4510 coram
1359 4443 1555 4532 potentibus
1574 4450 1607 4508 ct
1623 4463 1675 4507 sa-

345 4548 517 4639 pientibus
539 4571 607 4614 non
634 4556 770 4638 possent
791 4550 998 4616 sufficienter
1016 4572 1056 4616 ac
1083 4549 1188 4636 digne
1213 4571 1349 4617 causam
1375 4550 1497 4616 Christi
1518 4549 1616 4615 tueri.
1639 4552 1676 4613 Et

345 4663 381 4721 ut
405 4677 539 4722 omnem
564 4656 696 4722 timoris
725 4654 894 4723 rationem
915 4658 955 4722 iis
978 4659 1102 4723 eximat
1116 4656 1212 4723 addit
1236 4680 1245 4723 ε
1273 4657 1333 4723 sed
1345 4655 1439 4746 quod
1451 4654 1570 4722 datum
1586 4652 1677 4721 cobis

344 4763 453 4851 facerit
479 4761 595 4829 inille
624 4762 723 4842 liora,
746 4761 785 4829 id
807 4763 1011 4853 loquimini;
1039 4765 1217 4831 nonenim
1244 4786 1301 4831 vos
1318 4763 1394 4830 estis·
1409 4763 1601 4852 loquentes,
1621 4761 1680 4830 sed
