3960 5654
279 500 318 560 46
809 512 898 561 usuc.
922 494 951 563 1,
974 492 1076 550 ΜΞ.

278 674 383 740 gnare
399 654 508 742 potest
527 651 560 710 et
578 645 781 735 complures.
805 651 871 712 lloc
887 648 1001 711 autem
1016 640 1090 708 loco
1111 665 1190 711 cum
1208 643 1356 710 addatur
1375 633 1458 710 εὐθύς
1473 629 1607 729 (εὐθέως)

277 761 408 838 statim,
424 752 601 844 protinas,
619 752 835 837 intelligatur
849 754 984 841 oportet
999 746 1042 812 de
1052 748 1107 817 die
1122 747 1257 817 sabbati
1270 748 1330 840 qui
1348 748 1420 815 eius
1435 745 1469 809 in
1486 746 1607 813 urbem

278 868 467 953 ingressum
482 859 635 946 proxime
652 857 871 947 sequebatur.
890 852 1013 922 Eodem
1030 855 1131 923 modo
1147 857 1215 921 iam
1229 852 1392 925 dicuntur
1406 847 1554 922 σσὶὅὸατα
1566 856 1608 923 de

278 994 345 1040 uno
369 967 423 1032 die
439 964 532 1053 apud
551 970 630 1033 Lxx
650 970 704 1030 Ex.
728 969 846 1042 20‚10;
867 966 981 1044 3¹,t5.
1005 965 1080 1030 Lev.
1102 967 1220 1045 23,32;
1244 961 1293 1026 uti
1311 965 1380 1034 alia
1400 985 1537 1058 quoque
1558 964 1609 1029 le-

277 1083 406 1144 storum
421 1073 560 1138 nomina
572 1092 715 1137 numero
726 1070 915 1136 efferuntur
929 1066 1055 1157 plurali
1072 1090 1079 1135 :
1096 1064 1137 1130 τὰ
1150 1068 1289 1155 γενέσια,
1305 1060 1411 1157 ἄζυμα
1425 1075 1536 1161 (63η
1553 1076 1607 1150 lt,

280 1184 325 1271 1),
345 1181 397 1246 vel
413 1186 513 1270 prout
528 1180 586 1246 alii
603 1178 721 1243 volunt
735 1197 858 1243 nomen
875 1175 986 1242 etlerri
1007 1173 1049 1239 ad
1071 1175 1209 1241 modum
1226 1178 1388 1243 aramaiei
1403 1181 1514 1245 anau.
1532 1181 1611 1244 Doc-

280 1289 371 1354 trina
389 1294 501 1354 autom
537 1282 658 1351 Christi
683 1286 716 1347 et
747 1282 847 1349 modo
873 1302 949 1348 eam
974 1281 1187 1370 proponendi
1215 1283 1363 1349 maxima
1385 1284 1611 1353 admiratione

278 1395 389 1461 affecti
410 1400 488 1460 sunt
511 1392 571 1479 qui
597 1409 673 1454 eum
694 1387 882 1455 audiebant
905 1409 937 1452 v.
963 1392 1005 1452 22
1027 1401 1059 1453 et
1082 1384 1261 1476 stupebant
1283 1387 1324 1455 dc
1348 1388 1502 1457 doctrino
1522 1392 1608 1472 eius,

279 1490 504 1573 ἐξεπλήσσοντο
520 1491 568 1557 ἐπὶ
584 1494 884 1583 obstupescebant,
917 1494 1192 1581 percellebantur
1217 1493 1442 1563 admiratione
1471 1503 1612 1586 propter
1720 1519 1721 1523 ¹

280 1610 351 1676 eius
362 1607 571 1681 doctrinam3
590 1613 664 1667 erat
678 1602 767 1667 enim
777 1600 899 1667 doceas
911 1622 966 1666 eos
977 1601 1077 1690 qrvasi
1083 1612 1284 1689 potestatem
1300 1600 1427 1669 babens
1439 1605 1480 1676 ὡς
1495 1601 1608 1691 quasi,

280 1713 553 1783 enuntiationem·
569 1731 637 1775 non
658 1708 797 1788 minuit,
823 1728 942 1772 verum
965 1707 1113 1773 continet
1132 1709 1420 1797 comparationem
1439 1731 1447 1777 :
1466 1707 1611 1776 docebat

279 1823 364 1888 sicut
376 1820 404 1885 is
423 1818 522 1885 docet
540 1816 601 1905 qui
615 1821 784 1905 potestate
803 1813 978 1903 praeditus
992 1819 1057 1894 est,
1080 1814 1129 1878 uti
1147 1835 1283 1902 quoque
1302 1815 1408 1883 habes
1422 1820 1515 1882 loan.
1533 1821 1611 1896 t‚1t

280 1927 426 1993 vidimus
438 1924 586 2010 gloriam
601 1923 683 2001 eius,
695 1922 839 2008 gloriam
851 1922 949 2008 quasi
962 1918 1158 2006 unigenitia
1170 1921 1295 1987 Patrai.
1308 1943 1338 1989 e.
1348 1922 1452 1989 talem
1464 1922 1610 2007 gloriam

280 2032 418 2124 qualem
441 2030 571 2097 habere
595 2029 691 2094 decet
713 2027 948 2113 unigenitum3
971 2039 1003 2092 et
1020 2049 1088 2092 oon
1109 2027 1193 2092 sicut
1214 2026 1362 2112 scriboe;
1385 2029 1557 2118 quomodo
1576 2028 1612 2093 hi
1704 2059 1706 2064 ·

281 2139 475 2217 docuerint,
493 2136 654 2203 discimus
670 2156 709 2200 ex
730 2132 972 2200 traditionibus
986 2133 1185 2222 pharisaicis
1200 2156 1283 2222 quas
1301 2135 1450 2202 Christus
1466 2136 1612 2201 insecta-

281 2254 347 2325 tur,
365 2268 404 2311 ex
418 2243 581 2310 oneribus
595 2241 759 2326 gravibus
770 2262 858 2329 quae
871 2238 1066 2305 hominibus
1081 2240 1370 2330 imponebant(cf.
1387 2242 1500 2308 ltatth.
1519 2247 1610 2323 15,·2;

282 2352 376 2440 tat)
393 2357 425 2417 et
443 2351 570 2439 partim
584 2348 685 2414 etiam
700 2370 739 2414 ex
754 2345 1051 2435 disquisitionibus
1069 2346 1263 2414 talmudicis
1281 2348 1323 2415 de
1342 2348 1565 2439 explicatione
1581 2355 1615 2414 et

280 2459 324 2526 ad
349 2460 452 2524 vitam
482 2455 712 2546 applicatione
734 2453 949 2539 singulorum
975 2460 1250 2543 praeceptorum.
1276 2456 1348 2521 ‘loti
1371 2456 1487 2544 itaque
1513 2455 1547 2521 in
1574 2476 1614 2521 eo
1705 2527 1707 2531 y

282 2572 395 2646 erant,
417 2570 455 2629 ut
473 2562 627 2649 singulas
648 2561 798 2627 actiones
825 2560 914 2626 vitae
937 2559 1052 2626 multis
1074 2582 1113 2626 ac
1133 2561 1275 2629 minutis
1291 2561 1614 2653 praescriptionibus

282 2670 535 2740 circumdarent
554 2668 678 2757 quibus
698 2666 850 2756 perlecta
869 2665 1037 2754 quaedam
1057 2665 1143 2753 legis
1165 2667 1381 2736 observantia
1402 2668 1611 2750 efficeretur3

202 2811 204 2814 ’
282 2800 385 2869 quam
400 2777 517 2844 sedulo
537 2799 570 2841 v.
588 2798 623 2862 g.
643 2795 779 2841 omnem
798 2773 1118 2841 contaminationem
1140 2775 1310 2843 leviticam
1325 2777 1434 2843 vitare
1452 2782 1485 2842 et
1498 2776 1613 2842 eluere

283 2885 476 2967 docuerint,
499 2881 694 2971 exemplum
710 2881 809 2948 affert
829 2885 956 2947 Marcus
976 2887 1045 2961 753.
1068 2888 1104 2960 t;
1122 2904 1160 2947 ex
1174 2881 1250 2969 lege
1265 2882 1308 2949 de
1322 2883 1466 2949 sabbato
1485 2883 1615 2972 pariter

283 2991 483 3058 derivarunt
498 2995 663 3078 quantam
682 2988 773 3054 viam
787 2987 954 3054 conticere
968 2986 1085 3054 liceret
1100 2987 1244 3055 sabbato
1259 2988 1344 3078 (rtet.
1363 2990 1455 3077 ΜΞ)
1472 2997 1535 3055 etc.

329 3097 470 3164 Scribae
491 3096 605 3184 itaque
624 3095 685 3160 toti
704 3098 802 3161 erant
835 3095 871 3159 in
889 3095 965 3180 lege
987 3095 1220 3161 caerimoniali
1244 3095 1451 3186 applicanda
1474 3101 1508 3162 et
1529 3096 1615 3182 legis
1690 3109 1696 3122 ·

284 3204 398 3269 verbis
418 3210 451 3269 et
471 3202 672 3268 auctoritate
687 3223 748 3267 sua
770 3201 895 3290 placita
915 3201 1117 3267 confirmare
1139 3208 1172 3268 et
1189 3202 1394 3292 persuadere
1416 3201 1611 3269 studebant.

284 3311 388 3378 Aliter
402 3310 565 3376 Christus
577 3313 679 3374 Docet
690 3307 781 3374 enim
793 3307 933 3396 propria
947 3308 1164 3390 auctoritate,
1179 3310 1275 3375 utiex
1285 3332 1440 3376 sermone
1452 3316 1614 3375 montano

284 3420 417 3484 elucet:
440 3437 505 3502 ego
523 3421 637 3481 autem
653 3414 728 3480 dico
743 3413 839 3480 vobis
852 3414 932 3502 (cat.
950 3436 1024 3479 our.
1039 3415 1149 3503 plesse
1170 3414 1242 3482 ord.
1261 3415 1342 3482 Bed.
1361 3415 1499 3505 Mala),
1519 3414 1616 3482 docet

284 3525 431 3590 maxima
449 3523 616 3588 suavitate
636 3527 670 3586 et
688 3522 802 3607 gratia
818 3542 858 3587 ea
875 3543 963 3609 quae
985 3522 1115 3588 animos
1130 3522 1280 3604 elevent,
1302 3522 1442 3602 fiducia,
1466 3523 1616 3589 consola-

285 3631 394 3710 tione,
410 3650 525 3695 amore
540 3627 656 3694 divino
670 3628 828 3694 imbuant
840 3633 872 3693 et
887 3651 907 3694 a
924 3627 1070 3716 peccatis
1085 3634 1119 3695 et
1133 3629 1276 3696 miseriis
1291 3630 1380 3696 vitae
1394 3629 1613 3711 abstrahant;

283 3736 378 3815 dein,
396 3741 433 3802 ut
451 3737 544 3802 lons.
561 3740 693 3816 monet,
712 3755 824 3800 sermo
841 3734 913 3800 eius
936 3736 1055 3800 miram
1076 3735 1252 3824 quandam
1271 3737 1421 3803 habebat
1437 3736 1615 3823 energiam

283 3850 314 3909 et
337 3842 546 3922 efficaciam,
570 3841 699 3930 Spiritu
719 3847 835 3907 sancto
856 3863 918 3930 per
941 3863 1019 3908 eum
1041 3841 1128 3909 mira
1147 3842 1278 3910 ratione
1298 3843 1403 3910 corda
1418 3843 1615 3910 auditorum

284 3955 503 4040 permovente
519 3946 562 4013 ad
574 3947 678 4013 fidem
693 3954 726 4014 et
738 3946 993 4038 poenitentiam.
1010 3951 1116 4025 Quare
1132 3949 1219 4016 bene
1234 3949 1310 4017 Alb.
1329 3951 1397 4017 vim
1410 3950 1614 4017 concionum

285 4056 405 4123 Christi
419 4055 485 4121 illis
497 4054 661 4120 describit
671 4055 814 4143 apostoli
823 4054 938 4121 verbis
953 4077 961 4120 :
974 4056 1072 4122 vivus
1084 4061 1133 4122 est
1145 4058 1238 4123 enim
1254 4079 1365 4124 sermo
1380 4059 1437 4123 Dei
1449 4063 1483 4124 et
1498 4056 1616 4123 efficax

286 4169 317 4230 et
327 4162 572 4252 penetrabilior
585 4162 678 4228 omni
691 4160 807 4247 gladio
818 4162 968 4252 ancipite
981 4169 1014 4228 et
1026 4165 1224 4253 pertingens
1235 4186 1340 4253 usque
1353 4163 1395 4230 ad
1413 4163 1616 4230 divisionem

285 4270 420 4336 animae
447 4292 486 4336 ac
511 4269 664 4358 spiritus,
690 4289 895 4357 compagum
921 4291 1058 4359 quoque
1080 4293 1118 4337 ac
1142 4269 1370 4337 medullarum
1393 4278 1426 4337 et
1449 4270 1617 4337 discretor

286 4377 531 4461 cogitationum
553 4383 586 4442 et
604 4377 833 4441 intentionum
855 4376 966 4443 cordis
982 4377 1095 4465 (tlebrss
1118 4377 1225 4467 att).
1247 4381 1361 4466 Neque
1374 4400 1461 4468 opus
1476 4384 1616 4444 estcum

285 4481 459 4570 aliquibus
474 4484 542 4549 iam
557 4481 730 4573 appellare
746 4482 934 4565 miracula,
950 4491 987 4550 ut
1000 4483 1186 4573 explicetur
1202 4484 1373 4573 quomodo
1391 4485 1542 4551 Christus
1557 4483 1616 4551 do

285 4590 395 4655 cuerit
416 4611 495 4654 cum
521 4596 696 4678 potestate.
724 4593 814 4654 llanc
838 4589 1026 4657 inanimus
1050 4595 1250 4680 potestatem
1271 4592 1383 4658 innuit
1407 4592 1580 4682 psalmista
1605 4611 1614 4656 ε

287 4830 379 4886 uitta:
393 4843 459 4893 quae
475 4843 526 4879 vox
542 4829 611 4881 hebr.
628 4816 699 4902 notit
719 4832 842 4883 imitetur.
860 4831 960 4882 Dicitur
975 4834 1061 4897 itaque
1073 4834 1193 4883 atticam
1209 4808 1255 4899 pro
1270 4834 1399 4890 σαΰὸάτοις
1421 4848 1463 4898 per
1479 4833 1615 4898 metaplas-

291 4942 369 4989 mum,
383 4934 411 4979 ut
422 4929 580 4993 grammatici
595 4929 665 4993 toqui
677 4931 768 4982 solent.
