3960 5654
926 357 1015 404 mac.
1040 342 1089 409 11,
1114 338 1215 399 13·16.
1327 391 1329 394 .
1680 344 1736 402 371

409 490 595 558 necessario
617 487 724 576 sequi.
750 489 801 556 Uti
821 489 932 575 prius,
953 492 1001 557 ita
1024 509 1116 553 nunc
1135 510 1273 577 quoque
1299 510 1340 554 eo
1362 488 1465 555 modo
1485 490 1647 580 loquendi
1667 512 1739 556 ma-

407 596 541 664 nifestat
557 594 621 659 sibi
642 616 807 685 perquam
823 602 904 662 nota
930 617 1001 663 esse
1016 593 1172 662 absentia
1191 616 1328 683 quoque
1352 600 1386 661 et
1406 594 1537 672 futura,
1554 599 1657 664 datur
1675 597 1740 663 ita-

406 724 472 790 que
493 729 510 762 «
536 699 700 768 indicium
725 701 899 792 praesciae
930 700 1137 785 divinitatis,
1168 701 1250 790 quia
1281 723 1359 768 cum
1394 701 1569 791 discipulis
1601 704 1742 792 loquens

408 807 491 897 quid
508 806 590 872 alibi
610 806 764 874 futurum
783 807 827 872 sit
845 810 970 874 novit»
994 807 1124 896 (Beda).
1145 814 1185 874 Et
1199 808 1266 873 tale
1282 810 1420 893 signum
1438 814 1471 875 et
1486 808 1650 875 indicium
1665 820 1741 876 aute

409 915 597 1003 passionem
618 915 662 982 ad
681 915 717 981 id
733 935 870 1003 quoque
893 914 1059 981 inservire
1075 922 1190 982 mouet
1211 913 1296 980 Vici.
1321 920 1360 979 ut
1385 915 1510 981 iterum
1537 914 1692 982 ostendat
1710 939 1744 982 se

411 1021 481 1111 pati
502 1020 581 1107 quia
594 1022 675 1087 velit
689 1020 773 1110 pati.

450 1190 565 1249 Putant
587 1189 697 1264 Weiss,
714 1187 797 1250 Coolr
813 1190 916 1251 lesum
938 1205 1007 1249 rem
1029 1195 1121 1250 antea
1136 1206 1209 1250 cum
1224 1190 1302 1250 hero
1324 1188 1379 1249 illo
1398 1191 1630 1267 composuisse,
1649 1191 1690 1251 ita
1712 1193 1746 1251 ut

411 1285 489 1346 nihil
504 1289 651 1348 miraculi
674 1289 707 1347 in
727 1286 814 1347 hisce
838 1290 909 1348 lesu
929 1287 1035 1346 verbis
1055 1286 1322 1364 deprehendatur.
1339 1289 1448 1347 Potest
1469 1287 1598 1364 quidem
1619 1289 1745 1348 admitti

349 1446 351 1450 .
410 1384 521 1445 herum
542 1386 633 1446 illum
652 1388 744 1444 antea
765 1402 783 1444 a
801 1386 939 1445 Domino
955 1401 1025 1444 esse
1045 1384 1246 1445 admonitum
1260 1383 1314 1463 (cl.
1333 1383 1451 1463 Iane.);
1466 1390 1498 1444 at
1513 1402 1553 1445 ne
1569 1386 1600 1445 id
1616 1385 1746 1463 quidem

411 1481 475 1543 ullo
489 1483 586 1543 modo
604 1499 642 1541 ex
656 1482 761 1542 verbis
780 1482 944 1561 colligitur
957 1499 1063 1560 neque
1083 1481 1228 1560 sequitur
1248 1498 1286 1541 ex
1302 1499 1339 1542 eo
1356 1481 1441 1559 quod
1464 1483 1607 1543 Christus
1626 1484 1705 1543 dicit
1718 1482 1748 1540 τὸ

410 1579 551 1654 nardoyni
567 1602 616 1654 μου
632 1579 690 1656 (uti
715 1577 808 1638 Weiss
824 1578 914 1658 vult),
932 1596 988 1639 cur
1002 1580 1088 1639 enim
1104 1584 1136 1639 et
1150 1596 1213 1657 quo
1229 1596 1325 1640 sensu
1340 1580 1385 1640 ita
1399 1581 1557 1658 loquatur,
1573 1582 1680 1641 statim
1694 1600 1747 1642 ex·

411 1678 568 1756 plicatur:
588 1676 641 1736 uhi
658 1676 812 1754 pascha...
830 1677 1036 1738 manducem.
1057 1676 1118 1738 Sed
1135 1676 1277 1738 Christus
1293 1678 1355 1737 alia
1371 1678 1549 1756 praemittit
1563 1696 1644 1755 quae
1659 1685 1749 1740 antea

411 1787 480 1831 esse
496 1788 570 1830 cum
584 1770 660 1830 hero
674 1771 854 1848 composita
869 1788 908 1830 ne
923 1771 1057 1848 cogitari
1073 1768 1205 1847 quidem
1222 1776 1329 1849 potest
1343 1771 1407 1831 nisi
1422 1770 1555 1833 ridicula
1569 1777 1601 1831 et
1615 1772 1749 1832 absurda

412 1868 484 1944 quis
504 1869 621 1945 tingere
640 1868 785 1927 voluerit.
808 1867 976 1938 Quomodo
996 1868 1084 1927 enim
1103 1872 1194 1927 antea
1217 1869 1298 1928 inter
1317 1885 1351 1928 se
1371 1868 1540 1929 convenire
1561 1869 1748 1946 potuissent,

413 1971 446 2025 ut
461 1983 498 2026 33
517 1971 681 2025 momento
702 1982 765 2042 quo
782 1965 949 2043 discipuli,
966 1965 1020 2043 qui
1043 1965 1301 2043 probabilissime
1321 1984 1338 2025 a
1359 1965 1511 2026 Bethania
1530 1967 1748 2035 mittebantur,

412 2064 524 2123 urbem
544 2063 796 2140 ingrederentur,
819 2063 857 2122 iis
878 2067 1062 2122 occurreret
1081 2080 1192 2123 servus
1210 2062 1279 2123 heri
1298 2063 1446 2142 lagenam
1466 2080 1564 2141 aquae
1589 2063 1751 2123 baiulans?

413 2161 523 2220 debuit
544 2165 668 2238 tempus
690 2160 928 2221 accuratissime
953 2159 1096 2232 definiri,
1123 2160 1229 2220 dicent
1252 2161 1397 2222 tortasse.
1425 2164 1463 2220 At
1482 2178 1521 2221 ne
1542 2161 1601 2221 hoc
1623 2160 1750 2238 quidem

414 2259 507 2319 iuvat.
522 2259 687 2329 Quomodo
710 2259 795 2318 enim
811 2259 915 2336 potuit
933 2258 1016 2318 inter
1036 2275 1091 2318 eos
1111 2259 1277 2329 constitui,
1296 2276 1336 2319 ne
1354 2258 1504 2337 discipuli
1519 2263 1574 2320 aut
1588 2258 1683 2319 citius
1698 2265 1752 2319 aut

416 2356 530 2416 lentius
550 2357 631 2416 irent
646 2357 734 2416 etita
755 2360 883 2434 tempus
903 2373 994 2416 servo
1013 2357 1210 2434 assignatum
1231 2374 1295 2433 quo
1313 2362 1400 2416 certo
1422 2357 1492 2417 loco
1520 2373 1649 2416 urceum
1672 2357 1750 2417 terre

414 2454 544 2514 deberet
565 2472 629 2514 non
654 2454 917 2514 servareturtvel
938 2452 1102 2531 quomodo
1122 2454 1276 2513 intereos
1301 2454 1450 2531 componi
1474 2454 1586 2532 potuit,
1609 2472 1647 2514 ne
1671 2455 1751 2514 alius

414 2552 607 2628 quoquere]
630 2552 742 2612 tertius
766 2569 804 2611 eo
830 2557 975 2628 tempore
1000 2551 1035 2610 in
1058 2552 1136 2611 urbe
1161 2551 1242 2612 adeo
1264 2551 1432 2629 frequente
1457 2557 1598 2630 portaret
1622 2569 1752 2612 urceum

414 2666 513 2726 aquae
533 2650 570 2709 ad
594 2649 748 2726 plurimos
769 2666 846 2708 usus
870 2665 908 2709 eo
931 2649 1122 2725 praesertim
1147 2648 1199 2708 die
1224 2649 1444 2709 necessariae?
1464 2666 1527 2726 quo
1553 2649 1629 2726 quid
1655 2651 1753 2727 magis

414 2747 564 2807 obvium?
579 2764 653 2824 ergo
669 2746 782 2807 saltem
798 2746 912 2807 debuit
929 2747 1019 2807 lesus
1037 2746 1117 2806 scire
1132 2751 1281 2807 accurate
1299 2752 1426 2825 tempus
1441 2747 1568 2825 quando
1582 2749 1752 2825 ingressuri

414 2849 520 2904 essent
536 2846 663 2915 urbem;
684 2844 796 2904 debuit
808 2845 889 2904 scire
909 2845 976 2904 lore
995 2849 1031 2905 ut
1046 2861 1142 2905 nemo
1154 2861 1193 2904 eo
1208 2849 1355 2922 tempore
1376 2848 1408 2905 et
1421 2844 1492 2905 loco
1508 2862 1640 2905 urceum
1655 2862 1753 2922 aquae

413 2948 593 3021 portaturus
615 2948 700 3002 esset
720 2947 844 3019 praeter
868 2959 997 3002 servum
1023 2940 1127 3002 illum.
1150 2944 1229 3019 Ergo
1250 2943 1320 3002 eius
1342 2941 1553 3020 praescientia
1576 2944 1752 3004 necessario

412 3041 593 3118 requiritur,
609 3040 675 3110 ¹etsi
693 3040 764 3116 quis
784 3057 851 3099 rem
873 3039 960 3098 illam
980 3038 1148 3099 ridiculam
1170 3041 1277 3117 fingat.
1300 3040 1403 3110 Quare
1424 3040 1494 3114 alii,
1514 3047 1548 3101 ut
1565 3041 1752 3102 miraculum

414 3143 611 3206 removeant,
629 3137 732 3215 ipsam
752 3137 969 3196 narrationem
990 3136 1071 3197 hanc
1089 3154 1152 3196 non
1174 3154 1243 3196 esse
1264 3137 1422 3198 sinceram
1436 3138 1491 3198 sed
1512 3138 1680 3198 traditione
1701 3155 1753 3216 po·

415 3237 545 3296 steriore
565 3235 776 3294 adulteratam
802 3235 1002 3295 contendunt
1024 3231 1141 3314 (Black,
1163 3232 1277 3315 Meyer)
1300 3241 1332 3294 et
1355 3237 1554 3296 efformatam
1579 3235 1753 3296 secundum

417 3335 497 3404 tia.
514 3332 575 3392 Sed
591 3333 660 3410 ipso
675 3349 804 3409 quoque
820 3331 968 3391 narrandi
987 3331 1083 3393 modo
1103 3331 1188 3409 apud
1207 3333 1316 3393 llatth.
1334 3334 1374 3391 ite
1394 3331 1435 3392 ad
1450 3330 1600 3413 quendam
1617 3335 1753 3394 narratio

417 3432 512 3492 Marci
528 3436 559 3490 et
575 3433 672 3490 Lucae
688 3429 897 3490 confirmatur
911 3430 992 3509 (vide
1006 3429 1045 3489 ad
1063 3429 1171 3490 llatth.
1189 3431 1303 3508 26,l8).

462 3581 555 3647 Cives
575 3580 670 3646 urbis
684 3580 869 3646 coenacula
887 3602 1009 3669 parare
1029 3585 1064 3646 ct
1084 3582 1279 3669 peregrinis
1298 3581 1342 3648 ad
1362 3582 1489 3671 pascha
1508 3583 1752 3650 celebrandum

417 3688 549 3753 elocare
566 3687 733 3753 solebant.
753 3686 924 3753 Eiusmodi
951 3686 1135 3753 coenacula
1154 3686 1272 3754 debito
1303 3695 1455 3777 tempore
1479 3690 1751 3768 instruebantur;

417 3793 508 3860 unde
527 3795 555 3859 is
575 3817 711 3882 quoque
736 3793 780 3859 ad
803 3815 906 3882 quem
933 3794 1096 3860 Dominus
1116 3795 1207 3860 misit
1225 3795 1295 3860 iam
1319 3793 1470 3863 habehat
1490 3796 1674 3862 triclinium
1693 3820 1753 3885 pa-

417 3906 528 3966 ratum
549 3923 580 3965 v.
601 3907 641 3967 15
660 3912 691 3965 et
710 3899 781 3989 ipse
805 3899 897 3966 vobis
913 3899 1159 3966 demonstrabit
1178 3903 1403 3969 coenaculum
1416 3902 1565 3992 prande,
1591 3917 1751 3984 suatum,

416 4005 558 4094 ἀνάγαιον
577 4005 660 4071 dicit
672 4007 832 4073 conclave
847 4009 882 4073 in
896 4013 993 4095 parte
1009 4006 1131 4073 domus
1143 4009 1340 4098 superiore,
1362 4007 1543 4098 icrpoplvov
1563 4032 1631 4077 non
1647 4017 1754 4099 potest

417 4114 536 4179 relcrri
559 4112 603 4178 ad
629 4114 865 4201 pavimentum
896 4112 998 4200 (nlo.)
1023 4136 1136 4202 neque
1162 4113 1207 4181 ad
1230 4114 1302 4182 sola
1336 4123 1468 4205 tapeta,
1499 4116 1559 4184 sed
1584 4116 1627 4183 ad
1654 4116 1754 4182 lectos

416 4219 606 4286 convivales
627 4240 687 4284 seu
706 4220 927 4301 tricliniares,
953 4220 989 4286 in
1009 4219 1135 4308 quibus
1153 4221 1301 4288 iacentes
1323 4244 1459 4290 mensae
1477 4223 1680 4290 accumbere
1701 4245 1752 4289 so-

419 4326 553 4408 lebant,
576 4325 714 4392 additur
728 4325 864 4413 ἕτοιμον,
882 4327 976 4417 quod
990 4327 1107 4415 itaque
1127 4350 1195 4394 non
1214 4329 1326 4394 solum
1345 4330 1440 4397 lectis
1458 4332 1678 4409 instructum,
1697 4329 1754 4395 sed

419 4433 522 4498 etiam
544 4431 587 4501 ad
612 4453 752 4498 coenam
780 4436 977 4522 paschalem
1002 4441 1160 4522 paratum
1185 4441 1217 4501 31
1236 4436 1531 4504 accommodatum
1552 4445 1616 4516 est;
1636 4450 1667 4502 et
1687 4435 1755 4501 illic

417 4551 539 4629 parate
554 4539 659 4619 nobis,
676 4562 717 4605 ea
732 4549 911 4628 procurate
926 4548 960 4608 31
973 4540 1091 4608 afferte
1106 4563 1195 4631 quae
1210 4546 1402 4611 necessaria
1415 4551 1505 4627 sunt,
1521 4567 1552 4610 v.
1576 4567 1610 4631 g.
1628 4564 1754 4629 agnum

422 4645 536 4712 debito
564 4647 664 4713 modo
691 4653 866 4735 paratum,
899 4670 1004 4737 panes
1031 4670 1170 4736 azymos
1194 4671 1273 4715 omn
1302 4650 1444 4718 lactucis
1471 4651 1662 4738 agrestibus
1685 4653 1752 4738 (Ex.

425 4756 533 4836 118),
556 4755 676 4820 calices
697 4777 776 4821 cum
796 4756 875 4821 vino
896 4762 978 4839 etc.;
1001 4778 1035 4823 v.
1057 4762 1097 4822 16
1116 4767 1149 4822 et
1165 4754 1326 4824 abierrmt
1346 4757 1509 4850 discipuli
1522 4758 1612 4833 eius,
1635 4757 1754 4846 proba-
