3960 5654
212 39 511 93 raze-„samem
522 40 533 87 ῖς
547 40 570 87 2„
705 43 722 66 ·.
779 48 781 53 .
864 47 867 53 -

261 105 262 108 =
290 90 338 115 Γ*
358 96 371 101 ”
525 105 528 108 ·

251 126 254 132 ,
321 122 324 129 ,

873 340 967 385 nano.
990 326 1020 400 6,
1045 329 1147 389 iti-18.
1619 330 1674 389 167

344 475 411 542 hac
420 476 613 547 narratione
625 482 757 570 pugnat
763 473 855 564 quod
865 473 970 544 habet
982 484 1087 545 Lucas
1097 496 1177 543 eum
1190 475 1371 543 haesitasse
1384 483 1418 544 et
1428 476 1549 543 dixisse
1562 497 1569 544 :
1584 480 1677 544 toan-

344 604 423 649 nem
443 604 508 672 ego
520 583 704 660 decollavi;
719 581 795 671 quis
806 587 855 648 est
867 588 983 650 antem
998 586 1070 660 iste,
1088 582 1213 669 dequo
1231 604 1296 667 ego
1311 584 1393 649 talia
1409 582 1511 650 audio
1523 585 1604 672 (95.
1619 584 1674 671 9)‘.‘

342 690 493 759 Hominis
504 692 596 759 enim
609 687 845 776 superstitiosi,
864 691 988 772 timidi,
1005 687 1118 754 mollis
1131 695 1180 754 est
1192 711 1291 777 saepe
1315 695 1445 754 mutare
1457 691 1672 768 senteutiam,

342 797 446 865 modo
458 799 645 872 affirmare,
664 793 765 861 modo
781 795 973 863 indubium
991 817 1112 861 vocare
1124 802 1157 860 et
1171 795 1350 862 haesitare.
1368 799 1436 859 tam
1448 796 1484 861 S.
1502 800 1589 884 tuq.
1604 799 1625 862 l.
1642 820 1671 862 c.

342 911 461 972 notat:
487 931 504 964 ι(
531 900 791 988 intelligendum
810 909 860 969 est
884 908 941 968 aut
960 923 1038 968 eum
1056 908 1130 989 post
1154 902 1244 967 hanc
1267 902 1523 968 haesitationem
1554 904 1675 968 confir-

343 1032 451 1078 masse
466 1007 625 1074 inanimo
638 1008 799 1098 suoquod
811 1008 856 1074 ab
870 1009 946 1075 aliis
966 1008 1157 1088 dicebatur,
1175 1015 1235 1074 aut
1251 1010 1297 1073 ita
1322 1009 1578 1096 pronuntianda
1598 1017 1676 1075 sunt

341 1117 427 1183 haec
443 1115 565 1195 verba,
582 1120 620 1182 ut
634 1114 855 1182 haesitantem
875 1113 988 1181 adhuc
1008 1114 1161 1181 indicent
1178 1142 1207 1193 n,
1232 1120 1270 1180 ut
1285 1115 1356 1180 scil.
1378 1137 1417 1180 ea
1434 1115 1536 1181 verba
1552 1117 1671 1204 perin-

340 1220 604 1308 terrogationem
619 1222 777 1309 legantur
801 1219 891 1307 (sint.
917 1220 1034 1309 Beda).
1067 1221 1245 1287 Probabile
1267 1228 1381 1287 censet
1396 1223 1485 1287 lons.
1505 1221 1667 1311 Herodem

341 1350 484 1415 negasse
496 1349 653 1396 cumesse
665 1332 841 1408 loannem,
856 1349 933 1393 cum
952 1329 1053 1414 vulgo
1066 1328 1277 1417 loqueretur,
1296 1350 1336 1394 ue
1348 1328 1419 1393 scil.
1435 1329 1479 1394 ad
1496 1351 1574 1394 eum
1592 1351 1671 1395 cou-

340 1440 556 1503 currerentet
566 1440 684 1502 contra
693 1455 728 1500 se
737 1433 937 1500 seditionem
949 1435 1177 1511 concitarent;
1194 1434 1382 1500 affirmasse
1394 1441 1509 1500 autem
1520 1456 1671 1501 seorsum

339 1541 565 1609 familiaribus
598 1541 667 1607 suis
699 1539 824 1630 quibus
849 1540 1059 1606 confidenter
1087 1542 1294 1607 seutentiam
1329 1562 1426 1607 suam
1459 1548 1493 1608 et
1516 1543 1673 1608 timorem

340 1649 523 1737 aperuerit.
544 1651 666 1715 Verum
683 1645 778 1737 prius
799 1647 892 1736 quod
915 1646 985 1712 dixi
1006 1652 1038 1714 et
1053 1647 1242 1737 simplicius
1257 1654 1306 1713 est
1328 1652 1362 1713 et
1387 1648 1432 1714 ad
1449 1648 1597 1714 hominis
1621 1670 1675 1715 su·

340 1755 523 1845 perstitiosi
538 1760 571 1821 et
585 1754 673 1821 male
692 1752 757 1819 sibi
777 1755 905 1820 conscii
924 1754 1106 1840 ingenium
1125 1754 1263 1820 omnino
1283 1761 1562 1822 consentaneum.

387 1865 456 1928 tam
484 1874 561 1928 eunt
590 1860 748 1928 babuisse
767 1858 922 1939 abunde,
943 1882 1005 1927 cur
1027 1860 1174 1927 stimulis
1193 1860 1419 1927 conscientiae
1442 1868 1624 1928 vexaretur
1643 1867 1674 1928 et

341 1968 397 2035 [lei
416 1968 581 2034 ultionem
600 1966 752 2047 timeret,
775 1989 810 2033 re
826 1973 965 2033 narrata
980 1966 1188 2048 ostenditur3
1206 1990 1239 2035 v.
1260 1974 1300 2033 17
1316 1969 1386 2057 ipse
1402 1968 1492 2033 enim
1513 1968 1669 2046 Herodes,

340 2073 447 2156 αὐτός,
466 2073 564 2142 idem
580 2075 671 2141 euim
693 2072 856 2151 Herodes,
877 2081 914 2140 ut
928 2073 987 2140 alii
1008 2075 1144 2155 volunt,
1166 2074 1276 2154 idem,
1301 2075 1374 2140 scil.
1400 2074 1547 2141 Herodes
1570 2077 1671 2159 (Keil,

350 2182 467 2271 Weiss)
487 2181 580 2248 misit
591 2203 632 2247 oc
650 2167 756 2247 tenuit
770 2181 950 2263 Ioannem,
971 2181 1079 2248 missis
1097 2180 1351 2270 apparitoribus
1368 2181 1627 2270 comprehendit
1641 2195 1673 2248 et

339 2288 452 2356 otitait
464 2310 544 2355 eum
558 2288 595 2354 in
607 2309 740 2354 earcere
749 2299 891 2377 propter
905 2287 1132 2353 Herodiadem
1148 2309 1289 2354 acorem
1306 2286 1462 2376 Philippi
1468 2289 1590 2375 fratris
1605 2290 1671 2370 sui,

342 2395 425 2486 quio
451 2394 599 2462 duceret
616 2414 712 2477 eom;
735 2394 911 2475 Herodias‚
938 2393 1123 2460 aristobuli
1151 2393 1241 2473 filia,
1268 2394 1357 2480 regis
1380 2394 1522 2461 Herodis
1543 2396 1669 2484 neptis,

341 2508 504 2593 nupserat
530 2501 651 2568 Herodi
678 2500 836 2590 Philippo
862 2507 1000 2590 patruo,
1022 2501 1076 2567 cui
1097 2508 1232 2590 raptam
1258 2501 1409 2567 Herodes
1435 2503 1574 2590 Antipas
1592 2502 1672 2568 item

336 2614 483 2700 patruus
501 2613 577 2676 eam
595 2608 660 2674 sibi
677 2609 813 2674 incestis
838 2608 967 2697 nuptiis
986 2607 1178 2696 copulavit;
1202 2608 1396 2697 Philippus,
1424 2610 1516 2695 regis
1536 2608 1672 2675 Herodis

341 2715 449 2798 filius,
476 2715 583 2782 irater
607 2720 680 2781 erat
697 2713 845 2803 Philippi
873 2714 1066 2781 tetrarchae
1087 2714 1182 2802 (huc.
1213 2716 1298 2799 3,1).
1322 2715 1448 2781 Scribit
1475 2714 1633 2804 Iosephus
1660 2737 1671 2782 :

341 2822 502 2890 Herodias
525 2827 562 2888 ut
585 2843 673 2912 quae
691 2821 727 2886 in
745 2820 898 2887 animum
920 2820 1099 2887 induxerat
1126 2821 1219 2907 leges
1237 2821 1365 2910 patrias
1384 2821 1524 2904 violare,
1547 2821 1671 2889 Herodi

341 2928 457 3019 nupsit
467 2928 531 2995 viri
540 2928 635 3018 sui(a
645 2949 713 3017 quo
724 2927 801 2993 vivo
810 2926 974 3015 discessit)
986 2949 1026 2993 ex
1037 2925 1157 2994 eodem
1168 2934 1265 3015 patre
1276 2927 1508 3017 tratri(.tutiq.
1520 2934 1608 3009 18‚5.
1622 2927 1668 3016 t).

244 3094 246 3099 .
342 3024 534 3104 Cum'enim
549 3035 695 3101 Herodes
718 3035 856 3123 hntipas
879 3038 1020 3100 Romam
1040 3034 1314 3123 proficisceretur
1331 3033 1514 3101 diverterat
1536 3035 1579 3102 ad
1600 3031 1670 3101 sra-

342 3149 429 3209 trem
443 3142 524 3231 (non
537 3148 652 3209 tamen
665 3164 705 3208 er
717 3142 837 3207 eadem
853 3140 976 3229 matre)
995 3140 1162 3207 Herodem
1177 3140 1394 3232 Pbilippum;
1413 3140 1529 3230 ibique
1552 3147 1670 3232 captus

342 3255 415 3317 erat
429 3270 545 3316 amore
559 3247 757 3315 Herodiadis
770 3254 872 3337 atque
885 3248 1045 3314 intereos
1060 3255 1266 3314 convenerat
1283 3249 1377 3314 illam
1394 3249 1429 3313 in
1445 3249 1517 3315 eius
1532 3248 1669 3315 domum

342 3377 579 3423 concessuram
601 3355 713 3423 statim
729 3360 832 3443 atque
851 3356 921 3444 ipse
944 3359 1050 3420 Roma
1067 3352 1222 3420 rediisset
1236 3355 1366 3443 (Antiq.
1391 3361 1480 3435 18,5.
1505 3355 1551 3444 1).
1569 3360 1670 3423 Hero-

342 3461 416 3530 dias
427 3463 518 3530 enim
534 3461 638 3552 plena
652 3461 848 3528 ambitionis
858 3460 1058 3547 dignitatem
1073 3461 1258 3550 appetebat
1270 3463 1400 3547 regiam
1414 3484 1422 3542 ;
1439 3462 1528 3528 unde
1541 3462 1670 3529 iamdu-

342 3568 426 3637 dum
443 3591 519 3636 eam
534 3573 726 3659 pertaesum
740 3572 814 3635 erat
829 3568 990 3634 consortii
1006 3567 1153 3657 Philippi
1172 3568 1307 3648 mariti,
1326 3573 1440 3656 utpote
1457 3569 1521 3634 viri
1534 3570 1669 3657 privati.

343 3675 430 3754 Quid
453 3676 518 3743 sibi
542 3675 623 3742 velit
640 3687 779 3764 propter
800 3673 1047 3755 Herodiadem,
1077 3675 1268 3762 explicatur
1289 3698 1321 3740 v.
1355 3680 1394 3741 18
1419 3673 1552 3741 dicebat
1581 3675 1669 3742 enim

342 3784 485 3850 Ioannes
498 3781 625 3849 Herodi
637 3782 817 3849 :nonlicet
831 3781 893 3847 tibi
904 3780 1025 3847 debere
1047 3804 1186 3848 tenorem
1200 3782 1322 3870 fratris
1335 3781 1389 3848 tui
1398 3783 1442 3848 cl.
1458 3786 1533 3848 Lev.
1552 3787 1668 3864 18‚16;

342 3895 443 3965 2021
456 3912 463 3972 ;
480 3919 495 3951 (ι
509 3910 592 3977 ergo
602 3895 743 3957 loannes
752 3888 899 3977 baptista
910 3887 970 3976 qui
984 3888 1075 3953 venit
1088 3888 1122 3953 iu
1131 3889 1252 3977 spiritu
1263 3897 1296 3954 et
1308 3888 1431 3956 virtute
1445 3889 1534 3956 Eliae
1549 3889 1668 3956 eadem

262 4082 264 4087 Ι
343 3997 544 4063 auctoritate
568 4018 637 4085 qua
657 3996 714 4061 ille
732 3994 849 4062 Achab
872 3995 1084 4082 corripuerat
1107 4001 1139 4061 et
1165 3995 1296 4061 lezabel
1319 3997 1432 4082 arguit
1451 3996 1614 4063 Herodem
1634 4005 1667 4062 et

344 4101 567 4170 Herodiadem
582 4132 598 4164 a
615 4101 710 4192 (Bed.
723 4103 799 4169 sim.
817 4100 920 4188 Alb.)
934 4100 1019 4180 Quid
1031 4101 1179 4192 baptista
1191 4101 1233 4169 de
1249 4102 1379 4169 Herode
1389 4110 1551 4183 censeret,
1569 4104 1667 4190 igno-

344 4216 418 4276 tum
438 4231 576 4276 manere
596 4231 663 4276 non
681 4208 857 4300 potuisset,
880 4209 941 4274 etsi
961 4207 1070 4275 scelus
1090 4215 1122 4274 et
1145 4208 1345 4275 scandalum
1366 4210 1399 4275 in
1421 4209 1523 4275 domo
1549 4216 1670 4277 tetrar-

344 4317 429 4385 chae
450 4317 609 4383 exsistens
634 4317 748 4404 palam
769 4336 837 4382 non
859 4313 1144 4404 reprehendisset.
1172 4321 1281 4394 Quare
1304 4315 1481 4382 molestum
1499 4317 1668 4383 vindicem

344 4445 480 4490 morum
499 4444 633 4490 earcere
657 4423 802 4489 inclusit.
823 4425 937 4511 Neque
953 4421 1178 4512 improbabile
1197 4422 1353 4511 estquod
1375 4424 1534 4513 Iosephus
1552 4425 1635 4491 dicit
1656 4448 1663 4493 :

347 4558 364 4592 ι(
385 4551 465 4597 cum
491 4527 589 4596 multi
614 4527 763 4619 undique
783 4528 826 4596 ad
845 4549 922 4595 eum
942 4528 1169 4608 confluerent,
1202 4529 1347 4596 Herodes
1367 4530 1491 4597 veritus
1519 4537 1671 4598 uetante

345 4637 495 4704 hominis
521 4636 704 4704 auctoritas
735 4634 887 4703 subditos
912 4635 954 4701 ad
982 4635 1209 4702 delectionem
1239 4637 1445 4725 impelleret,
1472 4638 1576 4704 satius
1601 4661 1671 4705 esse

346 4742 441 4811 duxit
456 4745 653 4834 priusquam
668 4742 749 4809 novi
764 4743 892 4833 aliquid
907 4765 947 4809 ex
962 4742 1021 4808 illo
1037 4743 1185 4808 oriretur
1202 4766 1280 4810 eum
1301 4765 1319 4809 e
1334 4743 1446 4810 modio
1461 4746 1596 4826 tollere3
1620 4754 1672 4812 at-
