3960 5654
1061 473 1152 517 nanc.
1175 458 1205 528 o,
1228 459 1290 519 aa.
1784 470 1838 530 161

511 634 651 703 panem,
680 637 722 682 ne
749 616 819 683 ullo
851 612 950 680 modo
976 608 1135 676 sollicitos
1160 633 1195 676 se
1216 609 1404 701 praebeant
1427 630 1488 697 pro
1514 615 1604 680 victu
1623 614 1708 698 diei,
1729 638 1839 706 neque

508 741 564 786 aes
583 721 605 787 i.
627 744 656 788 e.
674 744 717 790 ne
730 722 909 788 minimum
923 714 1062 805 quidem
1078 718 1260 805 pecuniae,
1274 736 1342 803 quo
1356 714 1420 780 sibi
1436 714 1627 805 quidquam
1640 744 1838 812 comparare

508 829 644 915 possint.
665 834 762 895 Totos
775 847 809 891 se
828 824 1045 890 committant
1063 822 1198 889 divinae
1222 819 1457 909 providentiae
1473 822 1573 889 liberi
1589 825 1634 891 ab
1647 831 1739 895 omni
1756 851 1839 897 cura

506 934 794 1001 etsollicitudine.
819 931 956 1016 virgam
980 930 1096 1016 itaque
1120 950 1187 1016 qua
1211 928 1354 992 viatores
1375 928 1423 992 uti
1449 929 1559 995 solent
1584 932 1632 997 eis
1655 938 1836 1021 permittit,

505 1042 586 1129 quia
602 1043 701 1125 virga
724 1058 790 1103 non
808 1043 857 1104 est
873 1035 1158 1124 impedimentum
1180 1033 1328 1113 itineris,
1351 1035 1438 1100 sicut
1453 1036 1605 1103 sarcinae
1621 1039 1789 1109 alimentis
1803 1051 1837 1110 et

505 1146 653 1212 vestibus
666 1151 842 1225 oneratae,
865 1141 923 1210 sed
937 1164 976 1207 ea
996 1143 1111 1230 potius
1130 1137 1357 1228 expeditiores
1375 1141 1566 1209 redduntur
1586 1144 1627 1210 ad
1649 1147 1737 1213 viam
1758 1170 1837 1216 con·

504 1249 696 1318 liciendam.
719 1255 831 1341 Neque
848 1249 882 1316 id
897 1249 1105 1315 eontrarium
1124 1253 1174 1311 est
1193 1246 1223 1311 ei
1242 1245 1334 1334 quod
1358 1250 1473 1314 llattlr.
1493 1256 1568 1326 loo
1585 1251 1719 1337 legitur,
1736 1255 1836 1322 dum-

504 1356 604 1431 modo
619 1355 874 1424 attendaturibi
889 1354 957 1421 dici
978 1355 1020 1440 μὴ
1041 1349 1193 1421 κτήσησθε
1214 1374 1255 1417 ne
1270 1352 1376 1438 igitur
1391 1354 1524 1440 virgam
1537 1356 1601 1423 sibi
1617 1372 1833 1448 comparent;

502 1465 601 1553 proin
623 1465 650 1529 si
671 1465 804 1549 virgam
829 1461 873 1527 ad
895 1482 1036 1528 manum
1056 1460 1201 1538 habent,
1226 1459 1346 1526 tollant
1363 1481 1454 1541 eam;
1474 1462 1524 1526 sin
1543 1464 1673 1546 minus,
1691 1476 1835 1554 pergant

501 1571 572 1636 sine
591 1570 661 1636 nlla
681 1591 777 1635 mora
791 1575 824 1636 et
836 1569 900 1633 iter
914 1566 1165 1654 aggrediantur
1179 1588 1289 1654 neque
1304 1565 1372 1633 sint
1385 1565 1428 1633 de
1445 1568 1504 1633 tali
1518 1569 1730 1638 adminiculo
1747 1574 1836 1641 solli-

501 1676 575 1757 citi;
607 1676 654 1742 ita
681 1675 767 1741 bene
799 1674 865 1742 cat
901 1675 990 1740 ..·si
1020 1673 1097 1761 quis
1123 1673 1255 1758 virgam
1281 1671 1387 1739 habet
1412 1695 1526 1740 secum
1553 1676 1657 1760 lerat;
1682 1679 1741 1766 qui
1769 1702 1835 1747 non

501 1782 605 1849 habet
624 1804 694 1847 non
716 1787 874 1871 quaerat,
901 1780 994 1846 illico
1013 1778 1284 1868 proficiscimini3
1306 1784 1393 1846 Deus
1410 1779 1538 1870 quippe
1554 1781 1723 1872 quidquid
1741 1786 1835 1854 vobis

500 1911 585 1977 opus
600 1888 751 1955 laturum
768 1895 818 1955 est
840 1885 1085 1976 suppeditabit.
1117 1885 1193 1950 Vult
1216 1907 1275 1952 eos
1301 1906 1394 1967 esse,
1418 1892 1453 1952 ut
1484 1887 1566 1954 Vict.
1589 1889 1687 1973 dicit,
1709 1891 1834 1960 liberos

499 1995 544 2061 ab
556 1995 650 2060 omni
663 1992 860 2083 cupiditate.

538 2227 737 2287 Permultum
760 2225 946 2286 exercebant
967 2224 1096 2302 ingenia
1119 2223 1158 2284 de
1184 2224 1245 2284 ista
1268 2225 1356 2303 virga
1379 2244 1476 2303 quam
1502 2230 1587 2306 apud
1612 2229 1720 2290 Matth.
1747 2231 1833 2293 lesus

500 2324 676 2404 prohibeat,
701 2324 863 2402 permittat
885 2322 968 2400 apud
994 2324 1145 2382 Marcum.
1171 2322 1277 2399 Aliqui
1302 2322 1453 2383 volebant
1474 2326 1667 2387 Matthaeum
1692 2329 1832 2408 rigorose

500 2439 567 2482 rem
583 2439 784 2501 exaggerasse
803 2419 942 2499 (Weiss);
960 2420 1046 2480 aliie
1063 2426 1171 2480 contra
1188 2422 1322 2480 Marcum
1340 2422 1395 2498 qui
1415 2422 1517 2501 magis
1533 2441 1608 2485 usus
1633 2431 1717 2487 esset
1736 2428 1833 2488 ratio·

499 2521 583 2580 cinio
604 2521 741 2598 rigorem
758 2524 952 2597 temperasse
973 2517 1097 2597 (aaarp
1115 2518 1146 2577 in
1164 2535 1261 2595 quam
1281 2521 1472 2579 sententiam
1493 2521 1556 2579 iam
1576 2523 1710 2599 praeivit
1731 2525 1832 2586 Vtet:

500 2643 513 2671 a
531 2618 635 2678 dicere
651 2617 722 2695 quis
742 2617 841 2695 possit
860 2617 1034 2676 relaxatum
1053 2615 1176 2693 aliquid
1192 2633 1249 2694 per
1264 2615 1494 2696 indulgentiam
1510 2635 1548 2678 eo
1564 2620 1648 2697 quod
1664 2621 1805 2701 adiungit
1822 2641 1829 2682 :

498 2716 559 2775 nisi
575 2716 695 2794 virgam
711 2719 870 2775 tantum...
887 2713 936 2773 his
952 2713 1112 2791 siquidem
1131 2713 1302 2775 concinunt
1318 2713 1372 2774 illa
1386 2715 1499 2775 Christi
1515 2717 1609 2777 verba
1625 2723 1697 2778 ante
1712 2720 1830 2797 passio·

498 2830 572 2874 nem
595 2813 772 2873 secundum
794 2813 925 2883 Lucam;
951 2811 1030 2871 dicit
1053 2810 1137 2870 enim
1162 2810 1200 2869 ad
1223 2810 1423 2889 discipulos:
1442 2814 1568 2891 quando
1589 2816 1662 2875 misi
1687 2835 1742 2877 vos
1763 2819 1831 2879 sine

499 2912 622 2971 sacculo
638 2914 670 2970 et
684 2927 759 2988 pera
774 2915 806 2970 et
819 2909 941 2978 calceis,
959 2926 1036 2968 nnm
1051 2907 1169 2986 aliquid
1188 2908 1288 2969 deluit
1304 2910 1415 2969 vobis?
1431 2910 1482 2971 hic
1497 2912 1618 2991 virgam
1635 2914 1730 2987 siluit,
1748 2914 1832 2977 vide·

499 3009 572 3068 licet
585 3008 752 3068 relaxatam
770 3008 944 3068 secundum
963 3007 1099 3066 Marcum
1117 3031 1141 3064 ι».
1161 3006 1269 3083 Neque
1282 3006 1322 3066 ab
1338 3007 1398 3068 hac
1412 3010 1593 3086 acceptione
1608 3010 1730 3072 abludit
1746 3014 1829 3074 Putr.

498 3107 553 3182 qui
574 3112 733 3184 praeterea
753 3105 865 3165 addit:
883 3105 990 3182 itaque
1015 3104 1156 3163 Christus
1178 3104 1337 3181 apostolos
1363 3106 1487 3166 monuit
1506 3124 1545 3167 ne
1566 3108 1643 3185 quid
1666 3109 1696 3168 in
1720 3109 1832 3172 itinere

499 3221 604 3264 secum
619 3202 776 3273 tollerent,
794 3220 896 3281 neque
911 3203 1047 3280 virgam,
1066 3200 1115 3260 vel
1129 3206 1214 3260 certe
1232 3201 1292 3260 nisi
1312 3202 1435 3279 virgam
1453 3209 1587 3265 tantum.
1603 3204 1651 3265 Ad
1664 3206 1749 3267 idem
1764 3225 1832 3286 per·

499 3302 630 3361 veniunt
649 3302 704 3378 qui
719 3306 832 3379 putant
849 3303 871 3357 εἰ
887 3299 924 3371 μὴ
945 3303 968 3380 p.
984 3323 1014 3374 p.
1033 3316 1126 3376 posse
1145 3299 1225 3359 verti
1245 3316 1251 3357 :
1269 3298 1308 3359 ad
1323 3316 1482 3361 summurn
1503 3320 1597 3362 unam
1615 3304 1746 3382 virgam.
1764 3306 1831 3367 ntia

498 3416 596 3476 eaque
613 3399 701 3477 plura
717 3400 779 3458 iam
795 3398 938 3459 recensui
954 3399 986 3458 in
1002 3397 1180 3458 Commeat.
1199 3396 1308 3456 llatth.
1327 3397 1338 3457 l
1355 3415 1386 3476 p.
1403 3401 1472 3459 384.

542 3607 581 3670 Ut
601 3603 673 3668 sine
694 3601 801 3668 multa
821 3601 975 3668 molestia
995 3607 1029 3667 et
1058 3599 1206 3667 laesione
1230 3600 1357 3690 pedum
1382 3602 1447 3669 iter
1470 3611 1654 3692 peragant,
1677 3605 1829 3676 sandalia

496 3710 544 3775 eis
558 3709 814 3798 permittuntur,
829 3731 860 3774 v.
883 3716 902 3775 9
922 3706 983 3774 sed
1001 3707 1167 3773 calceatos
1186 3705 1369 3790 sandalia,
1393 3738 1408 3770 a
1427 3712 1544 3777 Graeci
1563 3702 1716 3775 σανδάλια
1734 3736 1830 3783 voea-

497 3815 579 3881 bant
593 3817 699 3881 soleas
715 3816 768 3881 vel
782 3837 800 3881 e
815 3816 907 3881 corio
923 3813 975 3880 vel
994 3836 1013 3879 e
1030 3814 1126 3899 ligno
1146 3814 1270 3902 quibus
1284 3815 1412 3903 pedum
1427 3815 1564 3905 plantae
1579 3818 1757 3887 dumtaxat
1770 3821 1830 3889 ob-

496 3921 722 4002 ducebantur‚
751 3944 838 4010 quae
859 3944 939 3988 vero
969 3926 1078 3986 totum
1106 3918 1231 4008 pedem
1259 3922 1461 4011 operiebant
1487 3914 1676 4012 ὑποδήματα
1699 3927 1828 3997 calcca-

497 4035 622 4094 menta.
649 4028 831 4094 Matthaeus
856 4050 939 4114 ergo
965 4035 998 4093 et
1015 4031 1143 4093 llarcus
1159 4027 1350 4115 pugnantia
1368 4050 1586 4119 nequaquam
1603 4033 1825 4123 scripserunt,

495 4134 645 4200 camille
661 4136 812 4202 narravit
824 4156 934 4223 neque
950 4132 1181 4199 calceamenta
1199 4135 1360 4222 apostolis
1376 4157 1533 4203 concessa
1549 4138 1669 4221 luisse,
1688 4140 1743 4207 hic
1756 4163 1828 4208 eos·

496 4240 573 4306 dem
594 4242 683 4328 ipsos
706 4240 811 4307 iussos
829 4240 988 4307 incedere
1005 4238 1171 4304 calceatos
1192 4240 1387 4308 sandaliis»
1411 4243 1550 4329 (Pata).
1571 4245 1732 4312 Similiter
1749 4269 1827 4316 san·

496 4347 586 4414 datia
602 4348 772 4436 explicant
787 4350 823 4416 S.
846 4351 934 4437 Auq.
952 4346 1008 4434 (de
1026 4366 1117 4411 cons.
1136 4366 1259 4432 evang.
1275 4352 1296 4411 2
1315 4368 1348 4413 n.
1370 4355 1424 4434 75)
1441 4349 1521 4415 Bed.
1536 4349 1613 4418 Alo.
1628 4353 1717 4420 Iona.
1733 4356 1823 4446 BrLsp.

495 4456 558 4522 Fit.
580 4454 669 4534 Keil,
694 4454 797 4520 Weiss
815 4455 960 4543 aliique3
981 4473 1090 4542 qnare
1107 4451 1201 4518 nulla
1219 4454 1604 4524 cemiturcontradictio
1620 4481 1697 4526 cum
1712 4464 1824 4532 llattlr.

497 4568 609 4642 tolo.
628 4562 730 4628 Aliter
755 4562 836 4628 Vict.
858 4563 1007 4651 concipit
1024 4557 1082 4649 qui
1103 4546 1182 4645 μηδέ
1196 4561 1300 4627 etiam
1319 4561 1377 4628 hic
1395 4563 1623 4653 supplendum
1643 4589 1712 4634 esse
1731 4576 1827 4658 putat

496 4662 577 4729 ἀλλὰ
596 4657 673 4756 μηδὲ
692 4654 892 4730 caterona
907 4656 1078 4742 σκνδάλικς
1099 4680 1132 4734 et
1151 4689 1192 4733 ne
1215 4666 1440 4736 zaduerenua·
1462 4668 1596 4738 duabus
1617 4674 1755 4755 tunicis,
1776 4678 1825 4744 uti

494 4776 607 4844 llatth.
634 4775 880 4857 ro‚10:nolite
902 4775 1075 4865 possidere
1094 4777 1178 4844 duas
1190 4774 1323 4844 tunicas
1346 4782 1380 4844 et
1407 4781 1483 4843 Lac.
1505 4784 1562 4857 9,3
1590 4778 1667 4866 μήτε
1694 4771 1747 4843 δύο
1772 4804 1824 4868 χι-

494 4892 590 4956 rom
610 4880 702 4971 ἔχειν.
726 4885 799 4952 t'nlt
820 4883 936 4973 itaque
952 4893 991 4951 ut
1015 4885 1052 4950 in
1074 4884 1164 4952 victu
1189 4887 1223 4949 et
1239 4882 1362 4951 vestitu
1378 4883 1479 4975 plene
1500 4885 1677 4955 confidant
1694 4889 1767 4958 lore
1788 4896 1825 4958 ut

944 5001 1132 5053 triturantem
1148 5012 1174 5052 nr
1190 4999 1276 5050 Hauc.
1293 5028 1323 5043 -
1341 5005 1378 5051 ll.
