3960 5654
1009 474 1110 534 aare?
1125 478 1154 550 7,
1177 478 1282 538 3435.
1752 474 1810 538 wi
1906 430 1959 563 ’

484 626 578 715 quod
599 638 647 694 est
672 621 872 715 adapen're,·
896 625 1067 693 aramaice
1083 642 1200 720 nnana
1217 628 1244 704 ῖς
1264 625 1353 714 quod
1378 627 1523 694 verbum
1544 649 1622 694 cum
1643 627 1812 712 significet

483 736 616 823 aperire
635 737 668 796 et
687 732 788 800 etiam
810 734 941 800 solvere
960 753 992 796 v.
1018 755 1053 820 g.
1075 721 1229 815 vincula,
1255 754 1391 800 saccum
1412 734 1561 823 (aperire
1581 733 1716 800 vincula
1736 732 1809 799 scil.

483 847 531 907 est
545 839 691 921 solvere;
712 841 753 907 cl.
775 839 834 907 lob
846 845 964 921 30‚ll;
982 836 1101 922 38.31';
1119 847 1211 921 39,5.
1232 845 1280 907 Ps.
1298 846 1412 919 30,12.
1430 846 1468 907 ls.
1489 846 1595 928 203),
1612 842 1756 907 refertur
1771 839 1815 906 ad

482 968 580 1014 aures
594 947 797 1034 aperiendas
811 951 845 1011 et
866 945 1040 1014 vinculum
1059 949 1202 1035 linguae
1220 948 1440 1036 solvendum;
1461 947 1536 1013 vide
1551 968 1582 1014 v.
1604 954 1657 1015 35.
1679 949 1811 1034 Lingua

481 1054 573 1120 enim
588 1055 669 1120 muti
686 1053 795 1142 ligata
809 1075 879 1119 esse
894 1061 1060 1122 censetur.
1081 1055 1233 1122 Retinuit
1244 1059 1372 1121 Marcus
1387 1056 1497 1143 ipsam
1513 1076 1630 1121 vocem
1643 1076 1712 1143 qua
1725 1060 1816 1121 lesus

480 1182 560 1226 usus
572 1166 636 1241 est,
652 1163 699 1227 uti
711 1167 788 1244 5,tl
806 1167 840 1226 et
853 1167 949 1242 7,11;
968 1164 1015 1229 ita
1028 1162 1101 1229 scil.
1121 1168 1254 1243 Petrae,
1273 1164 1321 1230 rei
1337 1169 1456 1249 gestae
1474 1162 1582 1242 testis,
1605 1183 1745 1229 narrare
1759 1183 1813 1228 so·

483 1267 591 1348 lebat,
608 1275 709 1358 alque
724 1290 763 1334 ea
775 1289 856 1334 voce
868 1269 1217 1342 servataconciliatur
1231 1271 1416 1337 narrationi
1434 1269 1541 1336 maior
1556 1268 1640 1335 lides
1654 1275 1688 1335 et
1702 1276 1814 1335 aucto

484 1376 580 1458 ritaS,
597 1398 673 1442 cum
691 1374 889 1441 ostendatur
901 1383 1059 1443 eventum
1072 1366 1171 1444 illum
1183 1369 1251 1443 alte
1266 1399 1337 1444 esse
1346 1377 1549 1467 impressum
1563 1375 1678 1443 animo
1692 1381 1726 1442 et
1740 1398 1813 1443 me·

483 1482 611 1548 moriae
629 1475 701 1549 eius
719 1482 776 1571 qui
794 1489 920 1549 narrat.
943 1487 1057 1574 Neque
1071 1484 1133 1550 abs
1151 1506 1189 1551 re
1207 1489 1302 1551 notat
1322 1484 1429 1551 Mald.
1454 1506 1465 1550 :
1483 1513 1498 1545 a
1517 1490 1692 1573 tamquam
1709 1484 1814 1550 sinos

484 1589 631 1656 Platonis
644 1587 795 1678 aliquam
817 1591 1022 1666 sententiam
1042 1591 1253 1680 proferentes
1273 1614 1343 1658 non
1361 1592 1475 1659 latinis
1492 1613 1583 1671 eam,
1601 1589 1659 1658 sed
1678 1589 1813 1678 graecis

482 1696 599 1763 iisdem
618 1698 757 1762 omnino
781 1697 906 1787 quibus
925 1696 983 1764 ille
1011 1720 1091 1765 usus
1112 1700 1157 1765 sit
1177 1699 1291 1766 verbis
1316 1700 1516 1779 recitemus,
1543 1698 1635 1765 haud
1662 1697 1808 1765 dubium

482 1805 566 1893 quin
590 1809 622 1868 et
642 1825 830 1890 augeamus
864 1803 965 1870 lidem
989 1812 1022 1871 et
1047 1807 1194 1873 orationi
1226 1806 1302 1895 plus
1323 1807 1536 1873 auctoritatis
1563 1805 1811 1895 gravitatisque

484 1911 707 1976 adhibeamus
724 1940 751 1975 a.

529 2018 616 2084 Dixit
629 2023 662 2084 et
675 2018 765 2085 facta
780 2024 873 2101 sunt;
892 2020 1036 2087 verbum
1053 2022 1185 2088 Domini
1204 2022 1241 2087 id
1256 2007 1362 2088 elficit
1374 2021 1466 2111 quod
1483 2021 1652 2108 significat
1670 2043 1700 2086 v.
1718 2028 1760 2089 35
1780 2032 1815 2087 et

482 2126 596 2192 statim
617 2138 755 2215 apertae
773 2139 967 2195 sublustres
981 2128 1054 2195 eius
1072 2140 1104 2195 et
1120 2127 1270 2194 solutum
1285 2140 1333 2196 est
1351 2128 1527 2196 vinculum
1545 2127 1681 2218 itaquae
1694 2128 1767 2194 eius
1785 2138 1818 2194 et

484 2232 684 2322 loquebatur
702 2245 812 2317 recte,·.
836 2236 938 2302 etiam
966 2235 1058 2324 apud
1082 2236 1246 2325 profanos
1273 2225 1546 2323 legitur'dellinu
1573 2235 1629 2307 τὴν
1650 2238 1828 2324 γλῶσσαν,Ι

482 2340 624 2428 γλώσσης
651 2330 763 2428 δεσμὸν
789 2344 887 2423 λύειν,
911 2347 1055 2429 γλῶτταν
1074 2345 1158 2406 λύειν
1181 2331 1345 2432 δεδεμένην
1374 2344 1434 2432 (cl.
1465 2342 1625 2411 Wetslet'n
1643 2343 1687 2409 ad
1707 2343 1742 2410 h.
1759 2340 1812 2426 l.).

482 2451 623 2515 Censent
636 2448 744 2538 aliqui
754 2449 953 2516 surditatem
970 2451 1071 2518 luisse
1086 2473 1190 2518 unam
1206 2473 1342 2518 oausam
1358 2458 1392 2518 et
1401 2449 1508 2518 solam
1523 2472 1585 2518 cur
1599 2456 1713 2518 mutus
1728 2471 1815 2539 quo·
1935 2537 1938 2541 ⁴

484 2578 550 2644 que
563 2555 665 2623 luerit
682 2556 740 2643 (cl.
757 2557 910 2636 Solane,
935 2557 1065 2646 Weiss).
1083 2563 1125 2624 at
1143 2580 1184 2624 eo
1203 2558 1279 2648 ipso
1292 2556 1386 2648 quod
1403 2558 1555 2625 Christus
1572 2558 1725 2645 linguam
1738 2558 1811 2624 eius

483 2662 591 2729 saliva
608 2664 735 2750 tetigit,
759 2667 807 2730 uti
827 2663 945 2752 digitis
963 2687 1080 2749 aures,
1103 2666 1216 2755 potius
1234 2664 1508 2733 concludendum
1527 2664 1607 2746 erit,
1632 2665 1680 2731 uti
1700 2665 1735 2733 in
1750 2687 1813 2731 au·

485 2770 579 2836 ribus
600 2771 780 2838 exsistebat
802 2770 952 2839 delectus
978 2772 1146 2840 naturalis
1162 2779 1206 2840 et
1230 2773 1533 2863 impedimentum,
1560 2774 1608 2840 ita
1632 2773 1667 2838 in
1692 2772 1814 2859 lingua

484 2899 639 2968 quoque;
657 2879 759 2966 proin
772 2885 908 2969 praeter
922 2880 1124 2947 surditatem
1139 2880 1235 2947 aliud
1250 2880 1551 2970 quoqueadluisse
1565 2902 1604 2947 ex
1619 2902 1688 2969 quo
1702 2884 1817 2946 mutus

485 2984 699 3066 redderetur3
723 2985 756 3051 id
774 2986 865 3076 quod
886 2986 997 3072 magis
1009 2987 1113 3054 etiam
1132 2989 1297 3074 congruit
1308 2987 1353 3054 ad
1367 3011 1399 3055 v.
1421 2994 1464 3056 32
1479 2994 1512 3055 et
1530 2994 1572 3054 37
1588 2986 1680 3055 etad
1696 2987 1817 3053 vincu-

484 3093 555 3158 lum
575 3091 711 3179 linguae
733 3092 900 3173 solutum,
921 3093 1013 3184 quod
1033 3094 1185 3184 prolecto
1206 3095 1263 3162 bic
1286 3115 1354 3162 non
1380 3094 1506 3162 dicitur
1529 3093 1760 3185 metaphorice
1774 3091 1817 3160 dc

486 3221 609 3286 magna
624 3199 772 3289 quadam
788 3199 924 3267 dicendi
940 3201 1038 3291 copia
1055 3207 1089 3268 et
1102 3201 1277 3279 libertate;
1295 3203 1324 3268 si
1339 3207 1453 3269 autem
1466 3202 1688 3289 subiungitur
1699 3201 1816 3290 loque-

485 3305 584 3372 batur
597 3320 684 3373 recte
703 3304 812 3395 ὀρθῶς,
837 3308 991 3375 miraculi
1014 3308 1220 3395 magnitudo
1239 3308 1455 3396 designatur,
1478 3316 1514 3376 nt
1534 3308 1607 3376 scil.
1628 3309 1743 3376 statim
1762 3329 1816 3374 re-

482 3414 611 3503 ceperit
627 3436 724 3481 usum
744 3415 897 3504 loquelae
917 3421 1064 3496 rectum,
1092 3416 1253 3505 planum,
1281 3417 1430 3498 clarum,
1457 3417 1517 3507 qui
1540 3422 1640 3483 antea
1664 3415 1750 3482 alios
1768 3415 1816 3482 Ιο·

484 3527 625 3610 quantes
650 3523 789 3588 minime
808 3522 966 3589 audierit.
992 3522 1122 3590 Dicitur
1141 3536 1230 3590 recte
1245 3525 1348 3591 etiam
1371 3525 1407 3590 iu
1427 3524 1641 3614 oppositione
1658 3522 1703 3590 ad
1717 3544 1816 3590 sonos

485 3628 649 3718 quosdam
664 3628 856 3697 inconditos
872 3652 957 3721 quos
970 3629 1164 3698 surdomuti
1180 3631 1388 3721 quandoque
1403 3630 1504 3699 edere
1520 3633 1637 3699 solent.
1654 3632 1686 3698 Si
1699 3631 1815 3721 itaque

484 3736 604 3803 surdus
616 3736 680 3802 fuit
693 3729 1076 3821 etmutusanativitate,
1087 3738 1190 3805 simul
1206 3760 1289 3806 voce
1305 3738 1495 3806 illaChristi
1512 3738 1667 3807 notitiam
1675 3739 1817 3826 linguae

485 3840 674 3912 aramaicae
698 3845 830 3933 accepit
854 3845 1015 3912 infusam.
1045 3845 1139 3922 Quod
1164 3853 1277 3913 tamen
1301 3848 1325 3913 ii
1349 3869 1417 3914 non
1443 3846 1632 3915 concedunt
1650 3847 1708 3937 qui
1725 3867 1816 3935 μογι-

485 3956 577 4014 λάλον
596 3943 765 4031 explicant
785 3943 828 4009 de
850 3965 889 4010 eo
910 3944 968 4032 qui
982 3942 1153 4010 balbutiat
1174 3943 1228 4011 vel
1243 3944 1353 4011 solum
1370 3945 1553 4036 impeditus
1565 3947 1608 4013 sit
1622 3945 1657 4012 in
1678 3967 1741 4011 usu
1755 3944 1819 4010 lin·

485 4072 574 4137 guae
589 4049 639 4116 vel
650 4051 708 4139 qui
725 4073 805 4117 eum
821 4050 992 4118 delectum
1012 4051 1132 4118 morbo
1145 4073 1217 4118 esse
1232 4051 1410 4119 inductum
1422 4060 1570 4120 censent.
1588 4051 1682 4131 Quod
1697 4050 1821 4117 dicitur

486 4156 807 4246 loquebatur'recte,
834 4157 968 4224 videtur
981 4158 1196 4245 significare,
1219 4160 1266 4225 ait
1285 4161 1391 4240 lans,
1411 4187 1427 4220 a
1451 4160 1543 4250 qnod
1563 4160 1659 4249 prius
1679 4157 1819 4248 quidem

486 4264 698 4355 loquebatur,
716 4264 853 4331 sednon
868 4270 960 4331 recte
974 4287 1038 4332 nec
1051 4264 1223 4355 expedite;
1241 4266 1365 4333 deinde
1380 4269 1407 4333 si
1424 4273 1549 4334 natura
1563 4266 1686 4332 surdus
1703 4266 1821 4332 luisset
1882 4278 1884 4283 ’

484 4381 517 4438 et
532 4378 658 4450 mutus,
680 4373 812 4439 sublato
832 4372 966 4438 vinculo
985 4373 1125 4460 linguae
1142 4374 1234 4463 loqui
1247 4373 1363 4440 adhuc
1382 4396 1449 4441 non
1462 4375 1625 4464 potuisset
1641 4373 1705 4439 nisi
1721 4374 1817 4463 prius

487 4479 656 4546 didicisset
675 4501 709 4561 »3
728 4488 761 4545 et
773 4479 865 4546 idem
885 4501 1022 4568 quoque
1038 4480 1141 4547 iuiert
1157 4480 1255 4569 Sylv.
1274 4509 1290 4541 «
1313 4482 1469 4570 namqui
1486 4479 1671 4547 surdisunt
1691 4503 1712 4546 a
1731 4479 1820 4547 nati-

488 4588 604 4668 vitate,
624 4607 733 4676 neque
747 4593 835 4653 recte
851 4608 963 4676 neque
981 4608 1049 4653 non
1068 4594 1158 4654 recte
1173 4589 1288 4655 sciunt
1305 4588 1437 4678 aliquid
1455 4589 1547 4678 loqui
1570 4616 1598 4654 a.
1622 4587 1687 4656 Sed
1708 4592 1820 4654 tamen

519 4819 539 4862 ι.
562 4815 599 4861 lta
617 4810 789 4862 corninuniter
804 4814 932 4860 statuunt.
951 4810 1032 4861 Aliter
1051 4810 1381 4869 tamenltaubaaer,'rt1e
1404 4812 1510 4864 dialects
1532 4814 1558 4863 in
1578 4812 1714 4869 Palestine,
1730 4809 1820 4860 Studia

487 4892 587 4955 biblica,
600 4891 697 4944 Orlord
711 4896 769 4942 1885
783 4906 806 4956 p.
824 4895 863 4952 39,
877 4891 922 4956 qui
932 4894 1025 4957 εφφαοα
1038 4892 1112 4943 refert
1129 4890 1162 4942 ad
1181 4902 1279 4977 rujqfq,
