3960 5654
765 354 855 443 rinc.
881 379 929 450 ιι,
955 377 1055 437 raso.
1522 383 1577 439 ιιι

245 528 440 614 πραιτώριοη
458 528 554 614 proin
570 529 650 595 aula
670 527 813 597 interior'
825 525 827 528 ⁴
839 527 987 614 intelligi
1003 529 1108 594 debet
1121 527 1165 592 de
1181 528 1252 614 ipso
1268 531 1436 615 praetorio
1452 530 1505 595 vel
1518 551 1579 618 pa-

243 632 341 714 latio,
358 635 392 699 in
413 634 508 699 cuius
527 642 623 726 parte
643 636 804 704 inferiore
827 634 953 700 milites
968 655 1106 723 quoque
1123 633 1279 698 collocati
1298 644 1415 715 crant;
1445 650 1476 702 et
1502 659 1580 702 cou-

243 752 363 806 vocaut
388 751 493 807 totam
514 745 699 827 cohortem,
723 747 808 810 alios
824 741 896 806 scil.
927 743 1052 807 milites
1077 740 1138 827 qui
1167 741 1200 804 in
1226 740 1396 829 praesidio
1419 745 1580 829 praetorii

242 853 339 912 erant
356 853 389 910 ct
403 847 503 915 simul
519 848 674 915 custodes
691 849 844 940 eorporis
865 846 1098 937 procuratoris
1113 854 1221 911 erant.
1239 851 1322 910 llum
1343 846 1466 913 milites
1481 849 1579 914 audi-

241 955 366 1018 vissent
387 958 492 1021 lesum
516 958 668 1021 accusari
695 959 810 1042 regiae
833 955 1013 1040 dignitatis
1030 961 1228 1038 arrogatae,
1246 958 1401 1017 statuunt
1424 975 1500 1018 eum
1518 976 1580 1042 per

240 1058 428 1125 ludibrium
456 1083 570 1148 regem
599 1064 828 1138 consalutare;
856 1085 887 1127 v.
912 1069 953 1126 Π
974 1072 1005 1125 et
1027 1059 1176 1123 induunt
1196 1080 1274 1124 eum
1291 1081 1464 1147 purpura,
1490 1068 1580 1126 veste

239 1186 413 1253 purpurea
428 1170 449 1232 i.
468 1191 498 1239 e.
512 1168 695 1254 chlamyde
710 1169 868 1234 coccinea
885 1168 1018 1254 (Matth.
1048 1165 1184 1253 27‚28);
1202 1165 1344 1254 pallium
1367 1166 1439 1230 eius
1459 1166 1579 1232 coloris

241 1271 271 1336 ei
286 1273 599 1350 circumdederunt,
620 1283 656 1341 nt
672 1276 784 1341 colore
798 1276 928 1359 regiam
943 1279 1069 1338 vestem
1083 1271 1128 1336 ad
1145 1271 1333 1336 ludibrium
1349 1273 1576 1338 imitarentur.

240 1382 280 1444 at
303 1378 348 1444 ad
371 1383 534 1445 maiorem
559 1381 753 1447 irrisionem
774 1401 830 1444 eos
857 1380 1017 1465 selegisse
1043 1384 1214 1443 vetustum
1237 1377 1410 1465 quoddam
1435 1379 1577 1467 pallium

240 1484 425 1552 laceratum
451 1487 531 1551 satis
555 1487 719 1553 credibile
746 1487 824 1551 erit.
854 1491 975 1551 Verum
1002 1484 1103 1551 modo
1129 1485 1233 1570 longe
1256 1486 1419 1550 atrociore
1447 1487 1577 1572 regiam

239 1622 400 1667 coronam
413 1602 588 1667 imitantur
600 1615 634 1667 et
645 1603 827 1689 imponunt
840 1602 873 1667 ei
876 1602 1062 1690 plectentes
1072 1600 1230 1688 spineam
1242 1621 1401 1665 coronam
1413 1590 1579 1673 πλέξαντες

239 1719 399 1763 eoronam
423 1719 462 1762 ex
489 1699 593 1787 spinis
619 1706 811 1765 consertam
837 1706 870 1764 et
896 1706 1090 1765 contextam
1118 1697 1223 1786 capiti
1250 1699 1322 1762 eius
1346 1698 1526 1786 imponunt
1545 1705 1578 1764 et

239 1811 414 1891 tamquam
447 1813 619 1892 sceptrum
657 1806 772 1891 regale
804 1812 994 1894 posuerunt
1029 1804 1235 1871 arundinem
1267 1804 1300 1868 in
1338 1803 1476 1869 dextera
1508 1805 1579 1869 eius

240 1909 367 1998 (natth.
385 1911 519 1999 athap
540 1935 571 1975 v.
597 1919 637 1980 18
653 1925 685 1977 et
700 1925 883 2000 coeperunt
896 1911 1050 1977 saltitare
1070 1933 1174 1976 euru:
1195 1933 1277 1990 ave,
1297 1933 1357 1976 reu
1372 1910 1577 1976 Iudaeorum

238 2039 271 2082 v.
293 2025 333 2082 19
353 2029 385 2082 et
400 2016 638 2106 percutiebant
662 2032 768 2106 caput
788 2020 859 2083 eius
885 2017 1055 2083 arundine
1074 2017 1110 2081 id
1134 2016 1228 2104 qnod
1256 2038 1324 2081 non
1354 2023 1486 2104 poterat
1510 2038 1577 2082 non

238 2122 372 2189 afficere
387 2129 489 2212 caput
506 2124 578 2190 eius
594 2126 796 2191 acutissimis
811 2125 989 2190 doloribus
1010 2132 1151 2212 propter
1165 2125 1279 2213 spinas
1301 2145 1388 2211 quae
1412 2123 1520 2208 magis
1538 2145 1576 2188 ex

238 2232 331 2294 omni
348 2231 492 2317 partein
512 2238 614 2319 caput
638 2232 932 2319 protrudehantur
960 2245 993 2296 et
1009 2229 1239 2319 conspuebant
1260 2251 1354 2307 etim,
1380 2229 1577 2294 exhibentes

238 2337 281 2402 ad
294 2335 483 2401 ludibrium
494 2344 527 2401 et
542 2337 714 2402 imitantes
724 2337 841 2403 oscula
856 2338 983 2426 quibus
994 2359 1094 2423 reges
1109 2360 1130 2402 a
1142 2336 1287 2401 subditis
1303 2336 1574 2413 honorabantur,

238 2455 271 2507 et
280 2456 443 2530 ponentes
458 2465 570 2531 peuua
590 2443 782 2509 adorabant
799 2466 894 2527 ercan,
916 2443 1050 2510 ludicro
1076 2443 1178 2508 modo
1195 2442 1392 2530 profitentes
1411 2442 1574 2507 honorem

238 2550 353 2634 regiae
381 2548 572 2633 dignitatis:
594 2551 776 2616 orientales
796 2552 889 2616 enim
915 2571 1030 2616 coram
1055 2570 1136 2634 rege
1158 2570 1230 2614 sese
1251 2556 1463 2636 prosternere
1489 2547 1574 2613 sole-

237 2654 319 2721 bant
337 2654 381 2721 ad
396 2677 492 2720 suam
507 2655 768 2740 significandam
787 2657 1034 2722 subiectionem
1050 2662 1083 2721 et
1099 2656 1339 2720 reverentiam.

282 2764 332 2827 Uti
359 2761 502 2826 ministri
528 2761 698 2851 pontificis
719 2770 898 2850 postquam
925 2767 1014 2828 lesus
1038 2760 1234 2828 declaratus
1260 2769 1344 2826 erat·
1360 2783 1437 2826 reus
1460 2761 1576 2825 mortis

236 2876 269 2934 et
283 2868 413 2955 aliquot
432 2869 532 2933 etiam
560 2868 771 2955 synedristae
792 2874 864 2935 lesu
881 2871 1042 2935 atrociter
1067 2869 1251 2934 illuserunt
1266 2869 1394 2954 (rtet)
1411 2864 1429 2946 ‚'
1448 2867 1495 2932 ita
1515 2867 1576 2931 mi·

235 2975 310 3040 lites
329 2975 518 3040 crudeliore
532 2976 738 3058 modoidem
752 2982 914 3063 repetunt
930 2975 1033 3041 simul
1053 2975 1171 3040 odium
1188 2996 1286 3040 suum
1301 2980 1574 3061 etcontemptum

235 3081 470 3146 inhominem
501 3080 658 3147 ledaeum
681 3081 896 3147 elhmdentes
926 3089 959 3147 et
979 3081 1215 3160 testiticantes3
1249 3112 1263 3139 α
1294 3082 1440 3145 militare
1469 3101 1577 3165 genus

235 3208 369 3275 semper
393 3186 551 3252 conviciis
576 3188 703 3273 gaudet
730 3210 770 3253 ac
798 3188 1005 3253 tumultibus
1023 3196 1056 3253 et
1078 3188 1143 3253 sibi
1161 3187 1273 3252 simile
1289 3195 1338 3252 est
1354 3216 1368 3242 ι
1386 3184 1573 3274 (meopte).

236 3294 353 3360 llilites
368 3293 535 3358 conscribi
551 3294 707 3360 solebant
722 3317 761 3358 ex
782 3296 904 3360 incolis
921 3295 1130 3360 Palaestinae
1145 3295 1205 3382 qui
1226 3316 1293 3359 non
1310 3300 1409 3358 erant
1432 3294 1577 3378 originis

236 3400 390 3467 iudaicae
411 3401 467 3487 (cl.
490 3401 637 3466 Schttret·
657 3400 679 3465 l.
699 3424 727 3466 c.
751 3405 760 3465 l
784 3423 817 3489 p.
838 3402 918 3488 383)
939 3408 1111 3467 eteorum
1138 3423 1266 3487 magna
1287 3422 1365 3488 pars
1392 3400 1492 3465 luisse
1526 3399 1576 3464 vi-

234 3506 360 3573 dentur
384 3506 556 3571 Sebasteni
588 3509 608 3570 i.
642 3531 672 3572 e.
703 3506 826 3573 milites
852 3531 890 3573 ex
913 3509 1055 3593 regione
1082 3508 1289 3573 samaritana
1317 3506 1514 3594 conscripti;
1541 3505 1574 3570 id

235 3613 328 3702 qnod
352 3636 414 3700 pro
435 3620 589 3701 tempore
605 3614 727 3678 Christi
750 3636 789 3679 ex
816 3637 856 3679 eo
883 3615 1042 3680 concludi
1069 3620 1180 3703 petest
1199 3614 1279 3701 quia
1298 3620 1331 3678 et
1350 3619 1428 3679 aute
1449 3619 1577 3699 etpost

235 3721 335 3786 certis
352 3720 548 3785 testimoniis
561 3727 691 3785 constat
706 3719 854 3786 adfuisse
871 3724 905 3786 in
920 3720 1045 3787 Iudaea
1056 3741 1413 3806 magnumnumerum
1429 3718 1575 3785 militnm

235 3826 507 3892 Sebastenorum.
526 3829 753 3891 Samaritanos
773 3834 889 3892 autem
911 3828 1076 3917 peculiari
1097 3827 1175 3892 odio
1192 3826 1225 3891 in
1255 3827 1393 3892 ludaeos
1415 3825 1576 3911 flagrasse

237 3947 353 3998 notum
375 3940 433 3998 est.
454 3936 609 3998 Ceterum
632 3956 692 4021 pro
713 3933 862 3998 militum
883 3934 1155 4021 carnificumque
1174 3934 1307 3999 feritate
1328 3939 1361 3999 et
1376 3932 1576 3999 crudelitate

237 4043 343 4105 lesum
360 4039 528 4103 eruciatus
548 4040 689 4105 subiisse
716 4039 887 4106 terribiles
909 4062 1009 4106 nemo
1034 4041 1226 4126 negaverit.
1253 4038 1351 4105 Varia
1368 4039 1423 4105 hic
1441 4060 1576 4127 quoquc

234 4151 362 4210 Marcus
380 4146 511 4209 silentio
535 4148 660 4232 premit
682 4169 768 4234 quae
794 4170 833 4212 ex
860 4150 1056 4213 narratione
1080 4149 1214 4212 loannis
1231 4153 1308 4226 tat
1323 4168 1393 4234 seq.
1412 4144 1577 4233 supplen-

236 4260 303 4317 tur.
322 4256 481 4340 l’roperat
500 4250 542 4316 ad
561 4252 810 4319 ostendendum
828 4254 1000 4342 ‹piromodo
1016 4254 1100 4318 illud
1122 4253 1303 4342 impletum
1320 4254 1362 4317 sit
1386 4275 1393 4319 :
1416 4260 1450 4318 et
1471 4251 1577 4317 inter-

236 4359 352 4423 licicnt
367 4381 445 4423 eum
464 4359 593 4445 (¹03th
616 4383 645 4423 v.
673 4367 712 4425 20
736 4373 767 4425 et
788 4375 973 4450 postquam
1001 4361 1182 4426 illuserunt
1208 4360 1257 4440 ei,
1285 4371 1454 4425 euicerunt
1478 4357 1576 4423 ittam

232 4487 388 4554 ptupura
410 4478 441 4528 ct
458 4464 640 4530 induerunt
657 4489 735 4531 etim
760 4468 964 4534 uestimentis
983 4468 1052 4533 srtt's
1074 4481 1106 4533 et
1123 4467 1272 4533 educunt
1291 4468 1390 4532 illum
1410 4478 1447 4530 ut
1467 4465 1576 4530 craeci-

234 4573 377 4661 fipereut
393 4593 490 4642 reiut:
506 4572 652 4637 vcstilurs
667 4577 836 4640 consuetis
852 4574 992 4640 indutus
1004 4574 1140 4640 facilius
1154 4574 1199 4640 ab
1213 4574 1372 4639 omnibus
1382 4573 1577 4659 agnoscitur

239 4680 296 4767 qui
319 4702 406 4744 nurtc
429 4687 602 4768 tamquam
624 4680 724 4745 homo
748 4683 894 4747 maxime
921 4682 1134 4747 facinorosus
1156 4681 1198 4747 ad
1224 4681 1432 4769 supplicium
1455 4679 1576 4745 servile

236 4785 402 4852 educitur.
426 4788 488 4862 Qui
514 4786 713 4852 senteutiam
739 4789 943 4855 audierant:
969 4789 1034 4853 ibis
1056 4787 1102 4853 ad
1124 4810 1278 4868 erucem,
1300 4788 1494 4876 patibulum
1513 4787 1576 4876 ipsi
