3960 5654
866 368 961 413 mac.
986 355 1014 423 7,
1037 354 1139 416 2b28.
1614 358 1670 418 197

386 509 503 575 Mulier
523 526 563 570 ex
577 503 617 570 iis
636 529 724 596 quae
747 506 790 573 da
816 508 886 569 lesu
907 503 1038 571 audivit
1057 505 1241 571 maximam
1264 505 1423 593 concepit
1439 504 1617 589 fiduciam,
1639 522 1672 575 et

341 615 482 706 roqabut
493 633 570 678 eum
588 626 625 678 ut
641 610 859 681 doemonium
879 611 1014 679 eiiceret
1027 611 1069 678 de
1082 608 1158 698 filia
1177 610 1269 691 eum
1285 616 1373 677 lesus
1388 619 1501 678 autem
1523 617 1672 682 muneris

340 725 391 789 sui
413 721 576 790 rationem
600 713 811 810 peculiarem
835 741 874 784 ae
899 721 1116 808 praeeipuam
1139 716 1175 782 in
1196 717 1346 783 medium
1370 718 1486 800 allart;
1506 722 1555 788 uti
1580 724 1670 789 enim

340 828 432 921 apud
450 826 652 895 llatthaeum
676 826 782 892 dicit:
806 847 872 892 non
890 848 965 893 sum
986 827 1107 891 missus
1132 825 1197 890 nisi
1221 824 1264 890 ad
1286 847 1364 891 oves
1387 847 1475 914 quae
1498 830 1673 916 perierunt

340 936 459 1003 domus
472 937 589 1017 lsrael,
603 936 649 1001 ita
666 933 730 997 hoe
744 931 818 998 loeo
834 935 1025 1000 missionem
1040 954 1136 997 suam
1150 955 1189 998 ac
1203 931 1371 997 beneficia
1387 933 1499 1023 primo
1511 940 1544 999 et
1558 958 1620 1024 per
1638 959 1672 1003 se

341 1040 472 1109 ludaeis
487 1040 646 1109 destinari
660 1038 811 1105 affirmat
828 1062 859 1106 v.
875 1048 916 1106 27
933 1041 994 1130 qui
1005 1039 1095 1105 dixit
1112 1037 1189 1105 illi:
1207 1038 1278 1104 siae
1289 1039 1389 1127 prius
1403 1042 1554 1107 saturari
1562 1042 1672 1129 filios;

339 1147 504 1239 populum
518 1150 676 1225 electum,
696 1145 852 1228 ludaeos,
870 1171 909 1214 eo
927 1147 1065 1212 nomine
1079 1145 1255 1230 designat.
1273 1147 1322 1211 uti
1340 1150 1395 1212 Ex.
1419 1154 1497 1228 ΗΒ
1514 1149 1556 1214 de
1574 1151 1672 1217 lsrael

340 1254 487 1324 dieitur:
510 1256 642 1322 dimitte
660 1254 769 1320 filium
791 1274 921 1333 meum;
943 1254 986 1321 ci.
1003 1258 1042 1320 ls.
1067 1259 1135 1335 l‚2.
1161 1249 1224 1318 ler.
1247 1259 1360 1332 3130.
1378 1258 1431 1321 Os.
1456 1262 1547 1337 11‚1,
1569 1279 1671 1346 quam

339 1361 541 1450 dignitatem
558 1362 798 1428 theoeraticam
813 1362 985 1428 filiationis
999 1361 1170 1450 apostolus
1187 1383 1325 1449 quoque
1343 1362 1431 1428 inter
1450 1362 1527 1430 iura
1541 1365 1670 1453 praeei-

343 1492 412 1560 pua
449 1469 567 1561 populi
596 1475 790 1550 enumerat,
818 1461 858 1529 ὧν
877 1471 896 1538 ἡ
916 1461 1068 1547 υἱοθεσία,
1097 1489 1245 1557 quorum
1277 1467 1416 1557 adoptio
1449 1475 1498 1535 est
1526 1470 1672 1538 liliorum
1728 1479 1731 1483 ’

339 1577 445 1666 (llom.
459 1576 541 1663 at).
559 1581 646 1642 lesus
658 1575 816 1664 itaqueid
829 1577 984 1643 enuntiat
994 1574 1086 1664 qnod
1099 1574 1493 1665 postmodumapostolus
1503 1580 1645 1646 asseruit
1661 1602 1669 1645 :
1767 1609 1769 1613 ⁴

337 1684 433 1752 vobis
448 1684 627 1773 oportebat
646 1683 796 1773 primum
812 1682 905 1773 loqui
926 1682 1069 1749 verbum
1096 1683 1152 1748 Dei
1176 1682 1261 1770 (hot.
1284 1688 1399 1763 13,46;
1422 1682 1516 1773 Alo.)
1532 1691 1564 1751 et
1579 1685 1672 1774 quod

338 1792 420 1858 alias
435 1811 571 1880 quoque
591 1789 720 1857 indicat
740 1790 864 1856 ludaeo
884 1791 1034 1879 primum
1053 1789 1273 1876 evangelium
1294 1811 1365 1856 esse
1387 1790 1546 1857 virtutem
1563 1793 1620 1858 Dei
1636 1793 1670 1859 in
1798 1805 1801 1811 “

338 1897 481 1965 salutem
501 1899 611 1987 (Rom.
641 1904 736 1978 1,16;
758 1904 827 1980 29.
862 1897 931 1984 10);
960 1896 1065 1985 idque
1088 1902 1159 1963 tum
1185 1897 1349 1987 temporis
1372 1919 1413 1963 eo
1437 1898 1562 1984 magis,
1590 1901 1672 1989 quia

339 2004 484 2073 Ecclesia
493 2004 644 2071 nondum
654 2004 839 2071 lundataet
848 2004 1083 2093 redemptione
1098 2002 1252 2070 nondum
1264 2010 1404 2093 peraeta
1414 2005 1546 2071 medius
1560 2007 1671 2096 paries

340 2112 504 2180 maceriae
520 2112 674 2178 nondum
699 2119 773 2179 erat
791 2111 919 2177 solutus
936 2111 1034 2200 (Eph.
1055 2111 1165 2198 Mt).
1199 2115 1237 2177 Et
1251 2111 1418 2178 beneiioia
1442 2114 1609 2181 messiane
1630 2137 1670 2182 eo

339 2225 489 2310 temporo
504 2219 582 2287 solis
601 2218 764 2286 destinari
783 2219 914 2286 ludaeis
933 2218 1083 2286 affirmat
1106 2241 1112 2285 :
1131 2241 1199 2284 noa
1218 2231 1265 2285 est
1284 2219 1375 2285 enim
1396 2219 1521 2286 bonum
1538 2244 1668 2290 sumere

334 2350 462 2419 panem
473 2328 625 2416 filiorum
638 2340 669 2393 et
683 2328 815 2393 mittere
829 2326 969 2393 curribus
988 2328 1057 2399 τοῖς
1077 2321 1225 2413 κυναρίοις
1244 2324 1390 2408 catellis;
1409 2329 1547 2395 nomine
1560 2329 1669 2396 demi.

271 2429 275 2435 ’
340 2438 455 2502 nutivo
471 2436 585 2513 utitur,
599 2457 683 2524 quas
699 2456 797 2502 voees
811 2435 844 2500 in
866 2435 1038 2501 aramaioo
1058 2456 1125 2499 non
1142 2433 1305 2506 defuisse,
1326 2433 1402 2501 vide
1415 2434 1460 2500 ad
1477 2437 1589 2502 llatlh.
1614 2443 1666 2519 15,

338 2549 392 2610 26.
405 2535 525 2616 'Sermo
539 2549 588 2608 est
604 2542 841 2632 proverbialis,
864 2563 933 2630 quo
954 2540 1153 2608 declaratur
1171 2564 1233 2631 pro
1256 2543 1419 2630 temporis
1434 2543 1564 2608 ratione
1583 2544 1668 2612 solos

339 2650 477 2717 ludaeos
504 2671 573 2716 esse
593 2650 680 2716 filios
701 2655 735 2715 et
757 2650 928 2738 pertinere
953 2649 997 2715 ad
1027 2648 1209 2729 familiam,
1237 2649 1291 2715 eui
1316 2648 1483 2716 beneficia
1504 2653 1668 2719 messiana

338 2757 485 2825 debeant
503 2757 695 2844 obtingere;
716 2757 926 2843 alienigenas
941 2778 1008 2823 non
1027 2777 1124 2846 posse
1142 2777 1276 2823 mensae
1293 2757 1374 2823 huie
1386 2758 1590 2825 accumbere
1606 2782 1668 2826 nee

339 2865 488 2955 reputari
507 2865 594 2931 inter
616 2865 705 2930 lilios
729 2864 781 2930 vel
805 2865 961 2930 membra
981 2863 1154 2937 familiae,
1181 2885 1299 2930 verum
1321 2865 1433 2954 potius
1452 2887 1531 2932 eum
1550 2867 1584 2932 in
1603 2868 1668 2934 hae

339 2973 439 3039 domo
467 2973 524 3038 Dei
552 2994 720 3061 occupare
750 2972 860 3037 locum
893 2992 995 3059 quem
1027 2971 1138 3037 catelli
1163 2971 1305 3038 soleant.
1334 2973 1518 3062 Responsio
1546 2974 1668 3041 Christi

338 3080 380 3146 ad
395 3081 540 3169 speeiem
564 3078 651 3145 dura
669 3078 817 3145 videtur.
843 3078 1041 3145 centurioni
1057 3080 1186 3167 petenti
1208 3080 1322 3146 statim
1344 3079 1516 3168 acquievit
1535 3082 1664 3168 (llatth.

338 3187 422 3274 8,7),
440 3186 499 3276 qui
516 3192 626 3253 tamen
642 3188 760 3275 etipse
781 3208 846 3252 non
872 3191 944 3252 erat
963 3209 1002 3252 ex
1024 3185 1137 3252 lsrael.
1158 3187 1223 3253 Sed
1238 3186 1420 3253 discrimen
1436 3187 1471 3254 in
1493 3210 1533 3254 eo
1545 3195 1610 3270 est,
1633 3196 1668 3255 ut

339 3294 395 3361 ille
408 3295 609 3384 proselytus,
626 3294 696 3360 veri
708 3294 764 3360 Dei
776 3293 996 3359 cultorfuerit
1006 3293 1064 3381 (ef.
1082 3299 1161 3360 Luc.
1177 3301 1246 3372 7‚t.
1260 3294 1308 3381 5),
1322 3292 1446 3361 mulier
1455 3294 1539 3361 haee
1553 3303 1664 3363 autem

340 3395 485 3474 Ἑλληνὶς
502 3402 559 3471 τὴν
574 3397 733 3488 θρησκείαν
753 3400 900 3489 (llum).
923 3402 946 3467 i.
973 3424 1003 3468 e.
1028 3399 1225 3481 idololatra,
1243 3423 1331 3490 quae
1355 3407 1391 3467 ut
1415 3403 1491 3469 talis
1510 3404 1666 3494 utiquea

339 3509 395 3577 Dei
412 3509 513 3576 domo
526 3515 559 3575 et
574 3508 702 3574 familia
717 3513 790 3574 erat
802 3509 903 3598 plane
918 3506 1042 3575 aliena.

382 3621 503 3683 Verum
516 3637 648 3683 summo
663 3614 833 3682 desiderio
853 3616 1060 3705 impetrandi
1076 3616 1281 3683 beneficium
1301 3622 1336 3682 et
1350 3622 1442 3683 certa
1461 3617 1502 3684 de
1520 3622 1591 3684 lesu
1607 3619 1666 3686 he-

339 3725 504 3810 nignitate
526 3723 650 3790 fiducia
675 3724 798 3789 mulier
829 3722 984 3789 redditur
1006 3737 1127 3809 sagax,
1154 3723 1202 3789 ita
1231 3730 1268 3789 ut
1289 3745 1329 3789 ex
1355 3725 1436 3812 ipsis
1463 3729 1534 3792 lesu
1556 3726 1668 3793 verbis

337 3853 433 3898 suam
454 3833 565 3921 capiat
585 3831 875 3921 opportunitatem
898 3835 1075 3919 lesumque
1095 3853 1158 3897 sua
1182 3832 1287 3919 ipsius
1304 3833 1471 3898 sententia
1490 3834 1587 3922 quasi
1606 3834 1667 3900 ob·

337 3940 482 4025 stringat
495 3938 538 4004 ad
553 3937 809 4027 obsequendum
831 3938 984 4027 petitioni
1001 3959 1033 4002 v.
1054 3943 1097 4004 28
1117 3950 1154 4003 at
1167 3936 1229 4004 illa
1249 3937 1421 4026 respondit
1437 3952 1470 4005 et
1486 3938 1572 4006 duait
1589 3939 1667 4007 illi:

338 4045 472 4134 ulique,
491 4047 649 4126 Domine,
671 4068 752 4111 nam
772 4057 805 4110 et
825 4043 940 4111 catelli
954 4043 1136 4110 comedunt
1157 4044 1219 4111 sub
1239 4067 1355 4112 mensa
1373 4046 1415 4112 de
1432 4047 1527 4112 micis
1542 4069 1668 4136 puero-

337 4175 433 4235 rmn;
449 4153 532 4218 nihil
547 4156 634 4243 perit
648 4153 741 4234 filiis,
763 4153 849 4219 nihil
870 4152 917 4218 eis
932 4151 1094 4236 demitur,
1111 4153 1138 4218 si
1153 4175 1193 4219 ex
1208 4152 1343 4221 illorum
1358 4153 1570 4222 abundantia
1582 4156 1669 4223 mihi

336 4260 464 4350 aliquid
487 4259 640 4326 beneficii
666 4261 844 4335 tribueris;
872 4261 976 4325 immo
997 4259 1099 4349 plane
1122 4261 1296 4340 convenit,
1320 4265 1356 4326 ut
1373 4283 1413 4326 aa
1431 4262 1529 4350 eopia
1550 4284 1668 4329 eorum

338 4369 422 4434 mihi
435 4366 564 4456 aliquid
576 4369 768 4454 contingat;
785 4396 800 4426 u
815 4368 895 4456 quia
907 4388 991 4453 ergo
1005 4366 1130 4434 catella
1140 4389 1214 4433 sum
1225 4420 1233 4449 ‚
1245 4389 1312 4433 non
1325 4367 1437 4434 aliena
1447 4390 1539 4450 sum,
1557 4392 1669 4459 neque

337 4475 379 4542 de
394 4475 488 4542 micis
504 4475 708 4564 participare
730 4475 977 4564 prohihe0r3...
998 4475 1092 4564 quod
1113 4497 1198 4562 ergo
1210 4475 1297 4542 adeo
1312 4475 1450 4565 repulsa
1464 4499 1530 4543 non
1545 4476 1669 4544 disces-

336 4582 379 4648 sit
394 4583 475 4649 fidei
490 4591 577 4663 erat,
599 4582 688 4671 quod
704 4604 783 4648 vero
798 4605 833 4649 se
849 4581 1006 4649 catellam
1022 4588 1072 4649 est
1087 4582 1238 4672 professa
1259 4583 1479 4665 humilitatis,
1497 4585 1590 4674 quod
1606 4608 1669 4652 au·

338 4694 402 4756 tem
430 4713 450 4756 a
478 4691 599 4757 Christi
628 4690 843 4756 sermonibus
873 4691 1102 4779 patrocinium
1133 4689 1199 4756 sibi
1228 4691 1397 4781 aptaverit
1424 4691 1625 4780 prudentiae
1653 4722 1668 4754 a

340 4798 485 4886 (Euda).
504 4798 633 4880 Fidem,
658 4799 876 4886 patientiam,
896 4797 1123 4864 humilitatem
1139 4798 1184 4864 ab
1203 4820 1242 4866 ea
1259 4798 1411 4865 exhiberi
1429 4799 1520 4867 Beda
1538 4822 1675 4890 qnoque
