3960 5654
1767 443 1824 504 103

358 646 361 653 .
489 592 627 677 patrare
648 594 817 684 portenta.
841 598 888 661 Ex
903 595 1034 682 impetu
1050 589 1247 675 turbarum,
1266 614 1305 657 ex
1326 590 1516 657 amicorum
1537 589 1774 659 incredulitate
1793 599 1826 659 et

491 700 585 788 turpi
603 717 735 776 errore,
757 718 797 764 ex
814 720 949 767 summa
966 695 1156 765 scribarum
1177 695 1394 787 improbitate
1415 702 1449 761 et
1468 696 1680 788 blasphemia
1697 696 1825 763 discere

486 809 524 868 et
535 805 649 872 animo
660 809 818 892 poterant
828 803 1024 896 praesagire
1033 806 1171 894 qualem
1182 803 1248 891 ipsi
1259 823 1396 891 quoque
1409 801 1561 869 habituri
1574 813 1683 871 essent
1694 811 1825 894 partem

491 932 569 977 cum
585 909 716 976 Christo
735 912 771 978 in
786 910 899 979 officio
914 932 953 975 ac
971 933 1111 978 munere
1127 909 1342 999 apostolatus.
1360 913 1400 975 Et
1414 908 1526 996 primo
1543 910 1683 998 quidem
1699 915 1826 978 llarcus

491 1016 675 1084 maximum
688 1017 862 1107 quendam
880 1015 997 1106 populi
1011 1037 1215 1084 concursum
1234 1015 1332 1081 nobis
1345 1014 1507 1080 describit
1521 1036 1554 1081 v.
1573 1022 1614 1081 ‘20
1632 1029 1665 1081 ct
1686 1018 1827 1082 veniunt

485 1121 539 1189 ad
550 1120 690 1189 domum
705 1124 807 1191 velet
822 1122 926 1205 venit,
944 1124 1095 1190 Christus
1108 1121 1194 1201 scil,
1211 1119 1334 1210 ἔρχεται
1351 1119 1392 1194 εἰς
1406 1113 1488 1183 οἷκον
1504 1121 1662 1202 domum,
1677 1122 1826 1209 intelligi

491 1227 632 1294 domum
641 1232 731 1298 Petri
744 1252 784 1296 ex
798 1229 1077 1297 antecedentibus
1087 1221 1198 1317 (1293
1213 1231 1281 1314 ΞΛ)
1301 1229 1442 1305 omnino
1455 1226 1632 1317 probabile
1645 1228 1683 1294 fit
1701 1228 1822 1317 (Mald.

490 1332 639 1426 Setiam)
659 1344 692 1404 et
706 1336 810 1403 ctiam
826 1358 865 1403 ex
880 1336 981 1403 modo
997 1333 1159 1425 loquendi
1176 1334 1307 1423 (venire
1320 1334 1475 1423 domum)
1492 1335 1670 1413 suadetur3
1685 1336 1713 1400 si
1735 1337 1826 1401 enim

492 1439 642 1509 Christus
656 1444 691 1509 in
706 1441 826 1509 itinere
841 1441 885 1509 ad
903 1441 1078 1533 quandam
1091 1440 1275 1508 diverteret
1290 1440 1446 1519 domum,
1469 1446 1740 1530 exspectaremus
1759 1442 1827 1508 dici

472 1635 476 1643 .
493 1543 707 1637 εἰσέρχεται...
727 1547 738 1636 (
744 1547 821 1615 Keil
826 1547 854 1637 );
868 1560 900 1614 et
911 1547 1066 1615 convenit
1073 1548 1197 1614 iterum
1208 1547 1306 1613 uerba
1312 1548 1471 1630 ;iterum,
1486 1548 1535 1613 uti
1545 1547 1616 1615 scil.
1630 1554 1686 1629 27
1696 1569 1767 1615 sese
1776 1571 1826 1614 re-

486 1661 628 1745 ceperat
637 1675 741 1744 quem
754 1654 979 1722 nihilominus
990 1655 1143 1745 plurima
1155 1655 1257 1721 turba
1269 1655 1493 1743 sequebatur;
1507 1655 1555 1720 itu
1567 1666 1604 1719 ut
1615 1669 1828 1743 nonpossenc

488 1762 563 1850 ipse
575 1766 609 1826 et
619 1760 766 1850 apostoli
777 1782 886 1852 neque
889 1783 1020 1851 panem
1031 1765 1252 1845 manducare,
1266 1751 1345 1847 μηδὲ
1359 1783 1401 1828 ne
1412 1761 1527 1827 cibum
1538 1760 1676 1850 quidem
1692 1783 1826 1851 capere.

485 1871 575 1933 ‚Nota
588 1866 818 1935 Hebraeorum
828 1868 962 1957 phrasis
971 1873 1021 1934 est
1035 1889 1105 1956 qua
1114 1868 1212 1957 panis
1226 1890 1289 1957 pro
1300 1869 1395 1934 omni
1415 1868 1555 1955 ponitur
1564 1867 1641 1933 cibo
1654 1874 1688 1934 et
1703 1890 1827 1958 panem

486 1994 624 2040 sumere
637 1979 672 2041 et
690 1973 808 2041 cibum
822 1996 956 2041 sumere
976 1974 1122 2064 (Muld.;
1143 1973 1221 2040 vide
1236 1974 1280 2041 ad
1301 1975 1415 2040 llatth.
1444 1973 1550 2061 ull).
1574 1973 1687 2040 Talem
1711 1976 1826 2064 populi

490 2080 658 2170 impetum
680 2101 751 2148 esse
773 2081 902 2149 factum
917 2081 1006 2148 solus
1027 2080 1125 2148 nobis
1139 2080 1245 2148 refert
1264 2086 1402 2147 llarcus.
1425 2079 1538 2146 llodus
1562 2080 1726 2169 loquendi
1750 2080 1828 2148 talis

487 2192 542 2252 est
553 2187 689 2276 qualem
705 2193 782 2268 1‚33
794 2186 1085 2278 deprehendimus
1099 2193 1134 2253 et
1148 2186 1208 2277 qui
1224 2187 1267 2254 ad
1286 2188 1358 2254 eius
1373 2188 1421 2253 rei
1437 2193 1556 2253 testem
1576 2193 1609 2253 et
1623 2188 1826 2277 participem

491 2293 648 2382 pertinet.
663 2299 793 2373 Quanto
804 2293 917 2361 studio
928 2294 1049 2361 turbae
1060 2316 1162 2382 opem
1174 2298 1247 2361 lesu
1258 2296 1441 2382 exquirunt
1453 2301 1486 2358 et
1496 2296 1676 2383 appetunt!
1691 2318 1710 2360 o
1723 2317 1825 2384 quam

490 2398 569 2466 felix
591 2400 768 2490 occupatio
794 2401 994 2482 salvatoris,
1019 2401 1068 2466 ait
1091 2401 1184 2468 Beda
1192 2455 1203 2486 ,
1230 2423 1335 2490 quam
1364 2401 1463 2467 beata
1487 2400 1679 2489 frequentia
1707 2401 1826 2467 turbae

490 2505 709 2590 confluentis,
726 2506 781 2574 cui
795 2511 929 2575 tantum
944 2506 1048 2575 studii
1063 2506 1108 2575 ad
1125 2507 1337 2575 audiendum
1356 2507 1499 2573 verbum
1518 2507 1591 2589 llei,
1615 2513 1745 2573 tantum
1764 2509 1828 2574 fuit

490 2634 592 2680 curae
611 2613 655 2681 ad
678 2612 901 2681 obtinendam
921 2613 1081 2698 salutem,
1103 2615 1294 2707 utsauctori
1320 2613 1436 2680 salutis
1456 2635 1532 2679 cum
1553 2613 1601 2680 eis
1628 2614 1687 2703 qui
1712 2637 1825 2681 secum

487 2727 646 2787 erantne
667 2721 828 2788 vescendi
843 2721 982 2811 quidem
997 2722 1083 2788 hora
1105 2743 1126 2787 a
1146 2721 1266 2788 solatio
1283 2721 1371 2787 vitae
1386 2721 1516 2786 miseris
1535 2721 1768 2810 impendendo
1784 2722 1824 2788 li·

487 2825 574 2892 bera
592 2829 764 2894 manercti

412 3002 417 3013 ,
535 2937 641 3000 Tanto
655 2938 769 3001 autem
786 2934 904 3024 populi
919 2957 1085 3002 concursu
1100 2935 1307 3013 factumest,
1326 2941 1363 3001 ut
1379 2935 1498 3000 amicis
1513 2934 1717 3022 quibusdam
1732 2935 1826 3000 Chri-

483 3040 529 3105 ·sti
549 3060 603 3106 res
621 3039 796 3107 videretur
814 3041 958 3130 periculi
976 3042 1095 3130 plena3
1118 3063 1225 3130 quare
1243 3046 1352 3108 lesum
1374 3043 1405 3107 vi
1427 3043 1559 3129 eripere
1575 3049 1609 3106 ct
1628 3041 1671 3107 ab
1693 3043 1824 3107 actione

484 3167 645 3213 coercere
667 3151 844 3214 tentarunt
860 3170 893 3216 v.
910 3154 950 3215 21
969 3161 1002 3214 et
1019 3170 1097 3214 cum
1119 3147 1292 3214 audissent
1311 3149 1366 3213 sui
1377 3145 1406 3209 οἱ
1419 3135 1493 3235 παρ’
1508 3148 1600 3210 αὑτοῦ
1617 3149 1639 3212 ii
1663 3146 1825 3214 dicuntur

491 3253 551 3342 qui
565 3275 781 3343 quocumque
794 3253 898 3320 modo
912 3253 955 3321 ad
970 3255 1122 3344 aliquem
1136 3256 1325 3344 pertinent,
1343 3255 1541 3345 propinqui,
1556 3256 1711 3340 cognati,
1728 3254 1826 3322 disci·

487 3359 580 3448 puli,
606 3359 632 3426 ii
658 3381 744 3450 quos
766 3359 892 3450 aliquis
915 3361 1008 3427 circa
1031 3383 1065 3427 se
1091 3361 1213 3445 habet,
1238 3361 1297 3450 qui
1322 3362 1423 3427 simul
1448 3383 1524 3427 cum
1548 3361 1663 3450 aliquo
1688 3363 1822 3439 vivunt,

485 3467 646 3549 comites,
669 3466 845 3534 domestici
866 3466 926 3555 (ita
946 3467 1039 3557 apud
1054 3470 1216 3550 Graecos3
1240 3467 1317 3534 vide
1334 3471 1468 3534 Pussow
1488 3490 1514 3535 s,
1539 3490 1571 3534 v.
1600 3469 1755 3550 Selian:;
1778 3469 1826 3536 ita

486 3593 628 3663 quoque
649 3580 665 3641 1
686 3573 791 3641 llacb.
819 3578 899 3654 9,tt
920 3595 928 3643 ε
951 3573 1035 3640 dixit
1049 3573 1093 3641 ad
1109 3575 1370 3653 suoslonathas;
1397 3584 1410 3641 l
1433 3576 1536 3642 llach.
1558 3582 1676 3656 11‚73;
1705 3583 1823 3657 15‚15;

488 3684 610 3761 ,16‚16;
634 3679 759 3769 quibus
780 3679 863 3747 locis
880 3687 1023 3770 apparet
1040 3681 1188 3768 intelligi
1210 3683 1338 3770 eosqui
1357 3706 1378 3748 a
1398 3681 1554 3772 partibus
1569 3682 1713 3749 alicuius
1727 3690 1823 3762 sunt,

486 3783 564 3852 eius
577 3785 743 3875 comites).
759 3790 839 3854 Usus
851 3787 965 3878 itaque
979 3787 1008 3854 is
1022 3794 1082 3870 est,
1100 3793 1138 3856 ut
1152 3788 1208 3855 sui
1218 3811 1285 3855 non
1300 3791 1488 3856 necessario
1506 3788 1548 3855 de
1564 3790 1827 3875 consanguineis

490 3891 544 3958 vel
568 3893 770 3984 propinquis
790 3894 954 3984 explicari
978 3894 1111 3963 debeat.
1134 3899 1238 3962 lmmo
1263 3897 1346 3986 quia
1370 3901 1495 3962 Marcus
1514 3897 1626 3963 statim
1653 3905 1770 3985 postea
1790 3897 1826 3963 in

492 4020 525 4064 v.
548 4004 587 4065 31
604 4003 769 4086 cognatos
788 4001 914 4068 Christi
932 4021 1010 4068 voce
1031 4002 1178 4068 maxime
1195 4002 1335 4091 propria
1351 4003 1500 4092 appellat
1510 4005 1646 4089 frames,
1664 4003 1720 4070 nic
1736 4004 1827 4071 locu·

491 4105 584 4172 tione
597 4105 735 4174 diversa>
744 4105 892 4173 indicari
906 4107 1041 4175 videtur
1052 4129 1123 4174 non
1134 4108 1282 4195 intelligi
1296 4117 1457 4194 cognatos
1467 4110 1606 4189 Christi,
1621 4109 1681 4176 sed
1694 4109 1827 4198 aliquos

490 4211 564 4278 eius
578 4211 760 4303 discipulos
776 4215 841 4303 (uti
851 4215 920 4280 iam
936 4216 992 4281 Ps.
1010 4215 1103 4281 Hier.
1121 4214 1313 4304 explicatlet
1326 4217 1453 4282 amicos
1466 4218 1525 4304 qui
1541 4217 1573 4281 in
1587 4217 1826 4306 capharnaum

492 4319 536 4386 ab
552 4317 626 4386 eius
644 4320 799 4408 partibus
823 4326 929 4388 erant.
953 4322 991 4386 lli
1015 4323 1130 4410 itaque
1151 4318 1334 4396 ἀκούσαντες
1354 4313 1495 4402 {initium
1519 4323 1602 4412 quid
1620 4324 1827 4390 audierunt?

494 4448 534 4492 ex
549 4431 704 4492 contexta
723 4428 877 4494 oratione
895 4428 937 4495 de
953 4426 1048 4494 nulla
1063 4429 1132 4495 alia
1150 4452 1185 4495 re
1201 4451 1312 4496 sermo
1327 4453 1397 4497 esse
1415 4437 1522 4521 potest
1535 4431 1597 4494 nisi
1616 4429 1657 4496 de
1675 4453 1704 4498 v.
1726 4437 1767 4497 20
1784 4431 1826 4497 dc

490 4537 589 4599 tanto
604 4531 723 4622 populi
740 4555 906 4601 concursu
923 4534 982 4624 qui
998 4535 1118 4624 utique
1133 4535 1241 4602 factus
1258 4544 1308 4604 est
1326 4545 1468 4627 propter
1483 4538 1643 4603 miracula
1661 4560 1681 4603 a
1695 4538 1827 4603 Christo

494 4645 644 4729 patrata;
666 4645 700 4706 et
719 4637 810 4706 unde
825 4641 1007 4709 exierunt?
1024 4642 1057 4707 si
1076 4641 1257 4717 δκούσαντες
1275 4649 1408 4733 oportet
1428 4645 1640 4733 interpretari
1660 4667 1745 4709 cxv.
1765 4650 1824 4725 20,

492 4749 645 4814 exierunt
673 4748 788 4837 itaque
819 4769 858 4814 ex
887 4749 1025 4839 privatis
1054 4748 1211 4817 domibus
1237 4751 1474 4842 Capharnaum
1503 4749 1627 4838 (Calui.
1662 4750 1823 4838 Salmas),

487 4854 633 4922 simulac
649 4877 766 4922 rumor
781 4854 823 4921 de
838 4855 1003 4925 immenso
1015 4856 1196 4924 turbarum
1212 4860 1343 4949 impeta
1359 4856 1403 4925 ad
1414 4880 1471 4924 eos
1484 4858 1635 4948 perlatus
1650 4865 1717 4939 est;
1737 4858 1827 4924 exie·
