3960 5654
141 503 201 566 208
698 520 790 566 nac.
810 496 913 570 alo.

144 673 230 712 unum
239 673 340 726 panem
352 654 661 709 nonhabebantseoum
672 659 701 708 in
710 660 783 708 navi.
811 658 813 662 ⁴
833 648 854 701 τί
873 645 907 717 μὴ
928 647 972 698 ἕνα
991 648 1064 718 ἄρτον
1087 645 1131 699 οὖα
1155 643 1227 714 εἶχον
1250 642 1308 716 μεθ’
1332 641 1423 694 ἑαυτῶν
1444 640 1468 693 ίν

181 751 223 801 15.
236 745 536 814 Etpraeolplebatels,
548 746 645 798 diceus
657 763 663 796 :
675 748 784 806 Videte,
833 743 868 809 τῷ
888 735 978 808 πλοίῳ.
1001 744 1045 794 15.
1068 737 1109 790 παλ
1127 735 1283 787 διεστέλλετο
1308 732 1405 797 αὐτοῖς,
1425 731 1469 783 λέ-

144 843 173 891 et
193 840 290 890 caveto
315 849 331 885 a
355 834 491 884 termento
509 836 734 898 pharisaeorum,
760 838 788 884 et
833 845 899 898 γων,
925 824 1033 896 Ὁρᾶτε,
1056 827 1156 896 βλέπετε
1186 821 1233 876 ἀπὸ
1256 829 1299 890 τῆς
1321 823 1399 894 ζύμης
1421 826 1470 872 τῶν

145 928 283 980 termento
298 923 426 974 Herodis.
455 923 496 973 16.
519 925 553 975 Et
573 925 734 988 cogitabant
752 923 787 974 ad
832 916 976 985 Φαρισαίων
996 917 1037 968 καὶ
1056 920 1098 981 τῆς
1116 914 1194 983 ζύμης
1216 911 1338 982 Ἡρώδου.
1367 914 1409 965 lt.
1430 909 1472 960 καί

144 1019 324 1073 altenrtrum,
348 1013 472 1064 dieentes
494 1027 500 1062 :
520 1015 593 1074 Quia
620 1026 708 1077 panes
732 1026 788 1063 non
834 1004 1004 1073 διελογίζοντο
1041 1007 1100 1076 προς
1135 1001 1275 1067 ἀλλήλους,
1310 1005 1348 1055 ὅτι
1386 1000 1473 1070 ἄρτους

146 1102 786 1167 lrabemuu.ll.Qu0cognito,aitillialesus:
834 1093 878 1146 οὖν.
902 1094 1012 1164 ἔχουσιν.
1046 1100 1086 1148 ll.
1112 1092 1153 1144 καὶ
1176 1092 1250 1162 rauba
1277 1092 1345 1163 λέγει
1372 1091 1470 1151 nituit,

147 1193 220 1254 Quid
234 1193 377 1255 cogitatis,
398 1195 465 1257 quia
480 1206 567 1257 panes
587 1203 642 1241 non
663 1188 789 1241 hahetis?
835 1186 867 1240 Τί
899 1185 1083 1256 διαλογίζεσθε,
1118 1183 1156 1233 ὅτι
1191 1181 1278 1251 ἄρτους
1308 1181 1351 1234 ota
1385 1181 1471 1251 ίχετε;

147 1280 790 1344 nondumcognoscitleneointelligitis?adhue
835 1274 902 1328 οὔπω
935 1281 1030 1339 νοεῖτε,
1066 1271 1122 1325 ote}
1151 1271 1262 1337 συνίετε,
1291 1272 1473 1342 πεπωρωμένην

152 1368 790 1422 caecatumhabetlseorvestrum?18.0eu-
836 1363 906 1434 ἔχετε
934 1361 978 1429 τὴν
1014 1361 1114 1432 καρδίαν
1140 1360 1227 1432 δρῶν,
1261 1362 1301 1414 18.
1332 1359 1475 1431 δρίαλροὶις

149 1461 193 1510 loe
209 1461 345 1512 habentes
359 1474 415 1512 non
426 1458 542 1510 videtis?
555 1460 582 1509 et
593 1470 675 1508 aures
688 1459 790 1508 haben·
837 1453 937 1523 ἔχοντες
960 1452 988 1505 οὗ
1017 1452 1134 1521 {altram
1165 1450 1206 1503 καί
1234 1447 1284 1502 ὦτα
1306 1448 1406 1519 ἔχοντες
1429 1448 1474 1500 οὐκ

152 1553 194 1600 tes
217 1563 274 1601 non
298 1550 418 1601 auditis?
441 1549 500 1599 Neo
523 1547 718 1597 recordaminl.
748 1548 788 1597 19.
836 1543 951 1605 ἂκοὺετες
972 1542 1013 1594 καί
1032 1541 1060 1593 οὗ
1085 1541 1266 1612 μνημονεύετε.
1293 1543 1336 1595 lu.
1358 1540 1400 1591 ὅτε
1420 1539 1476 1599 τοὶις

151 1639 270 1699 Quando
286 1642 411 1704 quinque
427 1650 515 1703 panes
530 1637 600 1700 tregt
620 1638 648 1685 ln
668 1637 791 1700 quinque
836 1634 906 1687 πέντε
935 1633 1021 1702 ἄρτους
1048 1630 1142 1683 talasa
1172 1629 1204 1691 είς
1231 1630 1286 1691 τους
1314 1647 1476 1699 πεντακισχι-

150 1730 333 1794 millia,quot
343 1730 480 1793 cophinos
496 1727 716 1789 fragmentorum
731 1726 792 1790 ple·
837 1723 919 1785 λίους,
944 1723 1033 1783 πόσους
1062 1721 1175 1791 κοφίνους
1202 1720 1353 1790 κλασμάτων
1376 1718 1476 1788 πλήρεις

152 1817 536 1881 nessustullstiethlcuntei
553 1830 560 1863 :
575 1815 737 1865 Duodecim.
838 1811 927 1880 ἤρατε,
959 1811 1074 1883 λέγουσιν
1112 1809 1178 1882 αὐτῷ
1211 1810 1323 1862 Δώδεκα,
1359 1812 1402 1863 20.
1434 1809 1476 1861 ὅτε

185 1907 231 1958 20.
245 1907 365 1967 Quando
377 1911 406 1956 et
417 1907 524 1968 septem
535 1917 622 1969 panes
631 1906 658 1953 lu
674 1906 794 1968 quatuor
839 1901 893 1963 τοδς
921 1900 981 1953 ἑπτα
1014 1899 1046 1962 είς
1080 1900 1138 1961 τους
1174 1897 1397 1970 τετρακισχιλίους,
1428 1899 1477 1951 πό-

151 1997 253 2056 mlllia,
274 1998 343 2061 qrrot
362 1997 473 2058 sportas
492 1994 711 2058 fragmentorum
733 1995 793 2043 tuli·
839 2011 888 2043 οων
908 1991 1030 2060 οπυρίδωυ
1043 1991 1196 2061 πληρώματα
1215 1988 1366 2060 κλαοράτων
1385 1986 1476 2058 ἤρατε,

151 2084 406 2136 υίΙείΕῐᾱὶουτιίοί
422 2097 427 2132 :
446 2083 570 2147 Septem.
839 2081 881 2133 καί
905 2080 1019 2150 λέγουσιν
1044 2079 1119 2150 αὐτῷ,
1149 2075 1241 2134 Ἑπτά.
1274 2082 1318 2134 ll.
1349 2077 1392 2130 καί
1420 2076 1478 2130 ἔλε-

186 2174 232 2226 lt.
246 2174 281 2224 at
296 2173 405 2224 dicebat
424 2175 466 2224 eis
482 2187 489 2222 ε
506 2173 654 2232 Quomodo
670 2173 793 2222 nondum
840 2189 883 2241 νιν
902 2169 997 2234 αὐτοῖς,
1018 2168 1072 2231 Πῶς
1090 2167 1119 2221 οὗ
1139 2172 1237 2234 νοεῖτες

152 2263 327 2334 lntelllgltis?

191 2470 223 2539 ru
238 2483 265 2520 ν.
283 2470 383 2520 loun
406 2469 460 2519 auu
475 2485 561 2528 ουτος,
577 2469 705 2520 amanet
724 2470 771 2519 οι.
789 2471 820 2520 rn
836 2483 862 2519 ν.
883 2470 914 2520 ιν
935 2469 1047 2521 auom
1061 2483 1132 2537 τρια
1149 2457 1333 2520 rur'uauent.
1350 2468 1381 2518 ιο
1400 2482 1427 2518 v.
1450 2469 1480 2518 τι

156 2560 209 2612 add
225 2575 259 2618 εις
278 2556 325 2628 (το)
339 2556 427 2609 πλοιον
447 2561 469 2609 Α
481 2560 502 2609 E
515 2559 568 2610 FG
583 2559 639 2608 HK
652 2559 678 2608 Μ
691 2559 715 2610 N
728 2559 746 2610 S
758 2560 781 2608 V
794 2561 818 2609 Χ
828 2560 851 2610 U
861 2556 909 2609 lh
933 2560 959 2609 al
979 2574 1025 2610 mu
1041 2562 1061 2609 it
1068 2574 1075 2620 ;
1098 2573 1144 2610 om
1164 2573 1263 2610 navem
1287 2572 1331 2609 am
1352 2572 1402 2609 ουν
1425 2558 1482 2608 hub

156 2651 223 2701 ruah
239 2650 276 2700 tol
290 2650 348 2700 lind
361 2651 421 2700 harl
439 2647 476 2714 (ln
491 2650 593 2713 quibus
605 2662 611 2698 :
625 2650 780 2700 ascendens
793 2651 892 2701 lterum
907 2649 994 2714 abiit).
1012 2650 1045 2699 ln
1061 2663 1086 2699 v.
1103 2649 1133 2700 tl
1149 2652 1176 2699 et
1185 2649 1264 2699 obllti
1276 2652 1341 2700 aunt
1354 2646 1483 2713 discipuli

158 2741 216 2790 etas
231 2739 316 2790 theod
330 2739 385 2790 lleh
399 2739 461 2788 med
477 2738 532 2789 ken
545 2739 612 2790 ruah
620 2752 627 2800 ;
642 2740 664 2789 l)
677 2754 698 2788 ει
713 2757 747 2807 μη
760 2756 804 2788 ενα
811 2755 886 2807 αρτον
900 2755 967 2807 ειχον
978 2742 1006 2790 et
1020 2742 1071 2790 alm
1086 2741 1121 2800 it,
1138 2735 1201 2802 ag²
1215 2740 1268 2789 nisi
1283 2751 1370 2788 unum
1381 2751 1484 2802 panem

159 2827 312 2888 habebant,
325 2828 342 2878 d
358 2831 366 2877 i
381 2842 399 2892 q
414 2830 467 2877 nisi
483 2842 568 2879 unum
584 2842 684 2893 panem
698 2842 781 2893 quem
793 2830 933 2881 habebant
946 2843 1055 2890 seeum,
1071 2832 1099 2880 et
1112 2831 1187 2880 simo
1197 2824 1233 2878 ll’
1246 2833 1275 2879 et
1289 2829 1347 2892 aliq
1365 2830 1483 2878 minuse.

157 2917 190 2968 ln
201 2931 227 2967 v.
249 2917 279 2967 lt
294 2917 347 2967 add
362 2913 479 2983 λεγοντες
496 2917 579 2969 ach
590 2918 614 2975 N
626 2918 650 2967 Χ
659 2914 736 2967 ΓΔΗ
753 2932 808 2970 uno
823 2921 838 2970 9
853 2920 879 2970 al
895 2919 954 2983 pler
965 2922 985 2969 it
999 2919 1066 2983 vulg
1077 2932 1114 2983 go
1128 2931 1179 2983 oop
1192 2932 1237 2983 syr
1251 2915 1311 2986 (utrl
1325 2930 1384 2968 arm
1404 2919 1469 2968 aeth
1479 2931 1485 2977 ;

156 3022 256 3075 εχουοιν
273 3009 293 3058 Β
309 3008 367 3071 aliq
379 3003 569 3070 minusoeg¹;
585 3008 607 3056 D
621 3023 706 3074 ειχαν,
722 3009 764 3059 ab
777 3011 810 3073 iq
825 3009 900 3073 quod
915 3022 1001 3073 panes
1012 3022 1068 3059 non
1083 3009 1230 3070 haherent
1252 3008 1300 3059 sad
1322 3008 1405 3072 longe
1426 3008 1487 3071 pler

156 3112 260 3165 εχορεν.
278 3095 310 3146 ln
326 3111 352 3146 v.
373 3097 403 3145 17
419 3112 453 3145 ετι
467 3112 602 3163 πεπωρωρ.
618 3097 641 3147 Α
654 3097 678 3147 Χ
692 3093 738 3145 lh
750 3112 804 3148 uno
819 3099 833 3149 9
847 3098 873 3148 al
887 3099 946 3162 pler
957 3099 967 3147 l
977 3095 1134 3162 g‘tqvulg
1143 3112 1188 3161 syr
1200 3095 1262 3162 (utr)
1273 3097 1305 3147 Ti
1313 3111 1320 3157 ;
1332 3099 1372 3147 sle
1386 3097 1487 3148 obtusa

153 3190 222 3237 aum
234 3186 317 3237 eorda
333 3191 424 3236 vestra
439 3187 456 3235 b
471 3185 513 3236 ed
529 3182 564 3235 [ίΞ
576 3187 599 3245 i;
616 3186 673 3237 DU
686 3187 742 3250 allo
759 3189 869 3238 minuse
879 3184 977 3254 διολογ,
995 3204 1019 3236 εν
1036 3203 1087 3245 ταις
1102 3185 1208 3255 καρδιαις
1231 3204 1314 3254 υρων,
1339 3188 1401 3237 slm.
1427 3199 1487 3235 arm

156 3278 221 3328 aeth
232 3277 287 3327 lieh
304 3277 368 3326 ken.
389 3277 421 3325 ln
437 3290 463 3325 v.
477 3275 510 3326 lt)
523 3291 564 3324 οτε
579 3291 618 3324 και
634 3273 685 3331 ud
700 3273 771 3340 g¹²l
787 3278 854 3340 vulg
868 3277 975 3344 [excipe
992 3278 1040 3341 big
1053 3290 1100 3327 ear
1115 3277 1161 3326 val
1177 3275 1257 3343 hart).
1273 3277 1304 3326 lu
1323 3290 1350 3325 v.
1368 3275 1398 3325 21
1417 3291 1488 3324 ουτω

158 3381 251 3416 ουνιετε
267 3361 456 3421 κΟΚιΔΠ
481 3366 538 3429 aliq
555 3367 664 3416 minuse
686 3366 744 3415 kTi
760 3366 798 3415 W
813 3367 851 3426 Η,
870 3384 920 3424 πως
940 3366 1169 3418 ouBEFGllS
1185 3363 1241 3414 Vl'
1263 3366 1416 3431 alplbdq
1436 3378 1488 3428 eop

160 3456 240 3516 aeth;
257 3473 307 3513 πως
317 3472 385 3505 ουπω
402 3457 424 3504 h
439 3455 497 3506 Dld
512 3455 535 3505 N
548 3455 646 3505 Uxel
661 3455 695 3506 ³0
707 3455 792 3507 terea
804 3469 819 3506 e
831 3453 866 3506 n*
878 3457 934 3520 gil
946 3470 993 3519 syr
1006 3453 1066 3524 (atr)
1079 3470 1116 3521 go
1130 3469 1189 3507 arm
1204 3456 1280 3520 vulg.

205 3650 318 3716 Turba
337 3649 475 3715 dimissa
495 3654 584 3715 lesus
605 3671 787 3716 conscensa
803 3651 962 3717 navicula
981 3652 1124 3718 venitin
1145 3651 1228 3718 sines
1248 3652 1423 3739 Magadan,
1440 3654 1490 3720 uti

161 3757 275 3824 llatth.
297 3764 395 3837 15‚3u
414 3755 551 3822 dicitur.
569 3756 693 3823 Eadem
708 3758 823 3847 itaque
844 3759 938 3843 regio
953 3757 1125 3845 designari
1140 3760 1307 3826 censenda
1325 3766 1375 3826 est
1397 3761 1490 3850 apud

160 3869 307 3931 llareum
322 3887 352 3929 v.
372 3871 411 3929 10
434 3876 466 3929 et
480 3863 595 3929 statim
614 3863 795 3932 ascendens
819 3866 933 3931 navim
959 3887 1035 3931 cam
1059 3865 1236 3957 discipulis
1257 3868 1326 3933 suis
1346 3868 1491 3935 venitin

158 3984 276 4061 quartas
289 3969 535 4050 Dulraonutlia,
548 3994 626 4037 curn
638 3994 748 4061 neque
763 3972 927 4059 Magadan
943 3995 1053 4063 neque
1068 3974 1291 4042 Dalmanutha
1305 3975 1387 4041 alibi
1402 3997 1491 4042 oom-

163 4083 381 4158 memoretur,
397 4079 477 4144 satis
491 4079 659 4145 incertum
677 4085 727 4145 est
742 4079 800 4146 ubi
821 4081 917 4167 regio
932 4067 1016 4148 haee
1035 4081 1231 4171 quaerenda
1242 4083 1294 4149 sit.
1312 4087 1358 4149 Ne
1374 4084 1410 4149 in
1428 4084 1493 4150 hoe

160 4185 300 4276 quidem
317 4185 632 4252 consentiuntsitne
648 4186 682 4252 in
703 4186 815 4254 littore
831 4187 925 4255 lacus
938 4187 1096 4255 orientali
1111 4212 1154 4256 an
1170 4190 1381 4258 occidentali.
1403 4190 1492 4258 lllud

162 4292 311 4360 affirmat
324 4297 416 4359 Patr.
430 4317 469 4360 ea
485 4293 606 4360 ductus
616 4292 746 4360 ratione
757 4295 850 4384 quod
860 4296 1087 4383 evangelistae
1097 4319 1176 4364 etim
1188 4321 1328 4365 narrare
1342 4298 1493 4365 habeant

162 4401 332 4469 Christum
350 4423 389 4466 ex
405 4402 569 4468 alterutro
591 4400 683 4467 lacus
701 4400 809 4468 littore
828 4403 873 4469 ad
896 4404 1040 4471 alterum
1062 4406 1284 4472 transmisisse
1304 4405 1417 4473 dicere
1439 4429 1493 4472 so-

162 4509 256 4575 leant
274 4530 352 4573 eum
366 4509 598 4576 transfretasse
613 4509 663 4575 vel
682 4509 780 4575 ivisse
796 4513 887 4576 trans
902 4511 1045 4594 lretum3
1068 4534 1144 4578 cum
1165 4513 1280 4602 itaque
1294 4512 1328 4578 in
1343 4513 1495 4580 hocloco

165 4620 291 4683 llareus
304 4637 412 4704 aeque
427 4639 468 4682 ao
487 4617 670 4684 Matthaeus
683 4623 842 4683 neutrum
858 4617 983 4702 dicant,
1000 4619 1058 4685 sed
1074 4620 1242 4686 Christum
1259 4622 1335 4687 navi
1354 4622 1493 4706 venisse,

168 4744 238 4790 esse
255 4722 531 4790 concludendum
552 4726 683 4791 narrari
709 4748 776 4791 non
801 4726 979 4793 traiectum
1007 4728 1050 4793 ad
1076 4729 1251 4814 regionem
1272 4736 1365 4795 trans
1383 4729 1494 4796 laeum

171 4832 333 4920 positam,
358 4830 416 4895 sed
440 4833 691 4918 navigationem
720 4833 762 4899 ad
787 4833 889 4900 aliam
915 4841 1047 4924 partem
1073 4835 1223 4902 eiusdem
1248 4836 1379 4903 littoris.
1405 4836 1495 4903 Idem

169 4944 282 5004 eeuset
303 4937 408 5003 Weiss
423 4946 456 5004 ot
475 4939 571 5006 addit
587 4940 812 5008 Dalmanutha
828 4964 923 5031 posse
939 4944 1080 5034 reperiri
1093 4944 1127 5010 ln
1151 4946 1224 5010 vico
1242 4943 1407 5012 hodierno
1424 4945 1495 5013 llel-
