3960 5654
912 371 1003 418 nac.
1027 356 1058 429 8,
1081 357 1132 418 34.
1627 364 1685 425 223

358 510 392 572 et
404 529 466 576 nos
481 505 554 574 vult
569 526 693 599 corpus
707 511 857 576 nostrum
873 507 1057 596 despicere.
1075 507 1169 575 Unde
1180 508 1335 596 sequitur
1349 508 1521 597 abnegare
1537 512 1684 601 seipsum

357 635 443 715 esse,
460 618 498 681 ut
515 613 605 680 lans.
621 614 717 696 dicit,
735 612 922 682 valedicere
940 614 1089 704 propriis
1103 614 1281 681 affectibus
1294 637 1334 681 ac
1348 614 1523 685 desideriis
1540 623 1573 686 et
1591 618 1685 708 apud

325 785 327 789 ,
356 743 391 788 se
405 726 551 789 statuere
567 722 656 791 nolle
674 721 835 811 deinceps
849 721 909 789 illa
922 723 1017 810 sequi
1041 743 1130 811 quae
1146 743 1244 788 amor
1259 723 1416 812 proprius
1431 725 1601 810 suggerit,
1625 725 1684 792 sed

356 851 397 896 ea
411 848 498 916 quae
511 826 647 896 divinae
661 833 739 894 sunt
753 827 951 909 voluntatis,
967 832 1282 918 quantumcumque
1299 838 1377 896 sunt
1394 831 1489 897 carni
1504 838 1536 898 et
1551 840 1685 899 nostrae

324 996 326 1000 ,
357 934 527 1002 humanae
546 934 713 1003 voluntati
733 934 870 1003 inimica
890 936 942 1001 vel
958 935 1126 1002 difficilia.
1146 939 1285 1026 Oportet
1300 937 1414 1026 itaque
1432 961 1509 1005 suos
1527 939 1681 1022 allectus,

355 1062 434 1107 suos
443 1043 612 1133 appetitus
623 1096 631 1125 ,
643 1063 705 1109 sua
718 1041 904 1123 desideria,
915 1064 1009 1110 suam
1022 1041 1232 1110 voluntatem
1245 1050 1277 1110 et
1287 1065 1386 1110 omne
1397 1045 1487 1134 quod
1499 1048 1533 1112 in
1546 1046 1683 1113 bomine

356 1147 485 1216 carnali
510 1150 594 1217 vivit
616 1154 648 1215 et
675 1153 809 1237 vegetat
831 1148 1031 1216 submittere
1055 1155 1088 1216 ct
1112 1150 1326 1217 conlormare
1349 1151 1485 1219 divinae
1519 1154 1682 1220 voluntati

356 1253 495 1344 (Sylvl.
524 1261 617 1324 Tunc
639 1261 771 1339 autem,
797 1264 833 1323 ut
852 1261 888 1343 S.
914 1258 1099 1347 Gregorius
1121 1258 1228 1344 (hom.
1251 1265 1293 1325 32
1316 1259 1349 1324 in
1372 1259 1512 1348 evang.)
1536 1267 1569 1326 et
1590 1260 1682 1327 Beda

354 1360 483 1448 dicunt,
497 1385 559 1431 nos
570 1363 793 1450 abnegamus,
809 1386 885 1432 cum
902 1367 1049 1431 vitamus
1064 1363 1157 1454 quod
1168 1388 1229 1455 per
1243 1371 1439 1433 vetustatem
1453 1366 1579 1435 luimus
1593 1374 1627 1435 ct
1638 1369 1682 1436 ad

356 1470 421 1538 hoc
434 1471 578 1538 nitimur
590 1492 658 1561 quo
672 1493 735 1561 per
747 1472 932 1539 novitatem
944 1494 1126 1555 vocamur;
1142 1470 1247 1562 idque
1258 1472 1406 1541 illustrat
1421 1474 1514 1541 Pauli
1527 1475 1680 1566 exemplo

355 1575 500 1646 dicentis
516 1599 524 1647 :
542 1579 620 1646 vivo
634 1579 702 1645 iam
716 1601 783 1646 non
798 1597 879 1666 cg0;
899 1577 1082 1647 exstinctus
1095 1579 1226 1669 quippe
1242 1581 1351 1647 luerat
1365 1603 1482 1648 saevus
1500 1580 1556 1648 ille
1569 1605 1681 1672 perse-

353 1690 452 1754 eutor
466 1691 500 1754 et
514 1686 629 1754 vivere
646 1690 805 1776 coeperat
819 1685 1034 1776 praedicator
1053 1687 1142 1776 pius.
1162 1691 1202 1754 Ut
1216 1688 1312 1754 brevi
1327 1691 1441 1756 omnia
1455 1690 1680 1779 comprehen-

355 1791 491 1876 dantur,
507 1792 692 1881 abnegatio
706 1794 758 1861 sui
772 1794 878 1884 ipsius
894 1794 1058 1884 postulat,
1078 1800 1115 1861 ut
1130 1795 1165 1861 iu
1180 1796 1337 1862 omnibus
1355 1800 1458 1863 Deum
1474 1804 1678 1887 spectemus,

356 1898 439 1990 quid
456 1901 489 1968 ai
505 1906 644 1988 gratum
658 1900 701 1968 sit
713 1907 747 1968 et
763 1899 808 1968 ad
822 1901 896 1968 eius
909 1901 1047 1968 honoris
1065 1902 1336 1969 emolumentum
1351 1910 1389 1970 ut
1409 1904 1677 1988 consideremus,

355 2028 424 2075 non
442 2007 525 2097 quid
539 2006 642 2094 ,nobis
661 2006 862 2075 iucundum.

398 2115 519 2206 Siquis
528 2115 650 2183 Christi
660 2115 847 2206 discipulus
859 2117 1011 2184 esseoult
1025 2116 1299 2206 (monentlesum
1317 2116 1495 2185 consulere
1507 2118 1614 2186 libero
1624 2142 1680 2186 ar-

353 2223 473 2312 bitrio,
487 2221 682 2306 invitando,
700 2224 851 2313 praemia
865 2222 1106 2314 proponendo,
1123 2223 1333 2291 ostendendo
1343 2224 1507 2292 damnum
1522 2248 1678 2294 recusan-

353 2330 466 2421 tium),
478 2351 614 2399 necesse
628 2336 678 2398 est
690 2329 838 2399 secundo
852 2352 861 2400 :
873 2344 907 2398 et
919 2331 1019 2399 tollat
1028 2354 1163 2398 crucem
1176 2355 1274 2399 suom
1280 2353 1294 2415 ,·
1308 2361 1322 2394 κ
1338 2333 1499 2400 translata
1512 2334 1595 2401 haec
1611 2356 1680 2402 esse

353 2460 455 2506 nemo
467 2460 535 2506 non
548 2437 656 2520 videt;
673 2442 709 2506 at
722 2460 813 2507 nova
830 2460 910 2506 sane
926 2438 1124 2507 huiusmodi
1140 2440 1314 2506 translatio
1332 2446 1415 2507 esta
1434 2441 1571 2508 nemine
1586 2441 1681 2531 prius

354 2568 505 2637 unquam
526 2552 704 2636 usurpata,
724 2545 783 2613 sed
804 2566 915 2636 neque
934 2546 1075 2614 aliunde
1093 2545 1241 2614 deducta
1257 2569 1360 2638 quam
1378 2570 1418 2614 ex
1437 2548 1541 2637 ipsius
1558 2549 1680 2616 Christi

353 2640 470 2737 eruce3
486 2675 600 2737 suom,
623 2651 912 2744 quemadmodum
934 2654 1005 2721 scil.
1021 2675 1087 2741 ego
1105 2676 1216 2721 meam
1233 2653 1349 2721 tollam
1368 2684 1384 2715 »
1404 2655 1539 2742 (Pata).
1558 2661 1680 2723 Verum

353 2783 432 2830 eum
452 2761 562 2830 crucis
581 2761 787 2851 supplicium
807 2760 938 2829 Christo
957 2760 1114 2828 nondum
1135 2762 1300 2829 inflictum
1318 2766 1405 2829 esset
1423 2761 1505 2829 darm
1527 2764 1614 2830 haec
1629 2763 1680 2829 lo-

354 2875 527 2960 queretur,
537 2867 708 2960 oportebit
717 2866 855 2949 addere,
868 2870 1027 2936 Romanis
1037 2869 1105 2936 iam
1116 2868 1176 2935 diu
1185 2870 1222 2935 in
1234 2869 1424 2936 Palaestina
1433 2870 1681 2960 imperantibus

353 2976 557 3069 supplicium
569 2976 680 3044 crucis
686 2981 721 3044 et
728 2975 843 3066 ipsum
852 2976 1056 3044 cruciarium
1067 2976 1194 3043 debere
1205 2998 1299 3044 suam
1313 2985 1450 3067 portare
1458 3000 1590 3044 crucem
1601 2979 1681 3046 satis

354 3091 472 3153 notum
491 3084 593 3152 fuisse
612 3082 800 3174 discipulis.
826 3087 933 3162 Quare
953 3083 1051 3150 facile
1070 3083 1312 3171 intelligebant
1326 3085 1490 3175 postulari
1510 3108 1529 3152 a
1549 3086 1681 3153 Christo

353 3196 391 3260 ut
402 3191 479 3283 quis
491 3197 631 3283 paratus
643 3213 714 3259 esse
729 3190 853 3259 debeat
868 3190 913 3258 ad
933 3191 1146 3278 ignominiae
1160 3199 1193 3258 et
1207 3192 1323 3258 mortis
1340 3213 1449 3278 genus
1472 3192 1680 3260 dirissimum

352 3299 567 3368 subeundum
579 3321 644 3390 pro
657 3300 731 3388 ipso
743 3304 776 3364 et
790 3298 895 3388 ipsius
908 3321 1018 3366 causa.
1036 3300 1120 3376 Quin
1133 3299 1246 3389 itaque
1260 3322 1358 3366 cruce
1372 3300 1575 3389 supplicium
1592 3300 1680 3367 desi-

352 3412 478 3495 gnatur
489 3405 741 3476 atrocissimum
753 3411 787 3474 et
799 3405 988 3493 ignominia
998 3406 1153 3496 plenum,
1168 3429 1303 3473 crucem
1317 3406 1434 3474 tollere
1448 3407 1680 3497 dicitquaevis

354 3512 720 3598 malaatincommoda,
731 3512 993 3603 persecutiones,
1007 3514 1253 3596 infestationes,
1267 3514 1504 3581 tribulationes
1514 3515 1676 3605 perterre,

353 3644 441 3714 quaa
458 3644 637 3691 occurrere
660 3621 789 3712 possint
807 3622 843 3688 iu
865 3621 1028 3711 obsequio
1049 3625 1115 3689 Deo
1136 3622 1354 3710 praestando;
1377 3633 1408 3688 et
1427 3635 1588 3711 sequatur
1606 3643 1679 3705 ἠις

353 3735 521 3821 quaerunt
531 3730 618 3798 sitne
628 3729 714 3797 haec
724 3727 1000 3819 tertiaqnaedam
1014 3727 1179 3809 conditio,
1188 3751 1230 3796 an
1243 3728 1276 3795 id
1286 3728 1377 3818 quod
1389 3752 1428 3795 ex
1438 3729 1570 3796 duabus
1580 3752 1678 3819 prac-

353 3838 460 3905 missis
473 3859 536 3906 sua
549 3842 669 3928 sponte
683 3842 921 3927 consequatur.
941 3841 978 3903 Et
993 3836 1058 3903 hoc
1074 3834 1214 3926 quidem
1231 3835 1332 3902 modo
1348 3836 1453 3925 aliqui
1467 3838 1676 3926 concipiunt,

350 3945 423 4013 scil.
446 3950 483 4011 ut
496 3945 710 4032 significetur
731 3966 808 4012 eum
830 3943 889 4034 qui
909 3943 991 4010 velit
1009 3944 1126 4009 venire
1145 3950 1222 4033 post
1241 3944 1428 4025 Christum,
1451 3945 1546 4034 sequi
1569 3967 1677 4034 posse,

352 4058 385 4120 et
398 4051 524 4121 debere
539 4074 601 4143 per
615 4051 672 4120 illa
686 4052 754 4119 duo
769 4051 891 4142 (lons.)
905 4055 938 4117 et
951 4052 986 4117 in
999 4073 1079 4117 eum
1094 4073 1230 4117 sensum
1244 4051 1360 4118 scribit
1377 4053 1469 4117 Patr.
1487 4073 1498 4116 :
1515 4079 1531 4111 a
1549 4073 1630 4118 cave
1645 4052 1680 4118 id

351 4160 399 4228 ita
416 4158 589 4247 intelliges
603 4180 643 4226 ac
661 4162 689 4225 si
707 4159 858 4226 Christus
871 4158 1035 4225 dixisset:
1058 4160 1085 4224 si
1107 4159 1183 4248 quis
1198 4159 1269 4225 vult
1289 4181 1341 4224 nra
1358 4159 1494 4247 sequi...
1519 4166 1680 4249 sequatur

353 4286 422 4347 me;
443 4266 501 4334 sed
523 4288 532 4335 :
552 4271 585 4333 et
603 4266 651 4332 ita
669 4267 823 4353 agendo,
843 4266 1047 4352 denegando
1066 4268 1286 4356 semetipsum
1308 4265 1464 4332 videlicet
1483 4268 1679 4335 attollendo

351 4397 488 4444 crucem
499 4395 613 4456 suam,
628 4379 777 4463 praestet
788 4373 880 4464 quod
892 4374 1025 4456 statuit,
1043 4376 1107 4440 hoc
1123 4381 1183 4455 cst,
1199 4381 1361 4463 sequatur
1375 4395 1428 4440 me
1444 4404 1472 4440 υ.
1492 4374 1575 4441 Fieri
1586 4377 1677 4442 enim

351 4506 419 4553 non
435 4487 542 4575 potest
556 4481 606 4572 (ut
622 4504 683 4573 pro
695 4504 736 4549 ea
747 4484 944 4573 acceptione
956 4483 1070 4568 arguit
1085 4482 1191 4569 loris.)
1207 4491 1243 4547 ut
1255 4483 1312 4571 qni
1325 4482 1471 4571 seipsum
1487 4505 1563 4549 vere
1577 4484 1679 4551 alinc-

351 4593 446 4680 gavit
459 4597 492 4658 et
506 4590 594 4658 tollit
608 4611 743 4657 crucem
755 4611 869 4672 suam,
887 4612 953 4656 non
968 4596 1130 4679 sequatur
1143 4588 1330 4669 Clrristu1n;
1345 4596 1378 4655 et
1393 4589 1545 4679 alioquin
1559 4590 1678 4657 absur-

352 4698 434 4767 dum
451 4705 536 4768 essct
556 4699 671 4766 dicere
690 4699 756 4766 tria
777 4697 860 4765 hacc
883 4696 1010 4787 requiri
1028 4698 1071 4764 ah
1093 4719 1134 4762 eo
1152 4697 1211 4786 qiu
1233 4696 1304 4762 rult
1320 4698 1435 4763 venire
1456 4704 1529 4788 post
1551 4703 1674 4778 lesum,

352 4829 474 4899 nempe
489 4807 661 4896 abnegare
674 4830 721 4890 se,
739 4805 857 4874 tollere
872 4827 1006 4875 crucem
1022 4813 1055 4872 ct
1069 4805 1164 4894 sequi
1178 4805 1363 4887 Christum,
1380 4828 1456 4872 curn
1474 4807 1588 4873 veuirc
1603 4813 1678 4896 post

1498 5134 1594 5160 ὲ
