3960 5654
163 517 223 578 302
528 507 531 516 ’
676 532 765 576 naar.
793 515 838 582 11,
866 513 968 571 11-19.

162 668 293 735 crimen
308 663 393 730 illud
406 662 617 730 efferendum
633 672 665 731 et
679 672 816 754 propter
831 661 948 726 fideles
963 686 1001 729 ex
1015 664 1185 749 gentibus.
1201 669 1287 730 Sunt
1299 663 1357 752 qui
1370 670 1491 750 putent

159 797 200 842 ea
224 795 245 838 a
267 775 375 836 lfareo
402 768 508 834 relata
533 790 620 850 esse,
648 773 730 860 quia
759 770 792 833 in
822 770 909 833 atrio
934 772 1090 853 gentium
1114 771 1147 833 in
1178 791 1246 856 quo
1276 769 1490 854 alienigenae

160 877 349 947 adorabant
361 874 421 940 illa
434 877 624 963 profanatio
637 874 900 966 perpetrabatur
916 875 993 962 (aa.
1021 876 1149 958 Weissb
1171 897 1227 940 cos
1241 889 1354 942 aretem
1366 876 1491 963 fecistis

159 1005 234 1052 cans
253 982 451 1070 speluncam
477 985 672 1065 latronum;
693 981 811 1046 eodem
836 982 1002 1070 vituperio
1029 987 1113 1047 Deris
1140 982 1206 1043 iam
1231 1004 1290 1069 per
1314 983 1489 1048 teremiam

160 1091 267 1179 (7,ft)
299 1089 441 1156 ludaeos
474 1091 655 1157 insectatus
685 1093 750 1166 est;
788 1089 932 1154 latrones
962 1089 1113 1154 Christus
1146 1095 1242 1152 vocat
1270 1096 1487 1166 mercatores,

160 1196 419 1276 nummularios,
440 1199 498 1285 qui
515 1197 636 1263 fraude
656 1203 690 1260 et
708 1194 851 1260 avaritia
866 1196 997 1260 lucrum
1018 1195 1178 1257 iniustum
1198 1203 1369 1282 quaerunt
1385 1196 1486 1283 (Vz'ct.

161 1299 321 1391 Theoplr.)
343 1305 411 1383 vel,
432 1310 468 1369 ut
488 1301 564 1368 Alb.
587 1301 687 1378 dicit,
711 1299 822 1366 bursis
842 1300 1092 1366 insidiabantur
1113 1298 1332 1388 simplicium.
1355 1307 1394 1366 Et
1409 1303 1490 1391 quia

158 1408 326 1475 eiusmodi
347 1410 527 1476 latrocinia
550 1409 585 1472 in
609 1407 682 1471 loco
707 1429 802 1472 sacro
822 1411 976 1473 exercent
994 1413 1026 1470 et
1049 1407 1178 1471 cultum
1200 1413 1233 1470 et
1256 1405 1488 1473 adorationem

158 1516 216 1581 Dei
231 1517 395 1602 sacrilege
408 1515 561 1594 turbant,
579 1512 771 1601 impediunt
782 1523 813 1579 et
824 1535 863 1579 eo
875 1511 1022 1578 tumultu
1036 1514 1107 1601 pios
1126 1535 1262 1601 quoquo
1277 1512 1490 1597 alienigenas

157 1628 275 1689 arcent
288 1624 397 1711 iisque
413 1620 532 1709 gravia
544 1621 709 1708 praebent
720 1620 895 1700 scandala,
917 1620 1037 1684 merito
1054 1617 1216 1684 dicuntur
1228 1619 1395 1707 templum
1411 1641 1488 1684 con-

157 1730 295 1795 vertisse
306 1728 343 1794 in
351 1728 548 1817 speluncam
562 1725 746 1791 latronum.
762 1724 955 1790 t‘erbisistis
965 1747 1005 1790 ex
1022 1727 1162 1790 leremia
1176 1725 1385 1814 depromptis
1401 1730 1488 1791 lesus

157 1836 259 1901 etiam
283 1833 585 1901 comminationem
609 1831 703 1897 illam
729 1832 762 1895 in
784 1833 983 1897 memoriam
1010 1838 1145 1896 revocat
1172 1838 1274 1920 atque
1305 1833 1486 1909 instaurat,

159 1963 227 2032 qua
237 1938 584 2028 ibidempraedieitur
597 1938 685 2015 fore,
704 1946 741 2002 ut
753 1945 891 2027 propter
906 1937 1175 2026 profanationem
1188 1937 1308 2024 templi
1321 1937 1487 2025 templum

159 2049 305 2137 ipsuma
330 2047 470 2112 Domino
490 2044 687 2120 abiiciatur3
711 2046 863 2132 sequitur
884 2044 974 2109 enim
999 2044 1091 2132 apud
1122 2045 1322 2132 prophetam
1350 2064 1357 2110 :
1383 2044 1429 2109 ite
1444 2044 1487 2109 ad

156 2153 268 2219 locum
284 2174 397 2218 meum
416 2153 450 2216 in
465 2151 551 2231 Silo,
575 2151 633 2216 ubi
655 2151 822 2215 habitavit
833 2172 955 2216 nomen
971 2171 1083 2215 meum
1103 2173 1123 2214 a
1139 2150 1308 2238 principio
1324 2156 1357 2216 et
1377 2149 1488 2216 videte

156 2281 244 2349 quae
252 2258 391 2324 fecerim
403 2258 434 2323 ei
446 2263 585 2347 propter
598 2257 762 2322 malitiam
779 2257 894 2345 populi
913 2257 978 2322 mei
991 2256 1106 2331 lsrael,
1121 2265 1154 2320 et
1165 2279 1256 2322 nuno
1272 2257 1354 2344 quia
1364 2257 1489 2322 fecistis

156 2366 272 2432 omnia
292 2386 396 2454 opera
417 2365 540 2431 haec...
561 2364 683 2428 faciam
709 2362 826 2428 doniui
850 2363 947 2442 huie,
972 2363 1059 2428 sieut
1079 2363 1142 2428 feei
1162 2363 1232 2428 Silo
1255 2371 1287 2428 et
1308 2363 1486 2451 proiiciam

158 2495 216 2539 vos
231 2495 251 2539 a
265 2472 352 2538 facie
368 2493 443 2536 mea
460 2471 643 2558 (ata-15).

200 2577 279 2645 llihi
296 2579 384 2643 inter
406 2578 522 2643 omnia
537 2577 637 2662 signa
657 2598 746 2665 quae
764 2577 860 2656 fecit,
879 2576 989 2665 inquit
1009 2578 1044 2641 S.
1062 2575 1153 2641 Hier.
1174 2576 1217 2641 ad
1240 2576 1353 2641 ltatth.
1370 2583 1484 2655 ama,

158 2685 222 2752 boc
242 2683 589 2772 videturnmirabilius
613 2683 798 2771 essequod
823 2704 908 2748 unus
931 2683 1074 2748 bomo...
1097 2681 1215 2748 scribis
1241 2689 1274 2747 et
1298 2683 1487 2771 pharisaeis

156 2796 276 2858 eontra
293 2812 328 2856 se
343 2789 570 2856 saevientibus
585 2796 619 2855 et
632 2789 825 2855 videntibus
839 2790 931 2855 luera
944 2812 1003 2855 sua
1018 2790 1147 2855 destrui
1163 2789 1310 2878 potuerit
1326 2790 1369 2855 ad
1386 2790 1487 2855 unius

156 2897 284 2984 flagelli
296 2897 438 2962 verbera
450 2903 578 2962 tantam
590 2896 713 2962 eiicere
725 2895 992 2962 multitudinem.
1010 2902 1130 2962 ferum
1151 2894 1343 2961 sacerdotes
1361 2897 1409 2961 uti
1420 2896 1488 2961 alia

156 3002 322 3069 miracula
338 3002 584 3091 despiciebant,
603 3004 650 3069 ita
668 3026 736 3091 quo
759 3004 866 3089 magis
886 3004 1040 3068 maiestas
1055 3011 1088 3069 et
1108 3003 1293 3067 auctoritas
1314 3008 1384 3067 lesu
1401 3004 1486 3068 emi-

156 3110 261 3176 nebat
275 3132 314 3176 eo
335 3111 463 3174 maiore
489 3109 603 3174 furore
620 3117 653 3174 et
675 3110 807 3174 insania
833 3109 1053 3197 replebantur
1077 3132 1108 3172 v.
1131 3116 1168 3175 18
1190 3131 1255 3196 quo
1272 3109 1389 3174 audito
1411 3110 1483 3175 seil.

154 3215 239 3306 quid
253 3216 288 3281 in
303 3216 430 3305 templo
445 3215 577 3280 fecisset
597 3215 762 3281 ulciscens
777 3216 1044 3304 profanationem
1065 3238 1167 3302 quam
1190 3218 1252 3304 ipsi
1274 3216 1359 3280 lueri
1385 3238 1486 3281 causa

154 3323 314 3390 fovebant
334 3322 511 3411 principes
531 3321 744 3388 sacerdotum
772 3336 804 3387 ct
825 3321 954 3387 scribac
980 3321 1190 3410 priua-cluat
1213 3322 1382 3411 quomodo
1410 3345 1486 3387 carm

151 3428 352 3520 perderent‚·
366 3428 504 3495 modum
517 3429 753 3518 inquirebant;
774 3430 839 3494 iam
854 3430 945 3494 enim
963 3428 1237 3495 deliberaverant
1251 3428 1394 3516 perdere
1407 3452 1484 3495 eum

156 3535 275 3624 (Cata
298 3535 365 3601 tale
379 3535 469 3601 enim
486 3535 665 3601 consilium
681 3543 843 3623 ceperunt
861 3543 934 3624 post
952 3535 1241 3601 resuscitationem
1263 3537 1376 3601 Lazari
1391 3540 1482 3602 loan.

158 3648 386 3724 11,a·1·53;et
406 3644 491 3708 ratio
513 3642 669 3708 redditur
693 3641 811 3707 eadem
830 3666 836 3705 :
856 3641 1018 3707 eluebant
1038 3643 1126 3707 euim
1142 3664 1219 3707 cunr
1234 3644 1397 3732 qrconz'am
1412 3643 1485 3708 uni-
1516 3642 1518 3646 ’

155 3770 251 3816 vcrsa
266 3746 365 3814 acrba
384 3745 621 3814 admirabatur
634 3748 865 3834 (veliementer
879 3749 951 3814 scil.
973 3739 1193 3826 ἐξεπλήσσετο,
1211 3749 1484 3838 obstupescebat)

153 3876 254 3945 super
272 3854 427 3921 doctrina
440 3853 528 3936 eius;
547 3855 591 3920 cf.
616 3858 707 3919 loan.
728 3855 1083 3930 remaneremus
1103 3877 1179 3920 eum
1195 3855 1259 3932 sie,
1277 3876 1394 3921 omnes
1411 3877 1482 3922 cre-

153 3960 237 4029 dent
251 3962 286 4028 in
301 3981 395 4037 eum;
413 3960 528 4026 vident
544 3961 658 4048 itaque
672 3983 705 4025 se
719 3962 759 4024 iri
776 3960 941 4026 deiectum
955 3962 998 4026 ab
1018 3964 1235 4030 auctoritate.
1257 3985 1365 4050 quare
1377 3967 1484 4028 lesum

155 4067 302 4134 emedio
323 4068 443 4134 tollere
461 4067 554 4157 apud
574 4090 629 4133 eos
649 4069 868 4133 constitutum
890 4075 949 4132 est.
971 4073 1090 4133 ferum
1109 4070 1208 4134 simul
1225 4076 1367 4158 apparet
1380 4090 1483 4157 quam

154 4174 359 4264 impotentes
377 4175 462 4254 sint,
482 4175 564 4262 quia
588 4174 674 4240 liora
699 4174 849 4239 nondum
867 4182 1005 4240 venerat
1025 4198 1093 4263 qua
1121 4182 1208 4241 lesus
1229 4175 1335 4240 voluit
1359 4198 1484 4263 ponere

154 4283 322 4363 animam;
335 4303 435 4348 nemo
450 4282 540 4347 tollit
555 4303 630 4346 eam
647 4303 666 4345 a
686 4302 756 4347 me.
775 4280 832 4345 sed
848 4303 912 4367 ego
928 4303 1016 4369 pono
1031 4304 1104 4347 eam
1123 4305 1142 4347 a
1159 4283 1287 4371 meipso
1308 4285 1411 4368 (loan.
1431 4290 1482 4358 10,

157 4387 225 4474 18).
252 4393 360 4464 Quare
381 4394 491 4468 lesus,
515 4390 562 4453 uti
580 4389 661 4453 olim
685 4409 762 4452 eum
786 4389 874 4452 eires
901 4389 1119 4454 nazaretbani
1138 4411 1216 4454 eum
1241 4389 1283 4454 de
1304 4388 1484 4477 supercilio

156 4495 280 4561 montis
299 4496 525 4585 praecipitare
550 4496 690 4573 vellent,
707 4495 875 4559 transiens
898 4518 957 4583 per
978 4496 1127 4561 medium
1149 4496 1285 4561 illorum
1306 4494 1377 4559 ibat
1392 4496 1482 4582 (Luc.

156 4606 245 4680 b,29.
262 4604 331 4689 30),
350 4605 395 4668 ita
411 4625 501 4669 nunc
519 4626 549 4668 v.
567 4610 605 4668 19
626 4623 703 4667 cuna
722 4623 859 4690 uespera
873 4603 968 4690 suctu
983 4616 1078 4680 essct,
1095 4602 1330 4689 eprcde'ebatur
1346 4601 1385 4667 de
1402 4603 1484 4667 ciri-

156 4718 224 4773 tate
229 4727 243 4789 ;
254 4730 293 4773 ex
303 4731 372 4798 qua
390 4710 582 4775 narratione
595 4709 725 4775 clarum
742 4718 789 4772 est
803 4713 907 4774 lesum
922 4710 1036 4798 templi
1050 4711 1318 4797 profanationem
1335 4732 1402 4774 non
1413 4732 1483 4774 esse

156 4812 264 4879 ultum
284 4815 358 4904 ipso
373 4815 428 4882 die
448 4816 620 4882 sollemnis
641 4817 693 4882 sui
717 4817 749 4880 in
774 4816 892 4881 urbem
911 4818 1098 4902 ingressus,
1122 4819 1169 4882 uti
1190 4840 1228 4882 ex
1251 4818 1363 4882 tlattb.
1382 4822 1483 4894 2112

156 4918 266 4986 videri
281 4928 409 5010 posset,
428 4944 546 4988 verum
560 4922 614 4988 die
635 4923 871 5010 subsequente.
