3960 5654
1054 497 1144 541 imnc.
1168 484 1197 555 3,
1220 486 1250 544 6.
1777 486 1815 545 93

489 636 693 706 micitiarum
709 638 742 698 et
754 634 893 718 furoris;
911 635 1013 724 plane
1030 632 1064 696 in
1079 634 1208 700 rabiem
1226 640 1258 700 et
1272 634 1438 699 insaniam
1455 636 1546 722 (Luc.
1564 633 1655 720 ⁶2¹¹)
1670 640 1818 717 aguntur

488 765 527 810 eo
549 743 640 834 quod
661 744 750 807 lesus
764 741 930 810 miraculo
952 738 1098 804 ostendit
1111 740 1214 807 licere
1230 741 1262 804 in
1282 739 1424 805 subbato
1439 763 1573 807 curare.
1595 746 1664 807 lam
1679 738 1816 804 caedem

487 852 618 939 spirant
631 852 878 936 etsanguinem
894 844 1025 912 Domini
1040 847 1182 913 tundere
1198 847 1328 911 sitiunt.
1345 851 1449 923 Quem
1465 847 1497 910 iu
1512 848 1614 911 finem
1629 845 1815 934 pharisaei,

486 956 710 1024 aemnlatores
735 956 819 1043 legis
838 960 872 1018 ct
898 953 1122 1034 theocratiae,
1144 952 1260 1040 quint
1281 954 1365 1018 tales
1389 952 1658 1018 dominationem
1682 950 1818 1017 llerodis

487 1061 635 1128 Idumaei
656 1064 731 1151 pari
753 1060 854 1128 modo
869 1058 1160 1125 abominabantur
1174 1059 1260 1124 sicut
1275 1060 1459 1146 imperium
1482 1063 1731 1133 Romanorum,
1751 1079 1816 1124 non

487 1167 644 1234 dubitant
665 1190 743 1235 cum
759 1166 893 1234 asseclis
913 1170 946 1230 et
967 1165 1158 1232 fautoribus
1173 1165 1313 1230 Herodis
1329 1167 1399 1253 (qui
1414 1166 1502 1230 hane
1519 1165 1591 1231 seil.
1610 1164 1749 1229 domum
1767 1186 1818 1230 re-

487 1295 594 1360 gnare
606 1273 881 1365 superpopulum
894 1272 994 1338 lsrael
1005 1271 1201 1362 cupiebant)
1210 1271 1425 1338 foedusinire
1439 1280 1472 1337 et
1485 1294 1523 1337 ex
1533 1295 1572 1338 oe
1587 1277 1740 1359 tempore
1755 1271 1818 1335 fre-

487 1386 632 1470 quenter
642 1403 720 1448 cum
732 1379 800 1446 illis
809 1379 952 1445 consilia
962 1400 1136 1468 capere-
1147 1383 1226 1444 nota
1237 1366 1357 1440 ἐδίδουν
1370 1379 1605 1467 imperfectum
1616 1382 1818 1443 -utlesum

485 1486 734 1554 interimerent.
758 1489 842 1551 Cum
861 1487 1011 1552 Christus
1028 1491 1102 1550 tum
1120 1485 1285 1573 temporis
1308 1495 1500 1552 versaretur
1517 1486 1550 1549 in
1568 1485 1716 1552 Galilaea
1732 1506 1818 1571 quae

488 1594 584 1681 ragio
597 1615 677 1683 pars
691 1596 765 1658 erat
779 1592 985 1658 tetrarchiae
998 1591 1137 1656 Herodis
1151 1591 1313 1681 Antipae,
1327 1594 1400 1658 sine
1411 1593 1512 1658 huius
1522 1593 1721 1658 auctoritate
1733 1591 1821 1657 nihil

487 1700 521 1765 in
537 1721 614 1765 eum
632 1697 744 1764 moliri
759 1705 935 1788 poterant;
952 1719 1059 1786 quare
1074 1720 1131 1764 eos
1145 1697 1274 1764 adeunt
1290 1700 1349 1786 qui
1365 1699 1409 1765 ab
1422 1701 1493 1764 eius
1508 1698 1663 1788 partibus
1677 1703 1773 1762 erant
1787 1704 1821 1762 et

487 1827 550 1895 pro
564 1826 625 1871 suo
640 1805 675 1871 in
691 1804 834 1872 domum
849 1803 990 1871 llerodis
1004 1804 1115 1871 studio
1128 1804 1221 1893 apud
1238 1827 1316 1872 eum
1332 1806 1530 1872 auctoritate
1548 1804 1718 1870 valebant.
1736 1807 1821 1880 Quos

488 1911 665 1998 religionis
683 1934 785 1978 causa
799 1911 1048 1990 abhorrebant,
1073 1912 1134 1977 hos
1149 1911 1324 1978 adiutores
1345 1913 1528 1989 advocant,
1553 1919 1590 1977 ut
1607 1932 1705 1976 suum
1727 1911 1759 1975 in
1777 1915 1821 1976 te·

487 2040 561 2084 sum
587 2017 704 2085 odium
728 2019 895 2107 expleant.
921 2056 963 2068 —
993 2017 1208 2084 contendunt
1232 2019 1340 2107 aliqui
1365 2018 1593 2085 rationalistae
1619 2016 1674 2104 (dc
1697 2021 1819 2093 betta,

487 2129 587 2206 Baur,
609 2124 814 2212 Hilgenfeld)
836 2124 922 2191 falso
940 2130 974 2190 et
994 2145 1135 2191 erronee
1154 2124 1211 2191 hic
1232 2125 1305 2190 fieri
1328 2127 1534 2192 mentionem
1554 2124 1820 2190 Herodiauorum

487 2253 632 2320 eamque
645 2253 826 2321 perperam
842 2253 880 2297 ex
896 2231 1008 2297 lfatth.
1027 2237 1128 2313 2216
1144 2232 1211 2298 huc
1226 2254 1296 2298 esse
1312 2238 1588 2321 transsumptam.
1607 2237 1645 2296 At
1660 2233 1687 2296 si
1709 2231 1822 2319 phari-

487 2339 556 2404 saei
576 2360 646 2404 non
661 2360 755 2405 more
776 2338 976 2404 sicariorum
993 2337 1077 2404 clam
1092 2345 1125 2405 et
1139 2361 1201 2428 per
1216 2339 1376 2418 insidias,
1394 2339 1450 2405 sed
1467 2339 1667 2404 auctoritatc
1684 2338 1821 2426 publiea

487 2467 549 2534 per
568 2445 804 2531 magistratum
826 2449 933 2511 lesum
954 2466 973 2510 e
993 2444 1104 2511 medio
1124 2446 1240 2511 tollere
1261 2446 1437 2522 volebant,
1461 2447 1600 2510 omnino
1621 2443 1822 2529 indigebant

487 2573 552 2641 ope
570 2556 604 2618 et
625 2551 750 2618 auxilio
764 2572 881 2618 eorum
897 2552 957 2640 qui
973 2557 1107 2640 possent
1127 2552 1292 2618 Herodem
1308 2552 1485 2623 inducere.
1505 2558 1540 2616 ut
1558 2553 1643 2617 sicut
1662 2554 1820 2616 loannem

487 2657 671 2747 baptistam
690 2680 826 2726 carcere
845 2657 1032 2724 incluserat
1046 2659 1093 2724 ita
1111 2662 1222 2725 lesum
1237 2681 1376 2747 quoque
1393 2666 1528 2744 caperet
1549 2664 1583 2723 et
1604 2656 1818 2722 interficeret.

487 2769 612 2832 Eorum
632 2771 744 2832 antem
769 2766 917 2832 maxime
936 2766 1128 2831 interfuisse
1147 2770 1289 2854 propter
1308 2766 1491 2854 populum,
1516 2770 1551 2830 ut
1573 2771 1736 2854 potestate
1757 2786 1819 2852 pu-

487 2870 578 2938 blica
598 2877 686 2938 lesus
705 2873 805 2938 morti
826 2870 1095 2952 adiudicaretur,
1118 2871 1194 2960 quis
1214 2873 1415 2957 negaverit?

532 2979 637 3057 Quale
651 2979 695 3045 sit
712 2978 892 3066 ingenium
909 2979 1068 3068 qualesve
1088 3000 1198 3045 mores
1218 2978 1492 3044 adversariorum
1509 2978 1648 3055 Christi,
1671 2978 1820 3066 quinque

488 3085 578 3152 hisee
603 3085 857 3151 narrationibus
882 3084 1038 3173 (2‚1-3‚6)
1062 3087 1141 3151 satis
1165 3085 1376 3151 declaratum
1401 3093 1434 3151 et
1461 3085 1669 3172 descriptum
1692 3092 1753 3150 est.
1778 3089 1822 3150 Eo

487 3193 557 3258 iam
571 3192 756 3280 probatum
771 3197 821 3257 est
833 3213 889 3258 cos
903 3214 974 3258 esse
990 3193 1091 3280 plane
1107 3192 1239 3280 ineptos
1255 3192 1299 3258 ad
1320 3213 1465 3277 regnum
1486 3193 1707 3263 messianum,
1727 3191 1822 3256 euius

489 3298 588 3385 regni
611 3303 769 3365 naturam
788 3300 951 3385 ignorant
971 3320 1082 3389 neque
1103 3322 1123 3365 a
1148 3299 1292 3365 Domino
1317 3300 1387 3364 ullo
1415 3298 1516 3364 modo
1538 3298 1668 3364 discere
1692 3297 1818 3364 volunt.

489 3405 620 3471 Pariter
631 3410 801 3472 ostensum
817 3411 865 3471 est
879 3426 936 3471 eos
950 3405 1029 3471 odio
1042 3414 1074 3471 et
1088 3406 1308 3495 improbitate
1325 3407 1550 3472 inflammatos
1564 3405 1676 3471 moliri
1692 3405 1821 3469 honuni

490 3518 645 3578 mortem.
669 3512 704 3578 si
723 3534 805 3578 vero
820 3512 1004 3578 talessunt
1018 3511 1121 3579 duces
1142 3511 1252 3602 plebis
1269 3520 1302 3578 et
1321 3513 1345 3578 ii
1368 3515 1427 3602 qui
1449 3513 1615 3598 singulari
1638 3514 1726 3577 lama
1747 3511 1822 3576 reli·

491 3619 619 3705 gionis,
636 3618 787 3708 pietatis,
809 3618 914 3685 studii
932 3618 1019 3705 legis
1036 3619 1270 3685 observandae
1287 3620 1380 3708 apud
1403 3619 1519 3685 turbas
1540 3620 1774 3685 auctoritatem
1790 3624 1822 3683 et

490 3726 746 3791 venerationem
756 3725 822 3791 sibi
832 3724 1070 3808 conciliarunt,
1083 3727 1150 3792 iam
1163 3727 1266 3791 etiam
1279 3728 1440 3815 suspicari
1451 3726 1526 3791 lieet
1537 3726 1673 3813 qualem
1686 3724 1822 3791 taudem

490 3833 617 3898 exitum
631 3853 685 3898 res
699 3832 859 3898 habitura
874 3833 917 3898 sit
930 3832 1023 3921 apud
1038 3832 1185 3921 plebem.
1205 3837 1321 3899 Nonne
1338 3834 1481 3899 maxime
1499 3832 1688 3898 timendum
1705 3833 1768 3896 erit
1781 3853 1822 3896 ne

491 3936 587 4026 plebs
601 3937 638 4004 in
655 3960 773 4004 eorum
789 3940 948 4005 trahatur
962 3946 1075 4028 partes
1089 3945 1122 4005 et
1136 3962 1156 4005 a
1173 3941 1315 4005 Domino
1333 3940 1562 4015 abstrahatur,
1581 3940 1780 4027 praesertim
1797 3937 1823 4002 si

492 4044 651 4110 Dominus
669 4065 739 4110 non
754 4045 855 4112 talem
880 4068 915 4111 se
934 4046 1082 4111 tlessiam
1100 4048 1307 4134 praestiterit
1321 4047 1455 4134 qualem
1476 4068 1592 4112 omncs
1614 4052 1820 4134 exspectant,

492 4150 550 4238 qui
571 4150 643 4217 scil.
668 4151 781 4218 hostes
800 4152 900 4218 lsrael
917 4157 1080 4233 conterat,
1104 4153 1265 4219 thronum
1286 4152 1484 4217 davidicum
1506 4155 1633 4237 erigat,
1658 4152 1822 4240 populum

491 4255 594 4322 lsrael
611 4258 793 4324 constituat
814 4258 1062 4324 dominatorem
1079 4258 1171 4324 orbis
1187 4261 1380 4325 terrarum?
1403 4259 1493 4325 t'nde
1511 4260 1601 4324 hisce
1621 4259 1824 4324 narrationi·

492 4362 557 4428 bus
575 4363 789 4452 aliquatenus
807 4365 1076 4453 praeformatur,
1098 4368 1207 4454 qualis
1230 4368 1365 4432 futurus
1384 4367 1424 4431 sit
1440 4388 1554 4432 rerum
1575 4388 1773 4454 progressus
1792 4370 1825 4430 et

493 4469 600 4536 exitus
619 4470 656 4536 in
676 4471 788 4537 lsrael.

757 4642 786 4701 3.
811 4638 930 4702 Electio
952 4650 980 4701 et
1002 4643 1154 4702 institutio
1177 4642 1385 4724 apostulorum
1410 4647 1561 4704 :tu-oen.

538 4804 643 4867 Duces
662 4806 695 4867 et
718 4801 888 4890 principes
912 4825 1107 4890 synagogae
1134 4825 1204 4870 esse
1229 4811 1344 4894 utpote
1367 4809 1437 4871 lcsn
1459 4805 1669 4872 adversarios
1702 4817 1732 4871 ul
1755 4806 1826 4871 eius

494 4905 562 4974 iam
587 4906 788 4976 meditantes
809 4917 954 4976 mortem
976 4910 1106 5001 ineptos
1121 4911 1163 4979 ad
1184 4931 1331 4997 regnum
1359 4915 1563 4980 messiauum
1587 4913 1666 4978 satis
1684 4915 1826 4981 matrite-
