3960 5654
936 573 1028 617 unae.
1052 560 1080 629 l,
1104 565 1154 622 at.
1672 566 1709 625 at

381 708 480 767 suasit
496 709 586 769 illum
605 723 674 766 csse
690 710 834 772 Messium
850 714 881 768 et
896 713 944 767 tot
959 712 1144 772 testimonia
1162 710 1339 769 divinitatis
1350 714 1417 772 eius
1434 715 1513 774 vidit
1527 718 1558 774 et
1573 715 1704 791 audivit,

380 803 447 865 sine
463 805 561 866 dubio
574 804 603 864 id
619 806 763 881 credidit,
779 807 924 886 quamvis
938 808 1070 869 sortasse
1083 807 1254 874 interdum,
1268 808 1393 884 quando
1409 828 1471 870 non
1488 813 1594 872 omnia
1608 816 1708 874 consi-

379 900 522 971 derabat,
545 909 675 980 propter
701 903 956 983 magnitudinem
982 907 1127 985 mysterii
1154 910 1185 964 et
1206 923 1296 965 suam
1315 922 1441 982 pravam
1466 909 1706 986 dispositionem

379 1000 427 1059 vel
448 999 619 1061 haesitaret
639 1004 687 1064 rel
711 1004 808 1062 etiam
833 1001 994 1064 dubitaret
1020 1030 1047 1062 η.
1077 1003 1196 1062 Pariter
1220 1003 1297 1064 dicit
1325 1002 1439 1062 Toletus
1464 1004 1514 1082 (ad
1536 1009 1611 1068 Luc.
1635 1029 1703 1089 cap.

376 1098 395 1157 8
410 1102 516 1156 annot.
532 1099 583 1171 60)
596 1100 767 1160 daemones
783 1098 986 1162 divinitatem
1004 1101 1121 1162 Christi
1137 1107 1245 1179 aperte
1261 1102 1491 1180 promulgasse.

416 1193 477 1252 Sed
500 1194 526 1253 si
547 1213 619 1258 eum
638 1203 855 1272 cognoverunt
875 1201 1021 1259 Messiam
1044 1204 1075 1258 et
1094 1198 1213 1257 Filium
1232 1199 1286 1258 Dei
1307 1216 1433 1266 verum,
1455 1202 1616 1275 quomodo
1637 1206 1706 1264 eius

375 1288 610 1356 crucifixionem
625 1295 729 1354 moliri
746 1298 912 1372 poterant?
927 1314 996 1357 esse
1016 1301 1123 1355 autem
1138 1297 1268 1355 molitos
1281 1301 1368 1356 certo
1384 1303 1507 1358 constat
1522 1317 1528 1371 ;
1545 1300 1615 1360 ride
1632 1304 1702 1362 Luc.

374 1389 456 1459 223.
473 1394 522 1452 53.
542 1394 624 1453 toan.
643 1394 724 1462 133..
739 1395 793 1466 273
811 1394 1017 1471 ecquomodo
1035 1394 1065 1452 id
1080 1395 1225 1471 congruit
1241 1395 1345 1453 verbis
1361 1396 1495 1472 apostoli
1512 1399 1526 1454 t
1545 1398 1612 1457 Cor.
1633 1401 1706 1466 28?

416 1489 613 1550 Probabilem
636 1496 745 1550 censet
758 1491 873 1551 Suorez
888 1490 1094 1567 aliique‘cum
1116 1509 1155 1551 eo
1175 1491 1257 1551 hanc
1278 1493 1485 1562 solutionem,
1503 1511 1566 1554 non
1589 1496 1704 1558 dixIsse

373 1590 571 1667 apostolum,
584 1587 755 1649 daemones
772 1590 931 1666 ignorasse
941 1589 1057 1649 Christi
1072 1589 1292 1659 divinitatem,
1305 1590 1359 1650 sed
1375 1592 1564 1668 mysterium
1576 1594 1705 1655 abscon-

373 1686 475 1747 ditum
492 1687 524 1744 in
540 1685 654 1746 Christi
670 1688 816 1764 passione
829 1691 861 1745 et
876 1692 994 1759 morte,
1007 1687 1139 1754 scilicet,
1156 1687 1290 1747 salutem
1306 1705 1342 1748 ac
1356 1689 1590 1765 reparationem
1605 1691 1706 1752 homi-

372 1801 449 1845 num
465 1788 497 1843 et
512 1784 639 1862 imperii
653 1784 843 1844 daemonum
859 1785 1069 1845 eversionem.
1088 1786 1206 1845 Verum
1223 1785 1349 1845 difficile
1362 1786 1485 1846 creditu
1500 1788 1622 1848 videtur
1634 1790 1705 1851 dae-

372 1882 555 1959 mones-qui
570 1887 677 1942 tamen
693 1875 805 1942 eodem
822 1887 902 1942 teste
918 1882 1032 1943 Suarez
1047 1882 1227 1961 Scripturas
1240 1889 1272 1942 et
1288 1883 1435 1944 vaticinia
1448 1884 1660 1947 intellexerint
1672 1895 1705 1948 et

371 1980 485 2041 Christi
507 1981 547 2040 de
563 1998 597 2041 se
616 1980 851 2040 enuntiationes
868 1980 1033 2040 audierint
1053 1980 1084 2039 id
1108 1999 1173 2039 non
1194 1982 1386 2060 percepisse.
1409 1983 1440 2041 ln
1460 1983 1564 2059 primo
1584 1985 1702 2064 quippe

369 2078 494 2139 oraculo
506 2077 665 2138 messiano
676 2079 740 2137 iam
752 2079 905 2138 asseritur
918 2079 984 2138 lore
997 2083 1032 2139 ut
1042 2095 1100 2157 per
1112 2080 1259 2139 Messiam
1268 2084 1364 2156 caput
1375 2079 1492 2139 diaboli
1506 2087 1701 2157 conteratur,

370 2177 429 2255 ipsi
446 2175 617 2236 daemones
637 2181 874 2253 conqueruntur
891 2175 975 2252 quod
993 2177 1082 2236 lesus
1102 2177 1224 2237 venerit
1242 2177 1281 2236 ad
1302 2193 1335 2236 se
1355 2176 1546 2255 perdendos,
1561 2179 1703 2243 Christus

368 2274 451 2334 clare
466 2274 604 2334 alssrmat
619 2291 704 2333 nunc
720 2274 899 2350 principem
914 2274 1009 2334 huius
1021 2274 1133 2335 mundi
1149 2275 1186 2333 iri
1202 2275 1354 2347 eiectum;
1368 2279 1399 2335 et
1412 2277 1539 2352 quoties
1551 2278 1581 2335 in
1596 2279 1701 2338 vatici-

367 2373 431 2433 niis
443 2377 474 2432 et
490 2373 521 2432 in
537 2373 641 2431 verbis
652 2372 766 2432 Christi
781 2372 940 2431 indicatur
952 2372 1090 2431 salutem
1104 2372 1271 2433 hominum
1288 2377 1390 2432 morte
1406 2374 1538 2434 hlessiae
1554 2375 1700 2436 ellectum

368 2471 421 2529 iri?
433 2469 471 2530 cl.
483 2471 522 2528 ls.
533 2472 666 2542 53&st
676 2471 724 2528 Ps.
735 2470 891 2536 atat-au.
906 2471 984 2528 Dan.
994 2472 1077 2540 eet.
1091 2471 1141 2529 26.
1155 2470 1245 2530 Zach.
1262 2470 1447 2540 taxo-tux.
1463 2472 1549 2530 loan.
1559 2475 1697 2545 3,tt-tr;

366 2568 448 2639 ano.
467 2569 520 2640 52;
537 2569 643 2638 tute,
661 2574 720 2627 etc.
740 2567 841 2637 Quare
856 2567 934 2627 haec
954 2568 1117 2645 ignorasse
1139 2568 1310 2627 daemones
1332 2568 1409 2627 mihi
1432 2570 1619 2645 persuadere
1636 2588 1698 2631 non

366 2684 504 2744 possum.
523 2668 601 2724 Vera
614 2665 691 2724 mihi
706 2665 829 2725 videtur
843 2666 904 2724 alia
915 2666 1072 2725 sententia
1085 2683 1183 2742 quam
1200 2666 1267 2724 Coi.
1284 2672 1316 2725 et
1329 2666 1439 2726 Saurea
1455 2668 1574 2744 pariter
1586 2669 1617 2726 in
1632 2687 1699 2730 rne-

365 2765 452 2825 dium
474 2765 622 2832 allerunt,
645 2764 817 2823 daemones
833 2764 892 2822 etsi
906 2763 1057 2843 ‘divinam
1081 2764 1280 2823 maiestatem
1302 2765 1334 2822 in
1353 2764 1478 2824 Christo
1498 2768 1694 2842 agnoverint,

365 2882 430 2924 non
449 2866 617 2941 propterca
637 2880 654 2920 a
673 2861 796 2921 Christo
817 2860 1038 2939 persequendo
1061 2862 1269 2930 abstinuisse,
1290 2862 1365 2937 quin
1388 2863 1495 2939 potius
1515 2879 1551 2921 ex
1572 2864 1645 2924 odio
1665 2871 1697 2925 et

364 2964 409 3023 ira
423 2978 518 3038 quam
534 2965 645 3020 contra
664 2961 764 3019 Deum
781 2965 813 3018 et
828 2976 878 3018 res
896 2976 1009 3018 omnes
1027 2959 1097 3018 eius
1115 2960 1321 3018 inveteratam
1337 2958 1454 3019 habent
1474 2960 1695 3022 vehementius

362 3062 396 3121 in
411 3076 487 3121 eum
502 3058 675 3127 exarsisse;
694 3081 708 3109 n
726 3074 798 3116 nam
819 3057 991 3116 daemones
1007 3057 1050 3116 ita
1064 3059 1165 3117 Deum
1184 3057 1258 3117 odio
1276 3057 1408 3126 habent,
1426 3062 1463 3117 ut
1477 3059 1503 3117 si
1520 3066 1648 3136 possent
1663 3061 1694 3120 in

362 3161 465 3238 ipsam
481 3156 682 3216 divinitatem
698 3155 816 3215 irruere
833 3171 966 3231 eamque
982 3155 1014 3213 in
1030 3154 1170 3214 nihilum
1185 3155 1341 3232 redigere,
1359 3155 1390 3215 id
1404 3155 1504 3216 iacere
1518 3163 1693 3229 tentarent;

361 3275 435 3336 ergo
451 3255 576 3316 etiamsi
593 3254 795 3331 cognoverint
812 3252 925 3311 Christi
944 3252 1179 3312 humanitatem
1198 3270 1268 3312 esse
1281 3253 1459 3312 deificatam
1475 3260 1506 3313 et
1522 3254 1622 3332 ipsius
1638 3256 1691 3315 Dei

360 3354 513 3432 singulari
536 3352 629 3412 modo
649 3352 809 3419 allectam,
832 3351 933 3410 multo
956 3350 1075 3410 maiore
1095 3350 1169 3409 odio
1193 3356 1345 3418 mortem,
1365 3351 1572 3428 ignominiam
1594 3359 1689 3429 atque

360 3453 468 3513 omnia
490 3451 533 3510 illi
559 3450 815 3509 machinarentur
835 3449 917 3507 mala
942 3472 968 3506 n.
989 3448 1101 3514 Proin.
1118 3448 1164 3507 uti
1185 3466 1221 3507 ex
1242 3449 1296 3507 Dei
1316 3448 1389 3508 odio
1409 3457 1644 3527 persequuntur
1658 3456 1690 3511 et

360 3556 473 3612 vexant
488 3549 634 3608 homines
651 3546 819 3624 imaginem
833 3547 903 3615 Dei,
923 3546 964 3605 ita
974 3546 1117 3624 prolecto
1138 3546 1222 3623 quod
1244 3546 1394 3606 sciverint
1411 3547 1571 3607 hominem
1584 3549 1688 3609 lesum

358 3649 436 3710 adeo
451 3647 564 3706 intime
580 3663 647 3705 esse
663 3645 867 3704 coniunctum
882 3644 1050 3716 divinitati,
1069 3644 1132 3702 illis
1148 3662 1210 3703 non
1226 3645 1330 3722 potuit
1345 3661 1407 3705 non
1422 3661 1489 3705 esse
1506 3646 1688 3706 incitamen-

359 3751 438 3815 tum,
464 3751 498 3805 ut
518 3749 670 3822 quantum
695 3747 826 3820 possent
848 3759 920 3802 eum
944 3747 1215 3820 persequerentur
1236 3747 1268 3801 et
1288 3742 1398 3802 odium
1421 3744 1505 3819 quod
1530 3744 1561 3801 in
1584 3744 1688 3821 ipsum

358 3847 458 3905 Deum
473 3847 505 3903 et
522 3843 552 3903 in
573 3842 626 3900 Dei
643 3841 782 3900 Verbum
802 3839 927 3916 explere
948 3857 1009 3898 non
1032 3839 1187 3910 valerent,
1209 3857 1305 3916 quam
1323 3841 1459 3900 maxime
1477 3841 1639 3918 explerent
1655 3842 1687 3900 in

359 3942 445 4002 illam
468 3940 606 4000 hominis
624 3944 767 3998 naturam
789 3955 870 4014 quae
891 3954 987 4013 quam
1013 3938 1125 3997 intime
1146 3956 1163 3996 a
1183 3939 1285 3998 Verbo
1303 3943 1468 4016 assumpta
1487 3939 1525 3997 ad
1549 3940 1688 3998 Verbum

358 4039 541 4120 pertineret.
560 4039 605 4096 lta
621 4043 668 4096 est
681 4037 766 4095 enim
780 4036 824 4094 ira
841 4041 871 4094 et
888 4034 1029 4094 vindicta
1043 4035 1249 4104 conformata,
1263 4040 1297 4096 ut
1311 4037 1335 4096 si
1351 4054 1412 4095 non
1429 4038 1529 4114 possit
1542 4037 1572 4096 in
1586 4037 1688 4095 homi-

355 4155 444 4206 nem,
462 4138 495 4196 in
515 4154 566 4196 res
586 4136 723 4195 hominis
741 4133 814 4193 odio
834 4134 932 4192 habiti
949 4134 1086 4193 exerceri
1109 4133 1218 4193 soleat.
1236 4134 1389 4193 Similiter
1408 4134 1542 4194 daemon
1558 4136 1610 4211 qui
1626 4135 1686 4213 ipsi

355 4239 421 4297 Deo
433 4236 554 4294 malum
567 4251 628 4295 non
646 4238 750 4311 potest
765 4233 878 4291 inferre
892 4248 984 4308 quam
1000 4231 1138 4291 maxime
1149 4232 1284 4309 cupidus
1299 4232 1360 4291 erit
1372 4232 1449 4292 illud
1466 4232 1618 4292 inserendi
1633 4250 1686 4292 na-

355 4339 442 4395 turae
467 4333 621 4393 humanae
643 4331 743 4390 verbo
767 4331 885 4390 unitae.
911 4332 1019 4406 Neque
1045 4331 1222 4405 putandum
1243 4331 1303 4390 erit
1324 4331 1390 4390 lore
1415 4336 1451 4389 ut
1472 4330 1609 4390 daemon
1629 4349 1685 4391 suo

356 4433 456 4512 ipsius
474 4432 591 4491 damno
608 4431 790 4490 retineatur.
810 4429 986 4487 Vehemens
1006 4428 1094 4486 enim
1111 4428 1220 4487 odium
1239 4430 1281 4487 ita
1301 4428 1423 4487 animos
1443 4428 1637 4488 inflammare
1653 4436 1685 4487 et

355 4546 521 4592 excaecare
537 4529 616 4588 solet
636 4535 671 4586 ut
686 4529 798 4603 quovis
820 4544 878 4586 suo
895 4525 1035 4603 periculo
1055 4532 1087 4584 et
1106 4526 1289 4586 discrimine
1308 4530 1490 4604 contempto
1511 4544 1604 4586 caeco
1625 4526 1684 4585 im·

356 4636 432 4709 petu
446 4628 485 4689 ad
496 4626 669 4686 vindictam
684 4626 868 4703 capiendam
885 4629 986 4684 ruant.
1002 4624 1138 4702 lnsuper
1153 4642 1257 4684 nonne
1274 4630 1415 4703 spectare
1430 4624 1555 4684 videtur
1570 4624 1606 4683 ad
1621 4641 1685 4683 ma·

355 4728 558 4789 ledictionem
579 4725 630 4784 cui
651 4723 786 4783 daemon
806 4725 960 4790 subiacet,
979 4728 1013 4781 ut
1034 4723 1099 4782 suis
1120 4723 1289 4782 conatibus
1309 4728 1340 4781 et
1360 4723 1482 4782 honum
1498 4727 1682 4800 promoveat

354 4832 385 4887 et
404 4844 480 4887 suae
501 4822 725 4885 dominationis
747 4823 870 4882 ruinam
891 4821 1006 4881 alliciat
1026 4826 1182 4881 ettamen
1202 4822 1241 4880 ab
1263 4821 1503 4899 impugnatione
1522 4821 1609 4900 regni
1628 4820 1683 4882 Dei

352 4943 416 4985 non
432 4925 561 4985 desistat
575 4940 631 4983 suo
648 4921 778 4980 edoctus
794 4920 926 4991 damno,
945 4918 997 4979 sed
1017 4918 1133 4979 trustra
1149 4920 1301 4981 edoctus?

355 5020 357 5023 ’
392 5022 452 5083 Sed
469 5021 546 5100 quid
566 5021 603 5081 ad
623 5025 634 5080 t
654 5021 721 5081 Cor.
743 5018 815 5089 ί2,8Ῡ
830 5017 862 5077 Si
884 5018 961 5079 haec
980 5036 1062 5095 quae
1085 5018 1183 5080 modo
1201 5018 1284 5079 dicta
1301 5023 1376 5078 sunt
1389 5019 1584 5097 probaveris,
1602 5016 1689 5080 dices
