3960 5654
176 39 457 83 Ηῆᾲττ-τιψῑιῑῖιπ
490 46 497 56 ··
517 39 1252 96 n·?··:ttssr'afflrfflfl'flet⁴⁴:³²‘tw-“afficerer·
1446 63 1450 68 -
1528 51 1540 64 ·-

534 118 536 127 Α
783 121 785 125 ,

850 361 949 410 rme.
974 302 1005 421 a,
1026 347 1130 410 area.
1596 346 1652 407 rae

328 500 488 588 (Plotius,
504 503 540 569 h.
559 520 594 565 n.
615 504 706 584 5,¹8.
725 508 785 581 ἠς
798 499 849 566 cl.
870 497 1020 567 Schttrer
1032 503 1060 566 ll
1072 521 1109 589 p.
1126 503 1187 579 8t3
1206 494 1283 563 vide
1298 518 1387 588 quae
1400 496 1469 565 dixi
1484 494 1528 563 ad
1536 494 1649 562 llatth.

185 628 188 635 ’
324 611 431 700 mh).
454 606 619 693 longiore
640 607 706 678 hac
722 606 930 698 profectione
950 628 1054 674 verno
1069 609 1225 693 tempore
1245 625 1308 694 per
1323 604 1480 691 regiones
1494 623 1652 671 amoenas

323 716 424 784 etiam
444 713 617 804 discipulis
632 716 726 783 illam
750 712 957 803 praestitisse
975 710 1167 781 censendus
1181 710 1247 778 erit
1267 711 1397 802 requiei
1417 711 1650 800 opportunita-

324 829 409 907 tem,
430 822 473 889 de
496 843 565 910 qua
586 829 663 901 6,31
694 822 827 887 locutus
848 828 935 890 erat.
959 820 1146 888 Matthaeus
1169 817 1321 886 eiusdem
1348 817 1502 884 meminit
1522 818 1652 885 ilineris

324 938 436 1013 1539,
452 949 570 996 verum
591 928 699 997 multo
714 927 864 995 bravius.

363 1041 447 1104 Cum
467 1041 580 1104 autem
602 1042 692 1104 lesus
705 1033 752 1101 ad
774 1056 868 1104 mare
888 1035 1056 1104 Galilaeae
1078 1034 1212 1101 veniret
1227 1033 1265 1100 in
1288 1054 1364 1099 eam
1386 1033 1456 1098 lere
1477 1032 1648 1119 regionem

320 1146 436 1233 inqua
449 1149 528 1211 ante
542 1141 681 1234 aliquod
689 1145 826 1233 tempus
839 1164 946 1234 panes
960 1139 1271 1231 multiplicaverat,
1291 1143 1505 1207 accesserunt
1518 1139 1561 1206 ad
1572 1160 1649 1206 eum

321 1250 441 1318 turbae
461 1244 588 1318 multae
607 1247 897 1317 habentessecum
914 1253 1042 1333 mutos,
1060 1269 1197 1332 caecos,
1212 1245 1424 1315 claudosetc.
1445 1247 1574 1336 (llatth.
1594 1253 1646 1326 15,

320 1358 389 1446 30).
412 1363 457 1426 Er
476 1359 543 1426 illis
557 1356 792 1424 sanatiouibus
809 1356 927 1424 multis
941 1377 1047 1423 unam
1074 1360 1205 1424 llarcus
1221 1355 1415 1423 accuratius
1433 1355 1536 1421 refert
1553 1375 1585 1419 v.
1607 1360 1649 1420 32

320 1479 353 1532 et
373 1464 549 1532 adducunt
567 1465 602 1530 ei
616 1462 759 1531 surdum
786 1476 819 1532 et
837 1475 992 1547 mutum,
1013 1459 1199 1554 μογιλάλον,
1221 1484 1310 1554 quae
1330 1484 1394 1528 vox
1416 1483 1494 1529 cum
1513 1461 1649 1552 proprie

319 1572 412 1641 dicat
435 1594 549 1660 aegre.
562 1571 616 1638 rel
634 1570 820 1639 difficulter
837 1571 1053 1661 loquentem,
1079 1570 1337 1655 multijcensent
1359 1590 1438 1636 eum
1462 1591 1528 1637 non
1548 1568 1649 1636 luisse

318 1680 422 1771 plane
436 1685 586 1764 mutum,
599 1682 719 1745 verum
728 1677 941 1746 solummodo
957 1677 1293 1768 linguaimpeditum
1304 1731 1311 1761 ,
1324 1676 1461 1744 fortasse
1475 1698 1514 1743 ex
1528 1676 1648 1744 morbo

316 1786 373 1876 (cl.
388 1785 566 1856 Salmeron
578 1791 602 1854 t.
615 1793 636 1854 6
648 1790 746 1853 tract.
760 1793 814 1868 30,
835 1786 908 1855 Gai.
926 1785 1034 1853 Mala.
1051 1787 1143 1854 lans.
1162 1788 1247 1876 Lep.
1263 1785 1373 1854 Calm.
1390 1787 1483 1851 Patr.
1501 1783 1645 1874 Schepq,

316 1892 411 1981 Fila,
436 1916 540 1984 quam
560 1894 789 1984 acceptionem
814 1893 1018 1985 plerumque
1043 1915 1144 1961 exeo
1168 1915 1308 1983 quoque
1329 1892 1534 1960 confirmant
1555 1891 1647 1981 quod

317 2003 492 2069 sanatione
506 2002 593 2069 lacta
613 2000 739 2068 dicitur
757 2021 836 2067 eum
851 2011 940 2068 reete
956 2000 1112 2069 locutum
1125 2021 1214 2082 esse,
1232 1999 1376 2091 proinde
1394 2000 1490 2067 facile
1506 2003 1538 2065 et
1552 2020 1648 2088 expe-

316 2109 397 2176 dite.
418 2108 644 2177 Nihilominus
658 2108 717 2187 alii
728 2113 844 2176 tenent
855 2130 935 2176 eum
949 2109 1052 2176 luisse
1071 2113 1205 2175 mutum
1221 2107 1385 2197 (Sedena,
1403 2106 1492 2187 Keil,
1518 2106 1644 2194 Weiss);

316 2215 418 2298 atque
434 2211 513 2275 LXX
525 2206 623 2274 hebr.
642 2193 707 2294 uhu
727 2211 768 2274 ls.
787 2213 867 2288 35,6
882 2205 1033 2275 reddunt
1051 2218 1237 2306 μογιλάλος,
1257 2214 1532 2306 quavoceetiam
1549 2219 1646 2280 utun-

317 2322 372 2381 tur
391 2314 529 2404 hquila,
559 2314 800 2402 Symmachus,
824 2312 1007 2382 Theodotio
1030 2314 1076 2382 ad
1099 2318 1154 2381 Ex.
1180 2322 1257 2399 a,11
1279 2312 1374 2403 (vide
1397 2317 1511 2379 lamen
1535 2310 1644 2392 Ficld,

316 2422 463 2511 llexapla
482 2420 526 2487 ad
544 2423 600 2498 ux.
619 2419 726 2509 t,11).
745 2427 855 2501 Quare
878 2428 993 2490 mutus
1011 2445 1053 2490 ea
1073 2445 1155 2490 voce
1175 2421 1349 2510 designari
1371 2426 1488 2511 potest.
1511 2419 1647 2487 Accedit

316 2528 410 2619 quod
435 2551 466 2595 v.
494 2534 537 2595 37
559 2526 681 2595 turbae
702 2527 846 2595 laudant
869 2532 977 2596 lesum
1002 2529 1097 2620 quod
1121 2529 1242 2598 fecerit
1259 2524 1390 2603 thebeae
1404 2533 1514 2596 mutos
1534 2527 1643 2618 loqui,

315 2636 408 2727 quod
424 2636 619 2703 encomium
634 2636 751 2703 exhoc
770 2635 937 2703 miraculo
949 2635 1122 2724 originem
1133 2637 1241 2705 ducit.
1259 2636 1403 2704 Proinde
1424 2635 1530 2703 versio
1550 2635 1641 2722 vulg.

315 2744 454 2811 retineri
473 2748 597 2833 potest3
614 2755 647 2810 et
665 2740 936 2833 deprecabantur
950 2765 1043 2826 eum,
1064 2755 1102 2811 ut
1117 2743 1272 2835 imponat
1284 2745 1339 2812 ita·
1353 2765 1513 2825 menum,
1534 2773 1548 2803 «ι
1566 2763 1643 2809 eum

315 2851 374 2942 qui
392 2874 455 2941 pro
468 2873 502 2917 se
519 2850 698 2918 Dominum
714 2872 813 2918 orare
837 2872 906 2917 non
928 2851 1056 2941 potuit,
1074 2852 1126 2942 pii
1141 2874 1204 2942 pro
1218 2851 1312 2919 illius
1331 2850 1439 2918 salute
1458 2850 1592 2917 solliciti
1612 2856 1645 2916 et

313 2959 404 3026 illius
417 2957 646 3026 calamitatem
661 2957 813 3025 miserati
822 2958 868 3026 ad
880 2959 1060 3026 Dominum
1074 2958 1206 3027 ducunt
1217 2982 1257 3027 ae
1273 2981 1335 3050 pro
1344 2959 1404 3026 illo
1417 2957 1645 3048 deprecantur

312 3066 386 3133 sola
405 3087 526 3133 manus
544 3065 761 3155 impositione
782 3065 961 3135 credentes
979 3066 1049 3133 duo
1072 3066 1175 3135 simul
1196 3068 1287 3135 mala
1308 3088 1405 3159 posse
1424 3065 1496 3133 tolli
1518 3065 1643 3132 abhoc

314 3174 436 3241 misero
452 3200 469 3236 »
488 3172 622 3262 (lauch
640 3177 773 3260 Rogant
788 3179 825 3241 ut
839 3195 980 3241 manum
994 3173 1027 3241 ei
1045 3174 1217 3265 imponat;
1235 3178 1325 3242 certe
1338 3175 1466 3264 quippe
1480 3177 1645 3240 noverant

313 3287 420 3349 lesum
435 3285 563 3348 attactu
578 3281 631 3346 vel
651 3281 869 3370 impositione
884 3302 1050 3353 manuum
1064 3281 1135 3349 iam
1151 3282 1277 3350 multos
1287 3300 1435 3361 curasse;
1455 3281 1497 3347 cl.
1519 3286 1594 3364 1,31
1611 3285 1644 3346 et

313 3393 524 3470 5‚a1eto‚5;
544 3387 659 3455 llatth.
677 3393 821 3471 8,3.15;
839 3393 931 3471 935.
950 3391 1158 3473 huc.13,13.
1176 3390 1352 3457 Hominem
1364 3388 1559 3457 adaemonc
1574 3409 1643 3454 esse

312 3517 390 3563 eum
411 3496 447 3561 in
468 3500 593 3562 statum
613 3494 790 3563 redactum
812 3494 957 3585 theopo.
978 3495 1088 3565 Sclm.
1106 3497 1206 3565 Dion.
1224 3497 1333 3584 gratis
1346 3502 1510 3565 asserunt.

357 3608 444 3670 Bene
460 3606 555 3670 notat
568 3600 675 3670 Mala.
692 3623 704 3669 .·
720 3630 736 3664 «
752 3601 889 3671 videtur
902 3603 1048 3672 voluisse
1062 3603 1215 3672 Christus
1229 3626 1298 3672 non
1308 3626 1443 3694 semper
1457 3603 1643 3693 aequaliter

310 3731 406 3777 suam
422 3708 630 3776 divinitatem
649 3710 908 3801 potentiamque
927 3710 1121 3795 declarare,
1137 3711 1231 3803 quod
1247 3734 1316 3779 non
1334 3733 1481 3802 semper,
1498 3711 1598 3778 etiam
1615 3710 1642 3776 si

311 3840 371 3884 nos
385 3839 487 3884 causa
503 3817 623 3899 lateat,
642 3818 825 3885 convenire
844 3817 1032 3902 iudicaret;
1049 3819 1239 3909 aliquando
1253 3819 1324 3888 solo
1339 3819 1443 3888 verbe
1462 3818 1643 3886 daemones

311 3923 421 4006 eiicit,
439 3929 591 3991 mortuos
603 3924 800 4007 exsuscitat3
815 3924 1002 4014 aliquando
1012 3931 1125 4012 tactu,
1140 3927 1266 4009 saliva,
1284 3927 1463 3995 lutosanat
1476 3931 1640 4014 aegrotos,

309 4031 569 4099 accommodans
583 4031 841 4121 quodammodo
855 4032 1044 4123 potentiam
1057 4055 1155 4102 suam
1166 4034 1211 4101 ad
1227 4033 1369 4102 modum
1384 4034 1509 4122 agendi
1523 4057 1642 4101 causa-

311 4160 387 4206 rum
403 4140 611 4206 naturalium
627 4139 715 4207 etad
726 4161 864 4207 sensum
879 4162 919 4207 ac
936 4141 1221 4210 consuetudinem
1239 4143 1420 4210 hominum
1437 4171 1465 4209 ».
1482 4148 1590 4231 Atque
1605 4143 1640 4208 in

311 4247 376 4314 hac
384 4247 559 4314 sanatione
571 4246 642 4314 eius
656 4246 707 4314 rei
719 4247 913 4337 exemplum
926 4248 1079 4316 cernitur
1092 4248 1223 4317 illustre
1238 4272 1270 4319 v.
1286 4256 1328 4318 33
1343 4260 1375 4317 et
1390 4246 1643 4340 apprehendens

310 4375 389 4421 eum
423 4353 464 4420 de
496 4350 596 4419 turba
631 4375 801 4436 seorsum,
834 4375 913 4431 eum
942 4354 1089 4423 abduxit
1113 4379 1134 4424 a
1164 4357 1282 4441 turha,
1316 4359 1487 4447 separavit
1503 4354 1642 4446 ἐχώρισεν

313 4460 461 4550 (urata).
486 4464 553 4527 Cur
575 4460 640 4540 ita,
666 4462 760 4529 varie
781 4462 968 4553 explicant,
994 4485 1037 4531 nc
1063 4463 1233 4533 miracula
1256 4464 1432 4533 videretur
1454 4466 1643 4556 spectaculo

313 4591 482 4658 exponere
505 4561 515 4631 l
517 4565 566 4629 iaz
584 4566 625 4656 μή
642 4557 717 4657 δόξῃ
739 4559 903 4658 θεατρῖζειν
921 4565 963 4632 τὰ
979 4567 1137 4660 θαύματα,
1160 4571 1278 4661 Erret.)
1292 4594 1420 4663 nosque
1431 4573 1563 4641 doceret
1574 4573 1643 4660 glo-

314 4676 400 4743 riam
422 4676 540 4763 lugere
559 4676 747 4743 humanam
768 4677 871 4766 (Vict.
900 4680 1010 4747 Sclm.
1038 4680 1137 4747 Dion.
1160 4682 1251 4747 lans.
1281 4681 1419 4770 calm),
1443 4703 1485 4747 ne
1504 4704 1524 4748 a
1544 4681 1644 4747 turba

317 4783 542 4872 impediretur
559 4782 612 4851 vel
625 4783 823 4852 turbaretur
835 4784 970 4875 (meet,
991 4787 1188 4875 Fritzsclte);
1209 4789 1262 4856 vel
1276 4811 1355 4856 eum
1371 4795 1497 4857 secreto
1512 4811 1643 4856 sanasse
