3960 5654
176 484 237 547 330
722 500 813 545 nanc.
838 481 885 548 12,
907 479 957 538 35.

178 640 255 691 eiust
271 640 305 690 Et
324 638 412 687 multa
433 635 513 684 turba
533 648 597 686 eum
619 636 740 688 libenter
763 650 816 687 au·
864 628 940 681 uisci
958 628 1024 685 ἐστίν
1043 631 1111 694 viba,
1132 629 1178 681 ίίαί
1195 629 1210 682 b
1228 631 1303 693 πολίνς
1321 626 1397 694 ὄχλος
1414 625 1501 690 ἤκουεν

177 729 254 779 divit.
864 717 940 770 aizoo
957 717 1045 786 ἡδέως.

212 817 256 868 38.
279 815 312 864 Et
335 813 445 864 dicebat
468 814 509 863 cis
533 816 561 863 in
584 816 714 867 doctrina
734 824 813 865 sua:
901 811 944 863 38.
980 810 1026 863 tta
1058 809 1082 862 ἐν
1115 811 1146 877 τῇ
1176 807 1268 877 διδαχῇ
1299 807 1373 861 αὐτοῦ
1400 803 1499 872 ἔλεγεν,

178 905 318 958 Cavetca
345 902 457 961 scribis,
482 906 530 967 qui
560 905 657 955 volunt
680 907 708 954 lu
730 903 815 953 stolis
865 895 969 952 Βλέπετε
993 898 1042 953 ἀπὸ
1065 903 1113 951 τῶν
1137 897 1317 965 γραμματίων,
1338 901 1387 949 τῶν
1412 893 1499 945 θελόν-

176 991 333 1049 ambulare,
349 995 377 1040 et
390 992 506 1041 salutari
520 995 548 1043 in
568 993 638 1043 toro.
660 994 705 1044 39.
731 992 764 1041 Et
786 992 814 1038 in
864 1004 913 1038 των
933 987 958 1039 ἕν
982 987 1085 1046 στολαῖς
1108 985 1263 1053 περιπατεῖν,
1291 983 1333 1036 καὶ
1359 981 1502 1051 ἀσπασμοὺς

175 1082 271 1147 primis
285 1080 426 1131 cathedris
439 1081 538 1133 sedere
552 1085 580 1131 in
595 1082 766 1144 synagogis,
787 1080 814 1128 et
864 1074 889 1127 lv
915 1080 968 1139 ταῖς
991 1076 1110 1146 ἀγοραῖς,
1140 1076 1184 1127 39.
1217 1072 1259 1124 καί
1290 1072 1501 1142 πρωτοκαθεδρίας

174 1170 279 1234 primos
291 1169 445 1220 discubitus
459 1172 488 1220 in
502 1173 598 1221 coenis
605 1184 612 1230 ;
630 1169 674 1220 40.
693 1169 748 1227 Qui
762 1166 814 1217 de·
864 1164 889 1217 iv
917 1169 972 1223 ταῖς
999 1168 1172 1233 συναγωγαῖς,
1199 1161 1241 1213 καί
1265 1162 1444 1231 πρωτοκλισίας
1475 1159 1500 1212 lv

174 1262 275 1308 vorant
299 1258 399 1309 domos
431 1259 578 1309 viduarum
611 1259 663 1308 sub
694 1255 813 1307 obtentu
863 1257 916 1316 τοῖς
933 1255 1049 1313 δείπνοις·
1071 1255 1114 1306 40.
1135 1251 1159 1304 οί
1177 1251 1336 1312 κατίαίοντες
1358 1250 1401 1313 τίις
1423 1249 1501 1311 οίκίας

175 1346 300 1411 prolixae
314 1350 464 1408 orationis;
480 1349 510 1398 hl
523 1347 660 1410 accipient
674 1345 814 1408 prolixius
864 1349 913 1396 τῶν
931 1347 1032 1412 χηρῶν,
1052 1340 1094 1393 καί
1115 1342 1234 1412 προφάσει
1257 1337 1339 1409 pupi
1361 1341 1502 1409 προσευχό-

176 1434 318 1487 iudicium.
345 1437 389 1486 tl.
423 1437 457 1486 Et
485 1436 587 1486 sedens
613 1434 693 1484 Iesus
715 1439 814 1485 contra
865 1449 942 1502 μενοι·
969 1425 1039 1483 οὗτοι
1061 1429 1200 1501 λήμψονται
1223 1427 1391 1499 περισσότερον
1415 1427 1499 1497 κρίμα.

175 1525 420 1589 gazophylacium,
437 1524 589 1588 aspiciebat
602 1523 744 1586 quomodo
758 1528 814 1574 tur-
901 1523 943 1574 ll.
965 1518 1012 1571 itai
1030 1518 1130 1579 καθίσας
1153 1518 1268 1572 ἀπέναντι
1291 1520 1335 1569 τοῦ
1358 1516 1502 1586 γαζορολα·

175 1613 210 1664 ba
237 1615 352 1665 iactaret
379 1627 429 1664 aes
454 1615 484 1662 ln
514 1611 758 1675 gazophylacium,
786 1617 815 1664 ct
863 1608 934 1673 κίον,
954 1606 1053 1677 ἐθεώρει
1071 1613 1122 1670 πῶς
1146 1608 1160 1659 ὁ
1186 1607 1265 1678 ὄχλος
1292 1605 1380 1677 βάλλει
1404 1604 1502 1675 χαλκὸν

175 1704 254 1753 multi
269 1703 370 1754 divites
387 1703 528 1754 iactabant
542 1701 641 1750 multa.
661 1702 705 1751 tt.
720 1701 812 1759 Quum
865 1697 898 1759 τίς
924 1697 953 1750 τὸ
979 1696 1177 1768 γαζοφυλάκιον.
1204 1696 1247 1749 καί
1273 1695 1364 1749 πολλοὶ
1388 1694 1502 1748 πλούσιοι

174 1793 297 1843 venisset
313 1795 408 1842 autem
423 1790 507 1841 vidua
527 1802 584 1840 una
603 1803 720 1854 pauper,
736 1791 816 1840 misit
864 1785 971 1838 ῑόαλλον
988 1785 1081 1840 πολλά·
1105 1788 1149 1839 li.
1173 1785 1215 1837 καί
1240 1784 1346 1837 ἐλθοῦσα
1365 1785 1409 1854 μία
1434 1783 1500 1854 χήρα

175 1880 230 1931 duic
249 1882 371 1939 minuta,
392 1879 467 1944 quod
485 1883 527 1928 cst
544 1879 695 1942 quadrans.
718 1878 761 1929 43.
781 1878 815 1928 Et
863 1873 952 1946 πτωχὴ
972 1874 1063 1928 italas
1086 1873 1165 1928 λεπτὰ
1188 1873 1246 1938 δύο,
1269 1876 1283 1927 ὅ
1307 1872 1372 1927 ίατιν
1394 1874 1501 1942 κοδράν-

174 1981 331 2020 convocans
342 1969 614 2032 discipulossuosait
629 1968 686 2017 illis
703 1981 709 2015 :
724 1969 813 2017 Amen
864 1984 915 2026 τπς.
937 1967 980 2019 lt.
1000 1963 1040 2017 καὶ
1058 1962 1289 2034 προσκαλεσάμενος
1313 1962 1370 2022 τοίνς
1393 1961 1503 2032 μαθητὰς

174 2058 237 2108 dlco
250 2058 344 2116 vobis,
362 2059 495 2120 quoniam
509 2055 592 2105 vidua
615 2056 686 2106 haec
708 2068 815 2120 pauper
864 2052 952 2120 αίντοῦ,
988 2049 1058 2106 εἶπεν
1084 2051 1180 2116 αὐτοῖς,
1220 2048 1300 2121 Ἀμὴν
1330 2050 1397 2118 λέγω
1426 2050 1500 2120 ίνμῖν,

174 2147 237 2211 plus
249 2147 378 2195 omnibus
392 2147 480 2203 misit,
497 2146 544 2208 qui
560 2146 697 2195 miserunt
712 2146 740 2194 ln
762 2158 814 2209 ga·
864 2143 902 2195 bn
915 2141 931 2209 ἢ
944 2141 1013 2212 χήρα
1027 2142 1088 2208 αὕτη
1102 2140 1216 2212 hateph
1231 2140 1318 2194 πλεῖον
1333 2141 1431 2193 πάντων
1442 2139 1503 2192 lta-

173 2233 376 2297 zophyiacium.
402 2234 446 2283 tt.
472 2233 577 2284 Omnes
600 2235 675 2283 enim
699 2247 734 2284 cx
761 2247 811 2295 eo,
864 2231 908 2284 λεν
923 2236 972 2283 τῶν
988 2231 1135 2301 βαλλόντων
1155 2229 1188 2291 είς
1201 2230 1230 2283 τί)
1246 2228 1439 2300 γαζοφυλάκιον.
1458 2233 1500 2283 ll.

173 2322 248 2387 quod
273 2321 434 2373 abundabat
459 2322 529 2381 iilis,
558 2324 694 2372 miserunt
702 2335 709 2383 ;
743 2323 814 2373 haee
864 2319 1009 2390 πάντεςγὰρ
1019 2319 1046 2373 ia
1059 2324 1104 2373 τοῦ
1116 2317 1391 2390 περισσεύοντοςαῦτοίς
1401 2319 1501 2370 itala·

173 2424 240 2462 vero
252 2410 287 2462 de
301 2413 419 2475 penuria
433 2423 485 2461 sua
504 2412 600 2461 omnia
613 2424 687 2475 quae
712 2412 815 2464 habult
865 2409 926 2476 αὕτη
940 2409 967 2462 u
981 2408 1008 2462 ta
1033 2412 1076 2476 τῆς
1098 2409 1247 2479 ίνοταρνίαεως
1268 2408 1341 2469 atrae
1363 2409 1443 2460 πάντα
1457 2409 1503 2459 ὅσα

173 2496 249 2551 misit
263 2503 351 2551 totum
367 2502 469 2550 victum
485 2514 576 2550 suum.
865 2496 936 2568 εἶχεν
951 2498 1059 2566 ibatur,
1074 2498 1136 2551 ὅλον
1151 2497 1194 2550 τὀν
1207 2499 1258 2562 βίον
1272 2496 1356 2562 αὐτῆς.

209 2652 241 2701 ln
253 2665 280 2701 v.
298 2652 331 2702 36
346 2668 418 2710 αντος
431 2668 480 2718 γαρ
491 2655 514 2702 Α
526 2653 548 2701 Χ
560 2648 577 2700 Γ
589 2648 609 2699 ll
625 2666 680 2703 unc
694 2654 710 2704 9
723 2654 750 2703 al
764 2653 824 2718 pler
837 2668 871 2704 ev
886 2655 947 2705 hier
959 2654 976 2705 b
987 2657 996 2704 t
1006 2655 1042 2718 lq
1056 2654 1123 2718 vulg
1138 2650 1203 2719 [dub
1212 2652 1313 2715 autem)
1330 2664 1366 2714 go
1376 2665 1423 2714 syr
1437 2650 1501 2716 (utri

172 2742 239 2792 aeth
256 2740 311 2790 Hit.
329 2742 360 2790 ln
375 2755 401 2791 v.
419 2741 453 2791 36
467 2738 599 2791 νποποδιον
615 2744 669 2797 uA
683 2742 704 2792 L
716 2739 765 2791 ΧΓ
776 2740 796 2790 Δ
807 2738 828 2790 [ί
840 2756 894 2794 unc
908 2744 923 2794 9
939 2744 967 2794 al
985 2743 1042 2795 lere
1055 2757 1121 2794 omn
1141 2744 1162 2792 it
1173 2743 1240 2805 vulg
1254 2755 1300 2803 syr
1316 2737 1379 2805 tutr)
1395 2755 1429 2790 ev
1444 2742 1505 2789 hier

174 2828 335 2894 (scabellum
349 2832 401 2880 sub
417 2830 533 2894 pedibus
551 2829 614 2896 tuis)
635 2830 683 2889 Ti;
703 2848 818 2881 ιντοαατω
833 2833 854 2882 Β
866 2833 889 2883 Ι)
902 2832 935 2882 33
949 2834 1000 2882 sah
1017 2846 1079 2896 cop.
1096 2832 1128 2881 ln
1145 2845 1172 2880 v.
1190 2831 1222 2881 37
1236 2846 1308 2888 αοτος
1326 2846 1369 2878 ουν
1386 2830 1440 2880 AX
1451 2825 1469 2875 Γ
1482 2825 1502 2876 ii

172 2931 226 2969 unc
241 2916 294 2967 8al
309 2919 371 2982 pler
385 2920 402 2968 b
414 2920 423 2968 l
434 2921 502 2983 vulg
515 2933 562 2982 syr
578 2917 643 2985 (sch)
654 2934 689 2970 ev
702 2921 761 2970 hier
776 2934 835 2971 arm
850 2923 925 2973 aeth.
942 2921 974 2970 ln
988 2935 1016 2971 v.
1034 2921 1067 2971 38
1083 2922 1106 2972 Ι)
1122 2920 1176 2970 add
1185 2936 1225 2968 και
1238 2936 1286 2969 των
1302 2915 1431 2978 τελωνων;
1444 2919 1503 2981 aliq

172 3009 281 3057 minusc
293 3003 427 3073 ριλοικντιον
437 3023 592 3073 αοπαομους,
606 3011 672 3058 item
686 3023 733 3071 syr
750 3005 818 3076 (sch)
828 3022 896 3060 arm.
910 3011 941 3058 ln
955 3024 981 3058 v.
996 3009 1028 3060 40
1042 3007 1202 3065 ααττοθονττς
1218 3010 1254 3066 Β;
1269 3009 1321 3058 rell
1336 3005 1505 3063 κατεαθιοντες

173 3095 219 3155 Ti;
236 3109 280 3146 ae
294 3091 329 3145 ίίΞ
338 3110 356 3161 q
366 3097 422 3146 ken
433 3099 581 3147 occasione
591 3098 677 3160 longa
687 3101 800 3148 orantes
812 3112 819 3159 ;
830 3099 884 3148 ken
898 3099 951 3147 add
964 3099 1112 3148 viduarum
1125 3106 1149 3146 et
1164 3096 1349 3161 pupillorum,
1362 3098 1503 3146 ioraiionc

171 3185 257 3246 longa
272 3188 396 3243 utentes,
412 3186 429 3234 d
445 3186 496 3236 sub
510 3187 626 3235 obtentu
640 3191 768 3247 orantes,
784 3188 937 3237 conatione
951 3187 1063 3251 prolixa
1075 3190 1188 3236 orantes
1201 3190 1229 3236 et
1245 3187 1315 3236 baec
1329 3187 1358 3234 in
1375 3186 1502 3236 oratione

174 3273 292 3332 iaciunt,
310 3275 327 3324 ir
344 3275 398 3324 ista
408 3274 514 3324 iaciunt
528 3277 557 3324 in
572 3276 754 3326 excusatione
774 3277 868 3340 ionga.
884 3275 916 3325 ln
928 3290 956 3326 v.
972 3275 1001 3326 ll
1020 3277 1081 3339 pler
1094 3291 1224 3324 καττναντε
1235 3275 1277 3324 Τί.
1294 3274 1326 3324 In
1341 3289 1367 3322 v.
1386 3275 1418 3324 ti
1433 3289 1503 3339 ροιι-

172 3363 284 3426 percula
298 3362 353 3412 dub
368 3364 452 3413 theod
467 3363 522 3413 lich
538 3364 602 3413 ken.

218 3510 275 3576 Hic
289 3517 535 3576 enumerantur
545 3510 668 3578 ultima
682 3534 771 3601 quae
781 3516 869 3578 iesus
884 3512 920 3578 in
931 3511 1059 3601 templo
1070 3512 1142 3599 egit
1156 3518 1189 3578 et
1201 3511 1303 3590 dixit,
1318 3516 1502 3599 antequam

171 3615 368 3703 egrediatur
393 3639 412 3683 e
435 3616 563 3706 templo
590 3619 658 3684 iam
685 3640 753 3684 non
778 3641 986 3686 reversurus.
1012 3619 1063 3686 Uti
1085 3617 1121 3684 in
1151 3617 1263 3707 primo
1287 3619 1442 3704 ingressu
1466 3616 1501 3682 in

173 3721 356 3811 templum,
373 3745 449 3789 cum
469 3724 576 3790 vitam
592 3724 767 3814 publicam
783 3747 886 3812 agere
901 3727 1083 3814 inciperet,
1104 3726 1219 3791 statim
1235 3747 1269 3790 se
1290 3747 1328 3790 ex
1344 3723 1503 3789 vaticinio

173 3829 353 3896 Malachiae
374 3830 459 3919 (3,1)
475 3832 654 3897 Dominum
676 3833 794 3921 templi
812 3831 959 3898 ostendit
976 3840 1009 3898 et
1029 3832 1142 3898 eiectis
1161 3829 1324 3918 etamplo
1340 3837 1501 3895 mercato-

175 3935 269 4002 ribus
283 3958 443 4025 proceres
456 3937 677 4026 reprehendit
689 3938 795 4026 (loan.
813 3945 893 4017 2,st
907 3940 1007 4027 seq),
1018 3939 1066 4005 ita
1076 3959 1167 4003 nunc
1183 3959 1317 4026 quoque
1328 3938 1363 4002 in
1376 3935 1504 4024 templo

173 4064 233 4108 suo
247 4042 347 4108 docet
365 4042 406 4109 dc
429 4042 596 4129 dignitate
622 4045 755 4110 llessiae
776 4052 809 4110 et
832 4046 914 4111 viiia
937 4045 1136 4134 perstringit
1160 4064 1279 4109 eorum
1302 4044 1360 4132 qui
1385 4065 1502 4108 curam

173 4149 291 4238 templi
306 4155 340 4215 et
355 4150 472 4239 populi
487 4149 614 4216 habere
631 4150 818 4229 debebant;
834 4151 929 4218 addit
944 4151 1098 4229 tertium,
1116 4150 1187 4217 scil.
1207 4149 1349 4216 laudans
1365 4148 1502 4213 viduam

173 4277 361 4345 pauperem
376 4257 570 4323 manifestat
581 4255 732 4323 indolem
751 4261 849 4344 regni
863 4259 916 4324 sui
931 4264 964 4325 et
979 4257 1131 4324 declarat
1143 4280 1211 4346 qua
1227 4279 1347 4322 norma
1357 4256 1504 4322 actiones

172 4361 390 4447 singulorum
407 4365 628 4430 aestimentur
647 4363 741 4453 apud
756 4369 893 4431 ileum.-

219 4469 314 4533 Prius
326 4470 412 4535 illud
425 4469 467 4535 dc
483 4472 617 4536 licssiae
629 4469 797 4556 dignitate
813 4472 1001 4538 accuratius
1016 4477 1047 4537 et
1063 4470 1197 4560 plenius
1210 4468 1300 4559 apud
1314 4470 1429 4534 liatih.
1446 4475 1499 4548 22,

174 4581 213 4642 il
236 4597 304 4662 seq.
325 4575 482 4641 habetur.
507 4576 706 4667 Disceptatio
726 4583 758 4643 et
777 4577 984 4667 colloquium
1003 4599 1081 4645 cunr
1102 4576 1290 4666 pharisaeis
1310 4575 1401 4665 apud
1419 4580 1502 4640 llar-

175 4703 253 4747 cum
272 4703 408 4770 quoque
424 4683 579 4749 innuitur
591 4705 630 4748 eo
642 4685 733 4773 quod
749 4684 875 4750 dicitur
890 4707 921 4749 v.
937 4690 979 4751 35
996 4683 1239 4775 etrespoadens
1251 4685 1341 4748 lesus
1355 4681 1501 4761 dicebat,

172 4787 455 4876 disceptationem
480 4796 590 4856 actam
613 4812 684 4857 esse
704 4791 831 4882 populo
852 4791 1023 4872 adstante,
1046 4791 1218 4858 indicatur
1246 4788 1359 4854 verbis
1381 4788 1504 4855 docens

172 4894 208 4960 in
224 4893 369 4984 templo;
387 4916 465 4959 curn
487 4903 600 4962 autem
618 4901 746 4964 liarcus
761 4899 868 4987 ipsam
891 4897 1172 4988 disceptationem
1196 4919 1263 4962 non
1286 4897 1424 4976 reserat,
1445 4895 1503 4960 sed

102 5212 220 5312 ἱ
