3960 5654
386 565 426 624 62
945 583 1034 629 uine.
1058 567 1087 633 1,
1110 566 1160 624 39.

385 738 425 784 ea
440 718 658 807 responsione
673 713 824 783 Christus
846 719 974 784 censeri
997 715 1101 806 possit
1119 715 1256 784 obviam
1271 719 1321 785 ire
1339 737 1464 804 magno
1487 708 1639 781 omniurn
1656 712 1716 780 de-

384 825 508 892 siderio
529 846 536 886 :
563 840 683 885 omnes
707 827 738 888 te
758 833 946 912 quaerunt3
969 843 1078 910 neque
1098 843 1173 888 eam
1194 844 1385 910 congruere
1404 845 1483 889 cum
1497 819 1716 910 responsione

384 938 461 999 Luc.
488 934 579 1005 θ,θ3,
601 948 670 1015 qua
695 931 766 995 sola
781 930 916 996 tandem
938 929 1055 996 efficax
1076 931 1269 998 continetur
1293 928 1378 995 ratio
1399 936 1432 994 ct
1447 951 1525 995 vere
1542 925 1712 1007 sublimis,

382 1059 444 1105 cur
458 1033 632 1121 relinquat
647 1036 766 1102 urbem
784 1043 816 1102 et
831 1038 886 1102 cui
901 1056 1018 1103 omnes
1028 1034 1247 1123 acquiescant
1259 1041 1424 1124 oporteat.

428 1139 509 1206 iude
531 1141 646 1229 itaque
674 1143 881 1232 peragrabat
898 1141 1081 1209 Galilaeam
1096 1166 1127 1208 v.
1150 1150 1191 1210 39
1212 1156 1243 1210 et
1258 1152 1333 1207 erat
1344 1140 1548 1229 praedicans
1560 1143 1597 1208 in
1615 1162 1716 1231 syna-

381 1246 476 1339 poqis
501 1269 618 1313 eoram
639 1248 699 1336 (et)
724 1248 760 1313 in
782 1249 876 1314 omni
902 1246 1059 1314 Galilaea
1080 1243 1194 1321 εἰςτὰς
1215 1227 1242 1310 fr·
1256 1244 1307 1319 εἰς
1324 1245 1397 1316 ὃλην
1415 1247 1471 1316 τὴν
1492 1245 1547 1326 Γ.,
1572 1246 1715 1338 proinde

382 1353 550 1443 explicare
566 1352 737 1444 oportebit
753 1357 805 1420 vei
830 1356 878 1420 ita
896 1359 934 1418 ut
950 1346 1037 1420 ἦλθεν
1057 1352 1098 1428 εἰς
1119 1350 1176 1428 τὰς
1194 1349 1374 1442 συναγωγάς
1404 1355 1570 1440 iungatur
1597 1356 1651 1421 vel
1679 1360 1716 1421 ut

382 1483 558 1549 synagoga
583 1461 776 1547 accipiatur·
795 1469 968 1547 tamquam
993 1461 1295 1528 ooetnshominum
1312 1461 1395 1549 (Act.
1421 1466 1534 1542 iaie.
1556 1465 1621 1526 iac.
1643 1467 1714 1540 aa.

381 1574 485 1661 Apoc.
504 1574 578 1648 e‚9;
597 1567 667 1653 3.9)
686 1565 734 1632 ad
753 1589 853 1657 quem
875 1565 913 1630 fit
937 1568 1159 1655 praedicatio.
1187 1568 1270 1633 iiuic
1296 1573 1410 1635 tamen
1429 1567 1565 1634 obstare
1580 1566 1716 1633 videtur

383 1675 474 1764 quod
488 1673 574 1740 alias
587 1694 766 1760 synagoga
783 1672 875 1762 apud
895 1671 1086 1763 synopticos
1106 1696 1174 1740 non
1195 1673 1236 1740 de
1252 1673 1471 1741 multitudine
1485 1678 1713 1760 congregata,

382 1781 442 1848 sed
454 1781 496 1848 de
509 1780 611 1847 domo
631 1780 907 1866 congregationis
922 1778 1114 1846 adhibetur.
1141 1779 1285 1847 Additur
1303 1780 1383 1847 dein
1399 1802 1574 1869 quousque
1593 1780 1715 1846 itinera

382 1887 545 1954 direxerit
557 1893 590 1952 et
601 1885 791 1951 extenderit
806 1886 842 1951 ia
858 1908 992 1951 omnem
1009 1885 1200 1953 Galilaeam
1211 1888 1283 1954 scil.
1297 1882 1385 1956 ἦλθεν
1400 1889 1573 1973 κηρύσσων,
1587 1896 1620 1951 et
1634 1884 1714 1952 dae·

381 1994 497 2060 mania
518 1993 674 2074 eiiciens;
693 1990 885 2058 doctrinam
906 1991 1083 2058 miraculis
1097 1992 1292 2073 confirmat,
1313 1993 1354 2058 iis
1377 1992 1556 2058 hominum
1583 1991 1715 2058 animos

381 2122 519 2189 quoque
534 2098 648 2167 reddit
664 2099 889 2188 promptiores
905 2097 949 2165 ad
964 2099 1210 2165 institutionem
1225 2100 1407 2165 salutarem
1425 2097 1712 2187 amplectendam.

382 2211 590 2273 Daemonum
606 2210 802 2293 potestatem
818 2210 852 2270 et
867 2205 1050 2294 imperium
1066 2206 1195 2292 frangit
1209 2204 1444 2272 demonstrans
1456 2226 1491 2271 se
1508 2205 1660 2287 venisse,
1677 2210 1716 2270 ut

381 2334 527 2399 regnum
541 2311 669 2379 diaboli
682 2319 716 2378 et
728 2312 854 2401 peccati
871 2311 1102 2378 destrueretur
1114 2319 1147 2378 et
1160 2333 1304 2398 regnum
1318 2313 1374 2378 [tei
1389 2312 1576 2379 etiustitiae
1588 2312 1623 2377 in
1640 2313 1714 2378 ani·

381 2420 444 2485 mis
463 2420 642 2484 hominum
663 2418 864 2504 erigeretur.
887 2424 913 2484 Α
935 2416 1091 2485 doctrina
1113 2417 1279 2485 transibat
1302 2418 1347 2485 ad
1367 2418 1549 2499 miracula,
1575 2424 1614 2484 ut
1631 2439 1714 2507 ques

381 2548 450 2593 non
465 2524 662 2592 attrahebat
676 2546 788 2591 sermo
800 2526 988 2592 attraheret
1003 2525 1245 2592 miraculorum
1258 2528 1425 2614 potentia,
1443 2533 1481 2591 ut
1494 2525 1597 2591 Erilli.
1614 2524 1711 2605 dicit3

380 2632 475 2699 sicet
491 2639 544 2714 tu,
561 2633 610 2699 ait
628 2630 793 2720 Theopli„
812 2653 891 2698 cum
912 2631 1084 2712 docueris,
1105 2633 1207 2697 etiam
1228 2654 1332 2722 opera
1347 2632 1438 2699 bona
1458 2633 1528 2713 iac,
1545 2653 1589 2697 ne
1603 2623 1715 2697 inanis

380 2739 423 2805 sit
437 2745 470 2804 et
484 2761 593 2806 vanus
604 2730 760 2826 (μάταιος)
776 2759 887 2804 sermo
901 2746 991 2805 tuus.
1010 2738 1179 2805 Christum
1195 2744 1308 2805 autem
1324 2738 1358 2803 in
1376 2738 1562 2825 synagogis
1576 2736 1714 2826 praedi-

379 2867 471 2912 casse
492 2847 575 2911 Vict.
602 2846 701 2925 dicit,
721 2852 757 2911 ut
776 2867 881 2913 unam
901 2846 1056 2912 misceret
1071 2844 1260 2911 doctrinam
1276 2846 1399 2911 veteris
1414 2844 1558 2910 foederis
1577 2866 1616 2909 ac
1633 2845 1712 2910 novi

379 2959 413 3016 ct
429 2974 535 3017 unum
549 2951 744 3018 ostenderet
757 2953 935 3041 utriusque
953 2959 1123 3020 auctorem
1141 2958 1174 3017 et
1188 2955 1304 3018 neum.
1322 2955 1357 3016 tn
1372 2951 1438 3017 hac
1452 2972 1515 3040 per
1527 2949 1712 3019 Galilaeam

379 3057 634 3147 praedicatione
653 3057 825 3125 doctrinas
846 3058 922 3124 ilias
942 3080 1012 3125 esse
1026 3059 1215 3149 propositas
1236 3058 1367 3147 quasin
1383 3079 1536 3124 sermone
1553 3064 1713 3124 montano

378 3164 492 3233 iiattb.
520 3172 576 3232 5-7
611 3162 756 3251 legimus
782 3165 976 3254 aliquorum
1009 3172 1058 3242 est
1079 3165 1246 3232 sententia
1273 3164 1364 3231 haud
1391 3164 1628 3253 improbabilis
1653 3166 1709 3251 (cf.

271 3311 275 3318 ·
376 3272 413 3338 S.
433 3275 521 3362 Αιιρ.
539 3271 582 3337 dc
601 3293 694 3337 cons.
715 3294 838 3358 evang.
860 3277 952 3352 219.
976 3278 1034 3349 θ3;
1050 3273 1096 3338 M.
1113 3277 1276 3352 3i‚1098;
1291 3271 1371 3338 Bed.
1388 3283 1452 3337 cat.
1468 3271 1574 3358 αιιικ).

781 3455 803 3516 ι)
824 3453 975 3504 Satiatur
993 3453 1145 3513 leprosus
1167 3451 1314 3517 1‚40-45.

416 3603 487 3663 1,4θ.
497 3603 657 3653 Etvenitad
666 3603 1025 3666 eumteprosusdcprecans
1113 3603 1184 3661 1,40.
1212 3598 1259 3650 Καὶ
1287 3600 1386 3669 θρχιται
1407 3599 1467 3669 στρος
1501 3597 1573 3650 αὐτὸν
1604 3598 1708 3668 λεπρὸς,

377 3705 440 3742 eum
450 3706 458 3752 ‚·
474 3695 504 3743 et
517 3705 593 3756 genu
609 3691 697 3752 itexo,
710 3691 782 3741 dixit
796 3695 821 3741 ei
840 3691 890 3742 :Si
904 3693 960 3752 vis,
977 3705 1024 3756 po·
1072 3687 1222 3757 παρακαλῶν
1240 3687 1314 3740 αὐτὸν
1338 3687 1418 3757 λέγων
1440 3686 1521 3760 αὐτῷ,
1547 3687 1631 3758 Κύριε,
1657 3690 1709 3753 tn,

377 3786 420 3832 tes
434 3781 639 3833 memundare.
657 3781 700 3831 41.
718 3780 798 3831 lesus
813 3786 907 3831 autem
928 3783 1023 3830 miser·
1072 3775 1114 3829 ἐὰν
1139 3776 1224 3848 θέλῃς,
1250 3776 1354 3829 δύνασαθ
1374 3796 1404 3847 ραι
1429 3777 1568 3847 καθαρθσαι.
1597 3781 1640 3832 41.
1670 3778 1712 3830 καὶ

377 3871 1024 3934 tuseiusextenditmanumsuam;ettangens
1071 3864 1278 3935 σαλαρχνισθιὶς,
1316 3865 1424 3927 ὲκτεθνας
1458 3864 1501 3931 τὴν
1534 3868 1610 3936 χεῖρα
1636 3865 1711 3920 αὐτοῦ

377 3971 456 4020 eum,
473 3960 567 4009 attilii
584 3971 590 4007 ι
608 3959 681 4010 Volo
698 3971 704 4007 ε
720 3959 867 4010 mundare.
903 3959 905 3962 ’
1070 3954 1163 4024 ἥψατο,
1179 3955 1222 4006 καλ
1242 3954 1310 4025 λέγει
1335 3954 1416 4027 αὐτῷ,
1432 3953 1517 4018 Θέλω,
1537 3952 1709 4025 καθαρίσθητι.

413 4049 458 4100 42.
475 4048 610 4112 acquum
626 4049 758 4107 dixisset,
775 4049 870 4098 atatim
892 4047 1023 4098 discessit
1072 4047 1115 4096 it.
1135 4043 1177 4096 καὶ
1195 4043 1265 4105 εθθθς
1288 4043 1398 4110 ἀπῆλθεν
1422 4042 1469 4096 ἀπ’
1488 4044 1561 4096 circi
1584 4043 1598 4110 b
1618 4045 1709 4114 λέπρα,

312 4175 313 4179 ,
375 4137 411 4186 ab
425 4151 460 4188 eo
476 4138 576 4201 lepra:
593 4143 621 4188 et
636 4138 787 4187 mundatus
802 4143 854 4187 est.
1070 4133 1112 4183 καὶ
1143 4133 1297 4204 ἐκαθερίσθη.
1332 4137 1375 4187 ii.
1414 4133 1455 4183 καὶ
1493 4133 1711 4204 ὲμθριριησιὶμινος

413 4227 455 4276 43.
473 4227 506 4276 Et
529 4229 718 4278 comminatus
738 4230 781 4276 est
805 4228 847 4285 ei,
870 4227 1022 4290 statimque
1070 4220 1149 4298 αὐτῷ,
1171 4221 1239 4284 eeu
1261 4221 1373 4283 ἐξθθαλιν
1401 4221 1489 4283 αὑτὸν,
1513 4226 1556 4276 44.
1576 4223 1618 4274 καὶ
1642 4222 1710 4293 tien

374 4316 458 4366 eiecit
474 4316 563 4366 iilum.
583 4315 782 4366 11.Ει(11ειισι
799 4314 902 4375 :vide‚
918 4311 1022 4366 nemini
1070 4311 1149 4382 αὐτῷ,
1165 4310 1231 4380 Ὅρα
1246 4311 1334 4380 μηδενὶ
1348 4311 1423 4381 μηδὲν
1444 4309 1521 4383 εἴπῃς·
1538 4311 1601 4362 tit‘
1615 4312 1708 4384 ὕπαγε,

375 4404 479 4470 dixeris
503 4419 508 4451 :
534 4406 584 4454 sed
606 4405 692 4464 vade,
721 4404 837 4455 ostende
859 4406 886 4453 te
901 4405 1021 4467 principi
1070 4400 1172 4451 securta
1201 4400 1284 4461 δεῖξον
1309 4405 1346 4470 τῷ
1379 4399 1453 4471 ἱερεῖ,
1488 4400 1529 4452 καὶ
1563 4403 1708 4472 προσένεγκε

374 4493 571 4552 sacerdotnm,
598 4498 625 4543 et
650 4493 722 4544 oiier
751 4505 801 4556 pro
823 4493 1022 4542 emundatione
1069 4489 1185 4558 περὶτοῦ
1204 4491 1357 4559 καθαρισμοῦ
1376 4509 1420 4541 σου
1439 4491 1612 4559 θτροσέταξεν
1632 4490 1709 4543 Μωυ-

376 4585 437 4640 tua‚
453 4595 527 4644 quac
552 4585 695 4646 praecepit
721 4582 832 4644 Moyses
846 4583 875 4630 in
894 4583 1021 4631 testimo·
1069 4581 1126 4642 σῆς,
1148 4575 1181 4638 εἰς
1201 4578 1333 4648 μαρτύριον
1348 4576 1440 4640 αὐτοῖς.
1464 4584 1504 4635 ii.
1526 4578 1584 4631 tii
1603 4577 1708 4640 ἐξελθὼν

377 4672 454 4722 nium
480 4671 544 4720 iilis.
571 4672 614 4720 15.
647 4673 682 4721 At
705 4672 753 4721 itte
776 4683 906 4734 egressus
930 4672 1023 4733 coepit
1069 4665 1158 4735 ἤρξατο
1177 4667 1306 4736 κηρύσσειν
1325 4667 1409 4721 πολλὰ
1431 4669 1473 4720 καὶ
1490 4670 1646 4739 διαρημθζειν
1666 4669 1709 4722 τὀν

378 4760 556 4824 praedicare,
578 4763 607 4808 et
629 4759 778 4811 diitamere
792 4772 966 4818 sennonem
983 4761 1022 4808 ita
1068 4757 1159 4825 λόγον,
1178 4758 1243 4809 ὥστε
1262 4759 1349 4827 μηκέτι
1372 4757 1444 4810 αὐτὸν
1468 4758 1585 4811 δύνασθαι
1602 4765 1710 4829 φανερῶς

380 4850 551 4900 utiamnon
574 4852 671 4911 posset
690 4850 839 4900 maniieste
860 4851 978 4899 introire
992 4850 1020 4897 in
1069 4844 1102 4907 εἰς
1125 4845 1198 4899 πόλιν
1223 4845 1354 4900 εἰσελθεῖν·
1381 4847 1447 4898 ἀλλὰ
1476 4847 1520 4908 ἔξω
1549 4846 1592 4901 ἐπ’
1610 4848 1711 4919 ἐρήμοις

380 4940 534 4997 civitatem,
554 4937 604 4987 sed
625 4936 694 4988 ioris
707 4941 734 4987 in
754 4940 875 4989 desertis
890 4939 958 4989 locis
975 4951 1021 4990 es·
1068 4938 1151 4997 τόκοις
1170 4931 1235 5005 (ἦν),
1256 4937 1298 4990 καὶ
1316 4935 1424 5008 ἤρχοντο
1444 4937 1503 5007 πρὸς
1521 4936 1594 4990 αὐτὴν
1620 4938 1709 4991 ,πάντο-

380 5032 481 5087 set;et
495 5025 702 5078 conveniebant
714 5028 749 5078 ad
761 5042 825 5079 eum
838 5029 973 5094 undique.
1068 5025 1119 5077 θεν.
