3960 5654
1025 370 1119 415 rne.
1143 351 1193 422 ro,
1216 351 1319 414 reu.
1354 335 1357 341 ’
1780 351 1838 412 aaa

507 503 712 572 medicinam
727 500 877 589 applicat
895 502 1020 568 iterum
1036 502 1226 569 doctrinam
1248 501 1345 568 illam
1360 500 1537 567 inculcans
1552 499 1837 590 pernecessariam

505 609 548 675 de
562 613 679 677 animo
692 606 858 689 demiss0;
877 631 908 672 v.
927 614 967 674 te
987 611 1078 676 lestis
1090 619 1205 673 utitem
1223 629 1348 674 uocans
1362 628 1417 672 eos
1436 610 1719 694 προσκαλεσάμενος
1743 605 1837 674 adse

505 717 673 784 advocans
687 713 815 804 quippe
842 715 901 803 qui
919 716 1097 803 paululum
1116 714 1267 800 elongati
1284 722 1384 779 erant
1403 737 1423 779 a
1442 712 1576 780 duobus
1598 714 1760 780 fratribus
1778 710 1838 802 qui

504 823 643 889 seorsim
659 819 702 884 ad
720 823 897 887 [lominum
915 828 1142 900 accesserant,
1160 820 1209 886 uit
1229 819 1322 886 illis:
1342 821 1433 886 scitis
1447 820 1531 908 quia
1553 820 1591 885 tn·
1606 821 1668 908 qui
1685 819 1841 885 videntur

503 927 696 1016 princi'pori
716 926 871 1017 pentibus
891 923 918 988 oi
937 917 1093 998 δοκοῦντες
1112 919 1214 1015 ἄρχειν
1236 927 1272 992 in
1296 927 1422 1015 quibus
1442 927 1551 992 honor
1579 933 1629 992 est
1648 923 1840 1012 imperandi

504 1032 680 1121 gentibus,
698 1037 758 1124 qui
779 1039 815 1098 ut
835 1033 1007 1124 principes
1025 1032 1198 1100 habentur
1219 1038 1253 1098 et
1277 1039 1522 1119 agnoscuntur,
1549 1032 1591 1099 de
1618 1055 1686 1122 qua
1706 1031 1840 1099 notione

506 1140 599 1206 verbi
619 1128 722 1203 δοκεῖν
742 1139 817 1206 vide
838 1144 919 1206 [tan.
940 1147 1028 1221 13,6.
1057 1141 1128 1206 Gal.
1155 1147 1225 1223 λδ,
1252 1139 1474 1206 dominantur
1487 1140 1551 1222 eis,
1570 1139 1838 1208 dominationem

504 1252 537 1312 et
552 1246 735 1336 imperium
750 1249 783 1312 in
799 1268 854 1312 eas
868 1254 1025 1313 exercent
1038 1269 1073 1313 se
1088 1252 1246 1333 gerentes
1262 1253 1298 1312 ut
1317 1245 1473 1313 dominos
1487 1268 1607 1313 earum
1621 1259 1654 1312 et
1666 1243 1839 1334 principes

505 1376 622 1419 eorum
632 1366 836 1444 potestatem
851 1352 976 1420 habent
989 1355 1158 1444 ipsorum,
1175 1355 1209 1419 in
1228 1376 1284 1420 eos
1297 1360 1455 1420 exercent
1477 1359 1678 1442 potestatem
1694 1359 1727 1418 et
1745 1348 1839 1418 haud

506 1483 583 1527 raro
599 1459 815 1548 tyrannidem
838 1460 1000 1549 superbia
1027 1467 1061 1526 et
1079 1461 1280 1547 arrogantia
1308 1460 1400 1526 elati.
1423 1465 1449 1525 Α
1476 1460 1536 1527 tali
1560 1481 1640 1525 vero
1655 1456 1839 1525 ambitione

504 1589 580 1632 suos
602 1565 797 1652 longissime
823 1566 938 1632 abesse
962 1567 1050 1647 vult;
1077 1566 1167 1633 uude
1190 1590 1222 1634 v.
1251 1572 1292 1634 ta
1318 1589 1386 1632 non
1408 1566 1457 1632 ita
1475 1578 1524 1632 est
1543 1577 1660 1632 autem
1674 1565 1711 1630 in
1729 1561 1841 1646 urbm·

505 1693 580 1738 cum
604 1672 759 1761 emphasi
783 1671 909 1739 dicitur
935 1694 942 1739 :
970 1694 1038 1738 non
1060 1673 1108 1738 ita
1134 1685 1183 1739 est
1202 1672 1293 1762 apud
1311 1694 1386 1754 vos;
1404 1674 1500 1761 quasi
1516 1672 1609 1739 dicat
1629 1695 1637 1741 :
1655 1673 1755 1762 plane
1774 1668 1841 1737 alia

505 1784 555 1845 est
570 1777 722 1845 conditio
738 1779 836 1865 regni
860 1779 926 1845 mei
939 1778 1025 1845 adeo
1046 1785 1083 1845 ut
1097 1778 1265 1846 eiusmodi
1278 1777 1481 1845 dominandi
1495 1778 1639 1845 ambitio
1656 1800 1723 1844 non
1741 1774 1841 1843 modo

505 1907 573 1950 non
593 1884 717 1951 debeat
737 1907 825 1965 esse,
843 1907 963 1952 verum
982 1884 1086 1974 plane
1110 1886 1268 1952 exsistere
1285 1891 1444 1974 nequeat.
1465 1884 1551 1962 Quid
1567 1907 1646 1951 vero
1661 1883 1754 1973 apud
1766 1904 1844 1950 suos

504 1992 547 2056 sit
566 1997 599 2057 et
617 1992 729 2057 valeat
742 1991 886 2080 explicat
909 1992 997 2060 :sed
1014 1993 1223 2080 quicumque
1245 1992 1393 2058 uoluerit
1408 1992 1488 2080 fieri
1504 1991 1625 2076 maior,
1656 1991 1720 2057 erit
1738 2001 1844 2057 uester

505 2098 655 2162 minister
684 2120 714 2163 v.
745 2105 785 2164 ct
807 2110 839 2164 et
864 2097 1071 2187 quicumque
1090 2099 1237 2165 voluerit
1255 2098 1292 2164 in
1311 2097 1404 2165 vobis
1421 2100 1555 2188 primus
1578 2120 1663 2173 esse,
1688 2098 1754 2163 erit
1774 2117 1843 2162 om·

506 2205 600 2269 nium
618 2225 750 2286 seruus;
776 2235 791 2262 «ι
820 2204 958 2271 humilis
980 2206 1143 2291 magister
1162 2213 1196 2272 et
1220 2206 1312 2271 mitis
1332 2228 1395 2272 nec
1414 2204 1614 2294 cupiditatis
1638 2201 1842 2270 immodicae

505 2312 620 2397 arguit
638 2310 724 2377 duos
748 2311 955 2400 postulantes
981 2334 1044 2377 nec
1062 2311 1183 2379 decem
1208 2311 1359 2401 reliquos
1377 2311 1624 2399 indignationis
1643 2312 1796 2400 increpat
1809 2317 1843 2376 et

506 2417 638 2500 livoris,
662 2417 722 2484 sed
748 2418 813 2484 tale
837 2418 934 2507 ponit
956 2419 1150 2509 exemplum
1172 2440 1241 2508 quo
1263 2419 1385 2485 doceat
1407 2440 1484 2485 eum
1510 2441 1581 2485 esse
1603 2419 1767 2484 maiorem
1782 2416 1842 2506 qui

508 2526 618 2590 minor
637 2525 740 2590 luerit
760 2532 793 2590 et
812 2524 909 2590 illum
936 2525 1115 2591 dominum
1141 2524 1215 2592 sieri
1240 2525 1300 2613 qui
1328 2526 1482 2591 omnium
1502 2547 1618 2591 servus
1638 2526 1692 2590 sit.
1711 2527 1843 2590 Frustra

508 2631 613 2716 igitur
627 2638 687 2696 aut
703 2630 752 2695 illi
771 2630 997 2697 immoderata
1013 2632 1235 2720 quaesierunt
1258 2638 1318 2698 aut
1339 2632 1394 2697 isti
1414 2631 1531 2698 dolent
1552 2652 1655 2719 super
1676 2631 1841 2697 maiorum

506 2735 692 2817 desiderio,
713 2759 791 2803 cum
806 2736 849 2803 ad
865 2738 1097 2804 summitatem
1114 2738 1279 2804 virtutum
1299 2761 1366 2805 non
1382 2739 1553 2827 potentia,
1570 2737 1629 2804 sed
1650 2736 1843 2804 bumilitate

507 2845 696 2909 veniatur»
719 2844 768 2932 (S.
792 2845 885 2910 Hier.
904 2843 1023 2930 Beda).
1046 2849 1133 2931 Ergo
1163 2845 1317 2935 quivult
1343 2868 1413 2912 esse
1441 2867 1606 2930 magnus,
1629 2845 1795 2909 ministret
1811 2849 1845 2909 et

507 2952 628 3016 serviat
650 2949 808 3017 omnibus
829 2957 862 3017 et
884 2952 943 3039 qui
965 2972 1139 3018 summum
1160 2951 1303 3018 honoris
1324 2951 1472 3038 gradum
1495 2950 1681 3028 desiderat,
1705 2948 1845 3017 sciatad

507 3057 603 3122 illum
619 3057 797 3145 pervenire
810 3078 889 3123 eum
902 3057 1117 3124 solummodo
1136 3080 1233 3146 posse
1251 3060 1311 3149 qui
1335 3059 1489 3124 omnium
1503 3081 1538 3124 se
1553 3079 1689 3124 servum
1714 3062 1845 3145 reputet

506 3173 539 3229 et
553 3165 667 3230 iaciat.
692 3167 758 3229 llac
774 3165 888 3252 itaque
914 3166 1047 3230 ratione
1062 3163 1160 3231 docet
1179 3187 1465 3254 unumquemque
1485 3165 1687 3231 humilitatis
1703 3169 1844 3230 conten·

507 3271 598 3335 tione
632 3269 768 3336 efficere
791 3292 887 3358 posse
918 3279 955 3336 ut
985 3271 1107 3337 ceteris
1131 3271 1337 3360 praecellat;
1370 3272 1446 3339 vide
1474 3273 1590 3339 tlatth.
1621 3275 1781 3351 aega-28
1811 3277 1844 3338 et

508 3380 586 3442 Luc
604 3383 720 3458 raas.

551 3483 699 3572 [lenique
721 3485 773 3550 sui
795 3485 955 3573 proponit
978 3486 1190 3573 exemplum,
1215 3493 1253 3552 ut
1271 3489 1299 3552 si
1323 3486 1414 3554 dicta
1440 3486 1744 3576 parvipenderent,
1769 3506 1844 3552 eru·

507 3590 681 3656 bescerent
697 3589 740 3656 ad
765 3613 869 3679 opera
885 3590 936 3677 (S.
958 3590 1050 3656 Hier.
1078 3591 1182 3679 Beda)
1204 3615 1237 3660 v.
1259 3597 1301 3661 t5
1323 3615 1403 3659 narn
1419 3605 1455 3659 'et
1481 3593 1590 3660 Filius
1612 3592 1756 3659 hortinis
1777 3613 1845 3658 non

506 3697 594 3762 uertit
615 3709 651 3762 ut
671 3695 922 3763 ministr-uretur
941 3697 975 3762 ei
994 3696 1056 3763 sed
1072 3712 1110 3762 ut
1137 3699 1346 3766 narnistruret
1365 3712 1398 3766 et
1422 3700 1520 3767 duret
1546 3699 1700 3766 unimam
1725 3720 1845 3782 suam;

508 3803 610 3869 vitam
623 3825 736 3882 suam,
754 3803 1039 3893 redemptionem,
1060 3804 1170 3891 λύτρον
1187 3808 1339 3895 pretium
1362 3807 1608 3897 redemptionis
1623 3830 1688 3897 pro
1708 3806 1846 3889 rraultt's,·

506 3907 550 3974 ab
566 3908 620 3990 iis,
650 3910 732 3976 Vict.
748 3909 881 3991 scribit,
899 3932 987 3998 quae
1002 3933 1067 3998 ego
1083 3911 1171 3978 t'acio
1197 3919 1231 3979 et
1246 3915 1358 4003 patior
1378 3914 1572 4003 exemplum
1592 3913 1710 3981 discite
1727 3934 1845 3980 eorum

507 4037 595 4105 quae
622 4014 713 4081 dieta
737 4024 832 4097 sunt;
862 4039 941 4082 cum
970 4019 1060 4084 enim
1092 4019 1156 4084 sim
1187 4041 1245 4085 rex
1272 4043 1502 4109 supernarum
1526 4021 1709 4101 virtutum,
1732 4028 1846 4087 tamen

508 4122 609 4187 homo
624 4120 697 4188 fieri
715 4122 805 4188 volui
826 4130 859 4189 et
875 4122 975 4189 illudi
992 4132 1026 4190 et
1041 4124 1085 4190 ad
1102 4131 1247 4192 mortem
1265 4129 1382 4194 venire
1398 4135 1432 4194 et
1445 4129 1548 4193 vitam
1568 4148 1681 4193 meam
1699 4127 1845 4215 pretium

508 4227 589 4294 dare
617 4226 874 4317 redemptionis,
906 4236 940 4295 et
967 4253 1031 4319 pro
1061 4232 1208 4321 quibus?
1234 4255 1296 4323 pro
1324 4234 1488 4314 inimicis;
1521 4254 1563 4299 ne
1593 4235 1701 4320 igitur
1728 4234 1848 4300 timeas

508 4335 604 4424 quasi
625 4340 702 4400 tuus
722 4334 783 4400 tibi
808 4336 933 4424 periret
953 4337 1081 4418 honor,
1106 4347 1427 4429 quantumcumque
1450 4347 1482 4406 te
1503 4340 1754 4420 humiliaveris,
1778 4361 1846 4407 non

510 4442 634 4530 poteris
650 4434 785 4508 ¹tantum
801 4441 1009 4511 descendere
1020 4454 1191 4533 quantum
1208 4447 1370 4513 Dominus
1386 4454 1475 4514 tuus.
1493 4448 1635 4524 Quando
1650 4449 1740 4514 enim
1756 4448 1844 4537 quis,

510 4555 546 4613 ut
564 4549 708 4638 Tiiropli.
732 4548 796 4629 ait,
824 4571 891 4614 non
915 4551 1026 4617 solum
1047 4553 1308 4634 ministraverit,
1341 4553 1453 4620 sedet
1481 4564 1636 4622 mortuus
1663 4555 1766 4620 luerit
1784 4575 1846 4643 pro

510 4657 618 4721 eccui
642 4656 822 4735 ministrat,
845 4655 929 4744 quid
957 4657 1016 4723 illo
1040 4662 1150 4726 maius
1173 4666 1207 4726 et
1226 4660 1490 4727 admirabilius?
1509 4693 1523 4722 ιι
1543 4666 1677 4728 Frustra
1692 4666 1769 4727 sunt
1783 4660 1844 4749 qui

511 4761 622 4829 verbis
631 4786 697 4853 pro
708 4762 825 4829 rnrdtis
836 4761 1026 4830 abutuntur
1047 4774 1084 4833 ut
1106 4768 1244 4834 vincere
1258 4777 1424 4835 conentur
1440 4791 1508 4835 non
1523 4791 1587 4858 pro
1610 4768 1767 4834 omnibus
1782 4768 1844 4835 ho-
