3960 5654
945 340 1035 386 3330.
1059 327 1109 397 13,
1132 326 1236 386 ati-52.
1701 327 1760 386 393

424 473 463 534 33
482 493 512 533 n.
534 477 585 543 61,
602 473 656 550 qui
673 472 814 534 etiams.
837 474 1042 537 Ambrosium
1061 490 1119 553 pro
1137 491 1173 534 ea
1194 477 1345 555 opinione
1368 475 1476 536 laudat
1495 477 1526 536 in
1547 477 1616 537 eius
1635 475 1761 553 exposi-

424 571 508 632 tione
524 575 572 631 Ps.
590 569 656 646 36),
674 589 777 650 neque
793 571 833 630 de
850 570 960 634 lacobo
976 575 1070 633 tratre
1091 572 1234 644 Domini,
1250 573 1289 633 de
1304 589 1367 649 quo
1386 571 1492 633 locum
1508 575 1670 652 accipiunt
1685 572 1759 650 Epi-

424 671 560 747 phanius
581 667 678 744 (haer.
702 670 808 741 78,13;
833 669 874 728 M.
895 672 1032 747 imo),
1053 668 1422 746 Pseudo-Hieronymus
1443 670 1477 728 in
1499 673 1547 728 l‘s.
1572 673 1610 729 37
1631 671 1684 746 (M.
1711 671 1761 741 26,

422 768 493 844 939)
515 772 546 824 et
571 765 637 832 τινὲς
660 768 742 846 apud
769 764 910 845 Theoph.
939 767 1031 828 Eutb.
1061 769 1173 846 Neque
1201 767 1291 826 lacile
1314 767 1402 827 credi
1425 770 1531 844 potest
1555 768 1639 843 quod
1667 767 1760 829 Euth.

421 863 562 940 Theoph.
584 864 703 942 aliique
725 863 861 924 alierunt
885 883 959 926 eum
985 864 1083 924 luisse
1106 883 1122 924 e
1145 866 1242 925 domo
1263 863 1317 923 illa
1338 865 1369 922 in
1396 882 1460 942 qua
1482 864 1624 924 Christus
1647 863 1762 942 pascha

422 961 676 1022 manducaverat.
696 965 803 1040 Neque
820 962 908 1022 enim
925 960 1078 1023 credibile
1094 967 1142 1023 est
1158 980 1233 1023 eum
1249 962 1316 1022 solo
1332 963 1431 1022 linteo
1444 966 1563 1022 tectum
1578 962 1659 1021 viam
1677 960 1763 1020 illam

421 1059 547 1135 longam
562 1062 735 1121 confecisse
751 1077 768 1119 e
783 1061 954 1122 coenaculo
970 1059 1010 1119 ad
1023 1052 1153 1120 hortum
1170 1062 1278 1138 ibique
1294 1061 1417 1121 diutius
1433 1079 1502 1121 esse
1516 1063 1761 1131 commoratum,

419 1157 565 1232 quamvis
575 1175 638 1218 non
651 1163 736 1219 esset
750 1158 884 1219 vestitus
897 1171 1000 1235 neque
1013 1158 1164 1218 decenter
1180 1175 1284 1236 neque
1298 1159 1376 1218 satis
1391 1159 1431 1219 ad
1444 1158 1544 1236 frigus
1554 1161 1759 1216 nocturnum.

421 1254 464 1311 Ex
481 1253 549 1332 ipsa
569 1257 747 1315 narratione
771 1254 836 1315 illis
855 1257 936 1316 iorte
956 1255 1017 1323 erit
1037 1257 1279 1316 assentiendum
1299 1256 1353 1332 qui
1372 1254 1483 1315 dicunt
1501 1255 1651 1316 iuvenem
1671 1253 1761 1314 illum

420 1350 515 1411 luisse
532 1371 568 1412 ex
584 1354 704 1412 familia
719 1352 818 1412 villici
839 1355 888 1414 cui
907 1369 981 1413 cura
1000 1352 1083 1411 liorti
1104 1357 1173 1412 erat
1192 1354 1360 1413 commissa
1379 1352 1428 1412 vel
1448 1352 1601 1413 famulum
1616 1351 1759 1411 eiusdem

421 1448 470 1508 vel
485 1450 586 1510 filium
596 1448 678 1528 (Coi.
690 1449 720 1507 b.
735 1449 756 1508 1.
771 1455 803 1509 01
814 1451 845 1510 in
859 1451 974 1510 ientac.
988 1450 1022 1519 6;
1041 1448 1068 1508 T
1066 1451 1104 1509 ir.
1122 1448 1203 1530 Lop.
1220 1448 1398 1528 11038ῃὶ3.
1417 1447 1517 1510 Colm.
1530 1450 1616 1508 Pota.
1630 1446 1758 1527 Scireqq,

419 1547 469 1606 cui
490 1547 665 1606 sententiae
686 1564 814 1625 quoque
832 1547 955 1608 accedit
974 1547 1089 1606 Saurea
1113 1549 1145 1607 in
1164 1549 1182 1607 3
1199 1565 1229 1625 p.
1253 1565 1307 1626 qu.
1325 1549 1364 1607 36
1380 1547 1461 1624 disp.
1480 1548 1519 1606 33
1538 1551 1614 1605 sect.
1630 1547 1648 1605 3
1666 1563 1697 1604 n.
1715 1545 1758 1622 3).

419 1644 462 1702 Ex
478 1643 710 1703 recentioribus
724 1644 805 1706 baud
825 1637 920 1723 pauci
934 1646 1072 1705 Marcum
1090 1646 1197 1723 ipsum
1219 1645 1464 1723 intelligendum
1480 1660 1549 1703 esse
1564 1643 1757 1711 existimant,

419 1741 492 1817 quia
508 1741 575 1818 ipse
592 1742 678 1802 solus
691 1741 752 1802 hoc
766 1742 884 1803 referat
896 1746 927 1802 et
939 1743 1013 1819 quia
1029 1760 1086 1803 cur
1102 1743 1219 1803 referat
1233 1743 1285 1802 vix
1299 1743 1362 1802 alia
1377 1742 1458 1802 ratio
1473 1741 1642 1819 excogitari
1659 1740 1761 1819 possit

418 1838 478 1896 nisi
499 1855 536 1898 ea
552 1841 635 1916 quod
656 1840 724 1917 ipse
744 1841 803 1900 hac
823 1840 854 1899 in
875 1840 1040 1900 occasione
1058 1840 1181 1917 aliquid
1202 1858 1274 1901 cum
1296 1840 1429 1900 Domino
1449 1857 1563 1918 passus
1583 1839 1634 1898 sit.
1657 1838 1759 1909 Quam

418 1938 608 1997 sententiam
628 1955 666 1997 eo
684 1937 835 1999 libentius
855 1937 901 1996 illi
922 1938 1160 2016 amplectuntur
1181 1939 1237 2015 qui
1255 1942 1387 1999 censent
1406 1937 1536 1997 bortum
1556 1934 1760 1997 Gethsemani

418 2040 450 2094 ct
464 2034 572 2093 villam
589 2035 685 2094 luisse
702 2036 810 2095 matris
827 2035 924 2095 Marci
942 2035 994 2114 (ci.
1010 2036 1192 2113 Expositor‚
1210 2039 1229 2095 3
1244 2053 1304 2095 ser.
1321 2037 1340 2095 3
1356 2034 1419 2095 vol.
1437 2053 1468 2112 p.
1483 2035 1552 2095 2⁶22.
1571 2032 1653 2112 230).
1668 2032 1759 2104 Quod

418 2132 514 2207 aliqui
531 2132 687 2191 obiiciunt
702 2137 782 2192 teste
801 2133 1052 2211 Papiallarcum
1071 2150 1235 2212 nunquam
1256 2135 1428 2194 Dominum
1445 2132 1606 2192 audivisse
1621 2135 1676 2191 aut
1690 2148 1759 2192 sec·

418 2234 518 2288 tatum
538 2229 650 2300 luisse,
668 2248 730 2289 non
745 2231 824 2290 adeo
839 2231 960 2301 obstat,
977 2248 1050 2292 cum
1065 2236 1152 2292 certe
1167 2232 1280 2309 Papias
1298 2230 1377 2291 nibil
1395 2230 1480 2291 aliud
1497 2230 1604 2290 dicere
1620 2228 1759 2290 voluerit

417 2326 478 2385 nisi
494 2343 567 2385 eum
584 2345 645 2386 non
660 2328 755 2388 luisse
772 2329 855 2388 inter
866 2328 1039 2406 discipulos
1052 2330 1109 2407 qui
1122 2329 1283 2390 Christum
1301 2329 1445 2389 comitati
1464 2332 1548 2388 sunt.
1567 2327 1669 2397 Ouaro
1684 2327 1709 2385 si
1726 2325 1758 2384 in

417 2440 450 2483 re
469 2424 548 2483 adeo
571 2425 689 2484 ineerta
709 2426 851 2504 aliquam
870 2427 1060 2504 opinionem
1081 2427 1231 2504 amplecti
1249 2426 1402 2497 volueris,
1430 2425 1550 2501 poteris
1574 2423 1756 2484 existimare

417 2537 490 2580 eum
511 2522 655 2582 iuvenem
673 2523 770 2583 luisse
787 2525 940 2596 llarcum,
956 2525 1001 2583 uti
1024 2530 1137 2600 putant
1156 2521 1291 2598 Reisclrl,
1310 2522 1398 2604 Bisp.
1418 2519 1534 2583 Gnmm
1548 2519 1757 2599 (Einheitder

417 2620 531 2697 Evang.
544 2637 574 2696 p.
588 2622 646 2680 513
658 2620 750 2698 seq),
766 2618 900 2699 Cornely
910 2621 1042 2696 (introd.
1056 2622 1096 2680 lll
1108 2640 1139 2699 p.
1155 2622 1207 2698 83)
1218 2627 1250 2682 et
1263 2639 1300 2681 ex
1312 2620 1563 2699 protestantibus
1575 2616 1755 2693 Olslroasen,

419 2713 536 2797 Lotape,
553 2715 789 2792 litoreo-mann,
808 2716 841 2777 E
843 2715 924 2777 ruald
939 2719 1008 2797 (qui
1023 2724 1115 2778 antea
1131 2718 1266 2780 Saulum
1286 2719 1393 2778 videre
1410 2718 1472 2778 sibi
1487 2718 1576 2776 visus
1591 2723 1638 2776 est
1654 2716 1685 2775 in
1701 2715 1756 2775 illo

416 2813 641 2893 adolescente),
665 2813 821 2890 Vollmer,
838 2813 925 2890 Keil,
955 2815 1067 2889 Weiss,
1085 2813 1150 2874 Ed.
1171 2817 1196 2875 ll
1217 2834 1248 2895 p.
1269 2819 1337 2876 535.
1355 2815 1417 2877 Sed
1434 2815 1484 2875 vix
1505 2813 1676 2874 dicendum
1696 2813 1758 2873 erit

416 2927 489 2970 cum
505 2912 665 2990 aliquibus
680 2914 741 2973 nisi
757 2920 841 2974 osset
856 2915 976 2974 ilarcus
992 2932 1055 2973 non
1071 2931 1165 2992 posse
1180 2914 1286 2973 alierri
1303 2914 1460 2973 rationem
1474 2912 1686 2971 sufficientem
1701 2927 1758 2972 cur

414 3008 467 3068 hic
481 3016 612 3070 eventus
633 3016 717 3071 esset
732 3012 903 3072 narrationi
918 3013 1066 3072 insertus.
1085 3015 1164 3071 Num
1183 3029 1240 3071 cur
1255 3017 1400 3071 narratus
1418 3011 1538 3070 sitiam
1556 3006 1651 3070 Mold.
1669 3007 1754 3068 loos.

420 3104 446 3165 T
446 3107 483 3165 ir.
500 3108 633 3168 alierunt
653 3108 732 3168 nihil
753 3110 929 3186 cogitantes
950 3110 988 3169 de
1011 3111 1131 3181 Marco;
1153 3095 1249 3187 quare
1270 3109 1368 3168 etium
1385 3126 1422 3168 ex
1442 3108 1673 3168 recentioribus
1693 3124 1757 3166 non

415 3204 530 3360 despnt
552 3206 609 3283 qui
628 3213 743 3284 negent
765 3207 939 3284 quidquam
962 3208 1059 3266 statui
1081 3224 1176 3284 posse
1196 3207 1235 3266 de
1256 3207 1312 3267 illo
1332 3207 1446 3266 iuvene
1467 3205 1520 3286 (cl.
1542 3204 1676 3280 8013ου,
1692 3202 1755 3264 Fil.

444 3320 478 3360 oe
493 3300 543 3378 al).

735 3462 758 3530 e)
779 3467 874 3518 33333
894 3478 1007 3518 eoram
1028 3465 1234 3530 synedrlstts
1257 3464 1430 3530 rasa-65.

455 3643 543 3702 lips.
568 3643 900 3695 Etadduxeruntlesum
925 3645 1058 3695 adsum·
1151 3645 1239 3704 1353.
1263 3640 1311 3693 1131
1335 3639 1470 3711 ἀπήγαγον
1499 3639 1542 3692 τὸν
1571 3638 1664 3706 Ἰησοῦν
1696 3643 1755 3710 πρὸς

416 3744 492 3781 mum
507 3731 693 3790 sacerdotem,
710 3738 738 3782 et
754 3741 947 3783 convenerunt
960 3746 1059 3784 omnes
1110 3730 1154 3782 τὸν
1174 3729 1299 3800 ἀρχιερέα.
1327 3730 1368 3782 331
1393 3733 1546 3800 συνέρχονται
1574 3727 1641 3800 abab
1666 3730 1756 3790 πάντες

416 3821 590 3878 sacerdotes,
608 3826 634 3871 et
648 3821 770 3880 scribae,
794 3827 822 3872 et
837 3825 972 3872 seniores.
1109 3818 1131 3870 oi
1144 3821 1269 3890 ἀρχιεριῖς
1287 3818 1329 3870 καὶ
1348 3819 1371 3870 ol
1391 3819 1546 3890 πρεοὸὑτερυι
1566 3819 1607 3871 καὶ
1627 3817 1649 3870 oi
1668 3837 1753 3890 γρυμ-

452 3909 611 3959 53901033
632 3915 756 3959 autema
777 3911 862 3974 longe
883 3915 996 3961 secutus
1016 3917 1058 3962 est
1110 3910 1208 3977 ματεῖς.

417 4010 600 4061 eamusque
615 4000 687 4048 intro
700 4001 728 4048 in
739 4002 839 4049 atrium
855 4003 956 4049 summi
969 4013 1058 4050 sacer·
1147 4001 1189 4051 53.
1212 3997 1291 4048 11316
1320 3998 1409 4067 [Ιίτρος
1434 3996 1483 4049 lr'o
1507 3997 1623 4067 μυυιρῶιν
1648 3995 1754 4052 130λοῦ-

416 4085 545 4144 dotis‚et
558 4087 674 4136 sedebat
687 4101 749 4136 curn
761 4089 896 4138 ministris
906 4089 941 4139 ad
952 4092 1056 4152 ignem,
1109 4087 1182 4142 633ον
1210 4085 1279 4157 αὑτῷ
1312 4087 1359 4147 ἕως
1389 4085 1438 4138 ἔσω
1469 4085 1500 4147 rig
1533 4084 1577 4149 τὴν
1605 4082 1682 4148 αὐλὴν
1714 4092 1753 4137 τοῦ

415 4179 444 4225 et
462 4175 644 4225 caloiaciobat
667 4189 706 4225 se.
731 4178 773 4226 55.
800 4176 907 4227 Summi
925 4192 992 4228 vero
1010 4192 1058 4228 sa·
1109 4174 1248 4246 ἀρχιερέως·
1279 4175 1321 4227 aad
1346 4174 1377 4232 riv
1407 4177 1578 4244 ουνκαοήμινος
1613 4172 1674 4244 prad
1705 4182 1753 4226 τῶν

416 4263 544 4314 cordatos
564 4268 592 4313 et
612 4278 696 4315 omne
717 4266 866 4315 concilium
886 4269 1058 4330 quaerebant
1108 4264 1251 4334 ὑπηρετῶν,
1280 4265 1323 4316 asi
1349 4267 1533 4335 3ιρραινόμενος
1561 4263 1620 4332 πρὸς
1646 4263 1674 4314 τ“ο
1693 4271 1750 4331 φῶς.

416 4353 552 4402 adversus
580 4354 670 4403 losum
701 4355 905 4413 testimonium,
934 4361 963 4406 ut
994 4369 1057 4406 eum
1109 4359 1152 4406 55.
1174 4353 1205 4405 01
1223 4353 1249 4405 δὲ
1275 4352 1393 4424 ἀρχιεριῖς
1421 4354 1462 4405 mi
1490 4352 1551 4405 ὅλον
1581 4352 1609 4403 τὸ
1634 4348 1754 4422 συνέδριον

418 4444 498 4490 morti
524 4443 679 4504 traderent,
709 4456 760 4492 nce
788 4445 976 4493 inveniebant.
1012 4445 1054 4495 56.
1108 4441 1208 4507 ἐζήτουν
1228 4442 1291 4495 κατὰ
1315 4449 1357 4495 τοῦ
1391 4441 1469 4508 Ἰησοῦ
1498 4443 1641 4513 μαρτυρίαν,
1673 4441 1705 4501 εἰς
1723 4440 1752 4493 rb

417 4530 496 4579 ilulti
512 4533 586 4580 enim
602 4534 790 4582 testimonium
806 4531 907 4582 laisum
927 4534 1057 4585 dicebant
1108 4532 1244 4584 duratum
1280 4531 1360 4585 adada·
1400 4532 1442 4583 καὶ
1474 4530 1519 4599 οὐχ
1552 4531 1674 4602 ηὕρισκον.
1705 4533 1750 4584 56.

417 4619 550 4669 adversus
571 4627 691 4679 oum;et
714 4623 911 4671 convenientia
931 4626 1057 4674 testimo·
1108 4621 1202 4673 πολλο1
1228 4622 1277 4691 γὰρ
1310 4619 1535 4693 ἐψευδομαρτύρουν
1571 4619 1630 4673 κατ’
1663 4618 1750 4680 αὐτοῦ,

418 4710 464 4758 nia
479 4715 637 4759 nolierunt.
1108 4711 1148 4762 καὶ
1168 4709 1218 4762 ion
1245 4710 1269 4762 31
1297 4712 1426 4781 μαρτνρ131
1459 4710 1503 4762 οὖν.
1531 4706 1604 4776 ἦσαν.
1636 4715 1678 4765 57.
1709 4707 1751 4760 ml

453 4799 494 4847 57.
509 4797 542 4847 Et
557 4799 668 4862 quidam
684 4805 847 4863 surgentes,
865 4800 1056 4852 laisumtosti-
1106 4821 1169 4859 τινες
1188 4801 1334 4860 ἀνιστάντος
1354 4800 1574 4870 ἐψευδομαρτύρουν
1597 4797 1653 4850 aar'
1678 4797 1751 4850 31τοῦ
