3960 5654
174 521 233 583 192

171 694 244 740 rem
269 695 339 740 esse
362 667 643 759 perpendendam
663 677 696 739 ct
716 673 802 739 bene
830 667 1086 758 ponderandam
1109 674 1146 735 ut
1167 689 1234 756 quo
1249 669 1368 737 tendat
1381 666 1507 756 depre-

171 780 354 847 hendatur.
380 774 473 841 Unde
487 776 665 866 probabile
682 779 720 844 tit
742 779 827 845 haec
848 773 954 840 verba
973 797 1043 843 esse
1056 775 1224 863 genuina,
1241 798 1318 843 cum
1332 777 1368 843 in
1387 772 1506 840 subse-

171 885 354 976 quentibus
376 888 493 971 pateat
507 885 675 951 Christum
693 885 834 950 minime
848 880 964 947 sistere
983 883 1019 948 in
1038 880 1221 969 legalibus,
1238 882 1297 948 sed
1313 888 1422 949 totum
1437 885 1506 946 sta-

172 992 233 1058 tim
250 988 435 1055 transferre
451 990 496 1056 ad
509 1013 630 1058 mores.

216 1099 345 1162 llarous
358 1095 457 1164 ellert
468 1096 654 1186 discipulos
671 1096 813 1163 domum
834 1115 984 1161 reversos
995 1095 1236 1179 interrogasse3
1252 1115 1389 1161 eosnon
1401 1094 1506 1161 inter·
1599 1121 1601 1124 ·

170 1222 308 1289 rogasse
324 1224 438 1270 coram
459 1202 569 1271 turbis
583 1223 623 1268 ex
639 1202 795 1270 llattbaei
817 1201 1011 1268 narratione
1031 1198 1149 1286 colligi
1165 1220 1234 1265 non
1253 1207 1379 1289 posset;
1397 1221 1506 1291 quare

170 1308 372 1398 hicquoque
383 1314 511 1378 llarous
520 1329 593 1374 rem
603 1310 713 1397 magis
724 1306 941 1374 determinat.
954 1306 1053 1396 Apud
1064 1307 1268 1373 llatthaeum
1279 1309 1397 1374 Petrus
1408 1306 1509 1398 ponit

171 1416 423 1504 quaestionem,
445 1413 539 1504 apud
555 1417 701 1482 Marcum
718 1411 910 1500 generatim
920 1411 1081 1503 discipuli
1095 1412 1333 1494 nominantur3
1351 1414 1507 1480 omnium

170 1521 284 1611 itaque
295 1522 435 1588 nomine
451 1521 588 1610 quaerit
602 1525 717 1588 Petrus
729 1520 789 1609 qui
808 1525 922 1586 tamen
947 1521 981 1585 in
1004 1541 1066 1585 sua
1083 1519 1277 1587 narratione
1295 1518 1405 1602 noluit
1420 1517 1508 1586 adeo

172 1627 330 1717 explicite
345 1649 495 1695 asserere
510 1647 545 1692 se
557 1627 785 1713 interrogasse
804 1625 902 1715 quasi
920 1630 1005 1692 esset
1019 1623 1073 1691 vel
1093 1626 1211 1692 ceteris
1230 1624 1365 1693 avidior
1378 1623 1520 1692 sciendi'

170 1734 223 1800 vel
243 1733 447 1800 familiarior
466 1733 597 1799 Christo
613 1757 644 1799 v.
666 1740 706 1800 17
728 1743 857 1798 etcum
876 1731 1044 1799 introisset
1061 1731 1098 1797 in
1115 1731 1254 1798 domum
1273 1755 1295 1798 α
1315 1730 1415 1799 turba
1434 1733 1505 1798 ie.

174 1861 254 1906 cum
270 1838 411 1906 domurn
427 1839 588 1919 venisset,
605 1861 690 1926 ergo
710 1858 790 1904 cum
805 1845 891 1906 esset
908 1837 1021 1917 domi,
1047 1836 1086 1904 in
1108 1837 1211 1904 domo
1227 1860 1289 1905 sua
1308 1839 1342 1904 in
1359 1839 1510 1929 Caphar-
1598 1926 1600 1930 .

172 1968 294 2026 naum,
318 1947 370 2012 vel
385 1966 464 2011 cum
477 1945 512 2009 in
532 1942 683 2035 aliquem
698 1946 855 2031 intrasset
868 1944 1025 2022 domum,
1044 1942 1299 2035 interrogabant
1311 1967 1389 2011 eum
1409 1943 1509 2012 disei-

168 2053 248 2143 puli
269 2052 342 2119 eins
368 2049 594 2142 parobolam,
622 2053 664 2118 de
690 2073 789 2118 sensu
820 2051 1139 2141 apophthegmatis;
1161 2051 1325 2140 parabola
1351 2051 1443 2118 enim
1458 2055 1510 2118 est

171 2160 188 2220 ὀ
209 2154 360 2232 σκοτεινὸς
374 2153 465 2243 λόγος
483 2157 682 2248 (Themin),
705 2156 740 2220 τὸ
759 2152 887 2246 αἴνιγμα
906 2157 1057 2246 (Eutt.);
1073 2157 1210 2247 ponitur
1225 2159 1316 2224 enim
1330 2180 1394 2247 pro
1406 2157 1507 2224 hebr.

171 2254 256 2359 buit?-
276 2265 413 2331 lliratur
431 2264 582 2331 Christus
601 2264 785 2354 discipulos
806 2263 960 2331 nondum
975 2265 1126 2351 attigisse
1147 2286 1282 2332 sensum
1301 2287 1334 2331 v.
1357 2270 1397 2331 18
1412 2277 1446 2331 et
1459 2263 1511 2330 ait

172 2378 241 2448 illis
256 2402 268 2448 .·
281 2380 329 2447 sic
348 2393 381 2446 et
400 2402 457 2446 vos
479 2378 709 2470 imprudentes
727 2380 828 2446 estis?
845 2379 940 2453 οὕτως
952 2379 1104 2447 adeone?
1121 2401 1228 2468 usque
1249 2379 1294 2447 ad
1309 2380 1414 2447 talem
1428 2399 1510 2466 gra-

62 2563 65 2570 ,
172 2486 254 2554 dum
270 2488 373 2554 etiam
389 2509 449 2553 vos
466 2487 545 2553 estis
562 2487 784 2577 insipientes?
802 2508 870 2553 non
886 2486 1074 2575 intelligitis
1090 2487 1168 2575 quio
1187 2508 1285 2553 omne
1303 2486 1510 2554 extrinsecus

171 2594 334 2660 introiens
353 2594 389 2660 in
410 2592 583 2660 hominem
605 2615 673 2659 non
685 2606 801 2683 potest
818 2615 896 2660 eum
922 2593 1193 2673 communicare,
1213 2593 1412 2684 inquinare,
1430 2592 1509 2660 red·

173 2700 475 2791 derep’rolanum,
496 2721 612 2767 arcere
631 2722 652 2766 a
672 2699 791 2774 sacris:
809 2706 933 2767 cuncta
950 2700 1043 2766 enim
1062 2705 1164 2767 alteo
1179 2706 1256 2766 sunt
1271 2708 1401 2784 creata,
1420 2699 1510 2767 unde

173 2807 261 2884 nibil
278 2829 389 2896 perse
405 2813 455 2874 cst
466 2807 696 2884 immundum,
715 2806 803 2872 nihil
815 2827 926 2895 perse
938 2827 1052 2873 coram
1067 2811 1134 2874 Deo
1149 2805 1380 2873 abominabile
1394 2811 1510 2873 etma-

172 2913 245 2980 lum
262 2914 402 3002 eiusque
416 2912 495 2979 odio
507 2913 717 2995 subiectum3
733 2912 886 3002 viditque
899 2916 985 2978 [teus
998 2919 1121 2979 cuncta
1128 2934 1217 3002 quae
1227 2913 1353 2980 fecerat
1366 2918 1399 2979 et
1411 2919 1511 2980 erant

173 3019 273 3088 valde
283 3019 376 3086 bona
386 3020 482 3108 (Gen.
497 3019 603 3108 1,31),
617 3040 723 3109 opera
733 3020 868 3086 Domini
878 3019 1037 3086 universa
1045 3018 1133 3087 bona
1144 3018 1241 3085 valde
1252 3019 1364 3108 (Eccli.
1376 3019 1507 3108 3921).

175 3131 214 3193 Et
229 3127 400 3192 rationem
415 3125 529 3192 reddit
543 3125 705 3206 Christus,
719 3126 801 3214 quia
816 3147 856 3192 ea
871 3125 906 3191 in
922 3147 958 3191 rc
972 3124 1106 3192 tamdiu
1119 3125 1207 3191 nihil
1221 3126 1302 3192 mali
1316 3148 1385 3193 esse
1399 3131 1511 3215 potest

175 3232 341 3322 quamdiu
351 3231 462 3298 solum
475 3238 618 3299 naturae
628 3232 819 3298 institutum
832 3232 947 3318 agitur
958 3252 1068 3320 neque
1078 3231 1223 3297 hominis
1235 3233 1382 3316 animus,
1393 3232 1512 3299 volun·

176 3346 226 3406 tas
238 3338 421 3425 attingitur
434 3361 467 3404 v.
486 3345 526 3406 19
540 3339 622 3429 quio
637 3361 706 3405 non
720 3338 827 3405 intrat
843 3339 879 3403 in
893 3359 950 3404 cor
962 3337 1053 3418 eins,
1070 3337 1167 3406 cibus
1179 3360 1242 3428 per
1255 3361 1290 3405 se
1306 3361 1377 3405 non
1392 3340 1511 3426 ingre·

175 3443 267 3511 ditur
286 3467 357 3525 cor,
379 3467 449 3511 non
465 3446 573 3512 inlicit
590 3446 800 3512 intellectum
815 3452 848 3510 et
866 3445 1095 3529 voluntatem,
1117 3445 1164 3511 ita
1180 3451 1217 3511 ut
1230 3467 1292 3535 per
1306 3468 1342 3512 se
1361 3446 1511 3513 hominis

174 3550 344 3618 sentiendi
356 3551 552 3641 agendique
567 3552 715 3618 rationes
729 3553 765 3617 in
778 3550 907 3617 malurn
921 3556 1108 3641 pervertat,
1126 3551 1184 3618 sed
1201 3574 1339 3619 cursum
1354 3559 1512 3620 enatura

175 3657 369 3725 institutum
377 3659 526 3746 peragit,
537 3657 596 3724 sed
603 3658 794 3724 inventrem
802 3656 978 3724 voditetin
986 3679 1150 3724 secessum
1160 3658 1229 3725 exit
1234 3680 1389 3749 purgans
1398 3681 1513 3726 omnes

176 3783 283 3848 escas,·
299 3755 469 3851 καθαρίζων
482 3765 543 3854 qui
559 3764 631 3831 scil.
649 3785 796 3831 secessus
814 3753 949 3851 ἅφεδρών
959 3770 1095 3854 ,ριιτςαί
1109 3786 1226 3831 omnes
1239 3787 1331 3832 escas
1346 3765 1513 3855 (nomina-

175 3871 265 3937 tivus
284 3870 457 3960 participii
482 3870 690 3960 quandoque
714 3871 854 3959 ponitur
867 3870 961 3959 apud
985 3875 1126 3937 Graecos
1143 3866 1365 3952 ἀνακολούθως,
1382 3870 1434 3938 uti
1453 3872 1512 3940 hio

175 3975 299 4059 habes,
316 3982 349 4043 et
368 3977 538 4066 appositio
554 3978 689 4065 saepius
704 3975 844 4043 additur
857 3975 893 4041 in
913 3977 1140 4054 nominalium
1162 3977 1205 4043 cl.
1225 3981 1414 4045 Buttmann
1432 3980 1457 4045 1.
1479 4001 1509 4047 c.

175 4105 211 4173 p.
228 4089 269 4151 68
280 4085 380 4174 seq).
399 4085 530 4170 Purgat
544 4090 659 4149 autem
675 4083 789 4149 cloaca
803 4071 969 4170 (ἀφεδρών)
982 4104 1085 4165 escas,
1101 4085 1277 4174 quinquae
1290 4086 1513 4154 inutiliasunt

175 4196 401 4257 secernuntur
414 4212 455 4256 ac
474 4189 696 4266 deiiciuntur;
718 4217 733 4250 ι(
758 4210 819 4278 per
837 4188 901 4256 hoc
916 4189 1006 4255 enim
1024 4189 1115 4279 quod
1132 4197 1255 4258 natura
1268 4194 1378 4280 egerit
1391 4215 1511 4284 super-

176 4296 284 4363 lluum
304 4296 477 4377 alimenti,
499 4296 535 4361 id
554 4295 648 4386 quod
670 4302 825 4362 remanet
845 4296 1005 4384 purificat
1023 4303 1179 4386 separato
1202 4300 1374 4388 supertluo
1395 4304 1429 4367 et
1448 4300 1512 4366 im-

176 4402 305 4470 mundo
318 4426 339 4469 a
352 4403 482 4470 mundo
493 4409 526 4469 et
538 4402 725 4470 necessario
740 4428 756 4462 ι)
771 4401 884 4491 (Dion.
902 4403 975 4469 sim.
988 4402 1063 4470 Alb.
1080 4405 1170 4470 lons.
1187 4409 1271 4495 Lep.
1289 4405 1399 4474 Calan.
1413 4406 1508 4495 etc).

221 4509 348 4577 Scribit
364 4512 402 4579 S.
427 4510 685 4600 Chrysostomns
704 4509 810 4596 (hom.
829 4516 869 4576 51
890 4510 935 4575 al.
949 4514 1068 4577 52n.t
1085 4512 1120 4577 in
1135 4512 1250 4578 llatth.
1273 4515 1320 4578 Μ.
1344 4517 1480 4597 58,515)
1500 4534 1509 4581 :

176 4618 305 4682 Marcus
314 4615 416 4684 dicit:
431 4639 583 4706 purgans
593 4639 710 4684 omnes
720 4614 813 4682 cibos
824 4617 909 4683 hacc
919 4616 1053 4683 dicebat
1063 4619 1231 4701 Christus;
1244 4618 1334 4686 unde
1344 4610 1512 4708 καθαριῖων

176 4722 281 4788 refert
295 4721 339 4787 ad
358 4724 441 4812 λέγει
461 4746 493 4790 v.
519 4730 559 4791 18
579 4731 612 4791 et
631 4723 736 4790 verba
752 4721 838 4789 haec
856 4722 973 4791 addita
987 4746 1057 4791 esse
1070 4747 1090 4791 a
1104 4730 1212 4792 llarco
1228 4725 1428 4817 indicatqui
1442 4749 1512 4816 quo

177 4828 286 4895 oratio
298 4828 421 4896 Christi
434 4830 553 4898 tendat
571 4830 757 4918 significet;
779 4829 922 4919 proinde
941 4832 1006 4898 hac
1029 4832 1255 4922 explicatione
1270 4831 1412 4900 adderet
1427 4838 1511 4901 llar-

176 4957 236 5003 cus
256 4936 405 5026 quadam
425 4940 733 5029 praeoccupatione
751 4936 842 5003 idem
860 4938 953 5026 quod
971 4944 1088 5028 postea
1110 4945 1205 5008 Petro
1227 4939 1421 5010 dictumest
1436 4948 1508 5010 Act.
