3960 5654
116 406 119 412 ’
201 447 260 506 aaa
713 457 809 516 aare.
837 440 886 512 13,
910 437 1013 498 as-ao.

200 597 301 683 signa
311 595 354 660 sit
363 594 543 672 secuturus
557 587 737 672 adventus,
751 586 1190 680 quemadmodumcertum
1203 593 1251 654 est
1261 596 1294 655 et
1304 588 1532 656 necessarium

203 710 239 771 11
260 695 519 788 'gemmantibus
543 694 725 765 arboribus
744 704 854 763 aestas
873 693 1047 775 adveniat;
1072 696 1171 764 tertio
1189 694 1376 780 significari
1395 715 1532 783 quoque

201 812 309 898 potest
329 801 589 891 comparatione
606 803 663 886 illa
677 824 838 883 amoena,
856 799 1037 866 horribilia
1055 802 1116 870 illa
1135 804 1234 889 signa
1252 824 1318 868 non
1330 799 1533 893 portendere

201 909 601 978 fidelihusimminentem
611 912 779 977 malorum
788 906 1530 1000 tempestatemetvelutihiememquandam‚

200 1018 259 1085 sed
277 1017 344 1083 illis
358 1015 503 1081 indicari
519 1038 635 1082 rerum
655 1020 810 1084 omnium
826 1014 1011 1080 iucundam
1030 1015 1305 1083 immutationem
1324 1022 1356 1082 et
1372 1013 1534 1082 lelicioris

205 1124 363 1212 temporis
374 1129 448 1210 post
456 1124 675 1211 asperitatem
687 1122 1029 1189 vitaesuccessionem
1039 1122 1143 1189 veluti
1154 1122 1289 1190 aestatis
1299 1128 1373 1211 post
1385 1123 1532 1189 hiemem

218 1231 370 1298 111111.
393 1282 399 1293 .
1478 1287 1488 1304 .

204 1233 214 1320 i
249 1342 319 1414 Quo
333 1231 442 1422 meigis
454 1336 573 1404 efferat
584 1336 759 1402 doctrinae
768 1355 849 1399 suae
863 1341 897 1400 et
911 1333 1060 1401 vaticinii
1076 1337 1253 1402 veritatem
1269 1341 1302 1400 et
1316 1335 1531 1420 gravitatem,

205 1444 273 1510 duo
295 1442 391 1509 addit
410 1443 508 1532 quasi
530 1440 801 1508 confirmationis
824 1441 917 1519 101ος
937 1443 1032 1530 prius
1048 1440 1085 1507 in
1104 1465 1136 1510 v.
1157 1449 1200 1510 30
1214 1463 1315 1508 amen
1333 1440 1408 1507 dico
1422 1439 1531 1519 vobio,

202 1553 365 1641 quoniam
378 1572 448 1617 non
461 1547 616 1615 transibit
627 1547 800 1637 qeneratio
812 1546 913 1627 boec,
927 1547 1032 1615 donec
1045 1549 1160 1622 omnia
1173 1549 1237 1616 isto
1244 1551 1352 1638 fiont,·
1364 1568 1535 1637 quaenam

203 1661 246 1724 sit
259 1657 435 1744 generatio
450 1655 546 1737 haec,
564 1657 658 1721 varie
672 1655 958 1741 interpretantur3
974 1653 1082 1744 aliqui
1097 1655 1270 1744 accipiunt
1280 1655 1321 1722 de
1334 1653 1535 1744 aequalibus

205 1764 328 1832 Christi
346 1763 429 1852 quia
449 1760 601 1828 Christus
620 1761 656 1826 iu
677 1760 874 1827 universum
899 1747 1070 1851 supponat
1088 1759 1273 1851 discipulos
1295 1763 1442 1828 victuros
1464 1781 1536 1828 esse

204 1893 312 1960 usque
334 1869 376 1936 ad
398 1889 499 1936 suum
515 1867 703 1934 adventum
723 1868 873 1955 (Weiss),
894 1867 930 1933 id
950 1867 1043 1956 quod
1057 1867 1252 1934 nullatenus
1264 1869 1397 1935 admitti
1409 1872 1533 1957 potest.

204 1978 344 2044 Nomine
354 1975 585 2061 generationis
597 1982 657 2039 aut
672 1995 774 2040 omne
785 1973 963 2039 hominum
974 1994 1084 2059 genus
1093 1973 1266 2061 significat
1277 1980 1336 2040 111
1345 1973 1538 2063 specialiter

206 2083 428 2161 ludaeorum,
452 2079 573 2167 scribit
596 2084 634 2149 S.
662 2081 756 2146 Hier.
781 2102 884 2168 quem
908 2089 1098 2169 sequuntur
1120 2080 1202 2148 Bed.
1224 2081 1313 2164 r·il.,·
1330 2087 1365 2148 at
1380 2080 1537 2148 homines

204 2191 276 2256 fore
292 2195 328 2255 ut
342 2189 502 2254 exsistant
514 2209 622 2276 usquc
635 2186 680 2252 ad
696 2187 819 2253 Christi
836 2187 1034 2269 adventum,
1049 2192 1140 2256 certe
1156 2208 1447 2277 supervacaneum
1464 2192 1537 2254 erat

204 2314 369 2373 asserere3
391 2315 503 2383 neque
524 2292 592 2360 dici
612 2298 722 2383 potest
745 2294 1000 2379 generationem
1018 2293 1249 2376 credentium,
1268 2295 1451 2361 electorum
1467 2314 1536 2360 non

205 2426 275 2470 esse
290 2424 439 2490 eousque
455 2408 662 2468 cessaturam
679 2399 841 2489 (Theopla.
862 2401 949 2485 Coi.)
963 2423 971 2482 3
985 2422 1066 2466 nam
1080 2401 1116 2467 id
1130 2423 1267 2491 quoque
1279 2403 1360 2468 satis
1371 2400 1537 2467 inutiliter

204 2510 447 2577 affirmaretur.
463 2507 557 2574 ldem
566 2506 634 2572 dici
645 2506 749 2572 debet
759 2506 802 2573 de
814 2507 983 2573 sententia
995 2528 1099 2596 quam
1111 2509 1538 2597 proposuitKlostermann

210 2616 313 2707 (apud
329 2615 480 2702 Schanz)
498 2614 595 2704 sequi
614 2636 653 2679 ex
668 2613 807 2680 notione
823 2613 926 2680 huius
938 2615 1170 2700 generationis
1185 2637 1241 2682 eos
1259 2616 1317 2705 qui
1334 2615 1457 2682 victuri
1470 2614 1540 2682 sint

205 2733 360 2812 tempore
380 2722 568 2812 apostasiae
584 2741 732 2807 magnae
747 2721 851 2787 etiam
868 2721 998 2787 visuros
1015 2743 1085 2788 esse
1100 2743 1142 2788 11
1162 2722 1298 2810 quaein
1316 2745 1347 2788 v.
1366 2702 1538 2789 16111111-

205 2836 273 2896 tur.
299 2830 400 2895 Proin
426 2828 577 2894 Christus
600 2827 711 2893 solum
733 2829 929 2894 enuntiaret
949 2850 1005 2895 eos
1028 2829 1087 2918 qui
1107 2829 1208 2915 signa
1228 2830 1368 2918 praevia
1388 2830 1539 2896 viderint

207 2937 310 3002 etiam
323 2935 454 3001 visuros
471 2956 560 3023 quae
577 2956 655 3000 mox
669 2940 785 3022 postea
799 2941 964 3002 eventura
978 2935 1056 3001 sint.
1074 2939 1196 3002 Vocem
1210 2935 1254 3002 ad
1271 2937 1416 3003 alienam
1433 2937 1539 3003 notio

207 3064 286 3109 nem
307 3041 514 3129 detorquent
533 3042 624 3106 lausa
645 3042 753 3127 any
774 3062 785 3105 :
810 3040 899 3105 hanc
921 3040 1041 3107 mundi
1063 3046 1209 3108 aetatem
1230 3048 1263 3109 et
1281 3044 1428 3110 formam
1450 3065 1539 3132 quae

208 3171 270 3239 per
289 3146 461 3233 evangelii
486 3145 779 3235 praedicationem
803 3154 875 3212 tum
894 3153 1013 3235 coepta
1035 3147 1077 3213 sit
1096 3169 1167 3214 esse
1189 3150 1405 3216 novissimam
1426 3172 1538 3240 neque

208 3260 344 3345 praeter
364 3275 439 3320 eam
455 3253 559 3320 aliam
579 3273 651 3319 esse
671 3252 932 3342 exspectandam
952 3254 1162 3340 singularem
1180 3255 1273 3323 orbis
1295 3258 1537 3339 mutationem,

208 3362 315 3428 donec
338 3361 455 3427 omnia
477 3359 597 3425 fierent
616 3381 705 3448 quae
725 3359 924 3426 dictasunt.
944 3360 1119 3450 adquam
1134 3364 1364 3452 acceptionem
1384 3364 1539 3452 proxime

209 3490 344 3558 quoque
356 3466 488 3534 accedit
498 3464 606 3532 Mald.
620 3467 679 3554 qui
693 3473 806 3533 censet
816 3467 1072 3553 generationem
1086 3468 1151 3534 hoc
1165 3469 1236 3536 loco
1251 3470 1416 3559 appellari
1430 3477 1538 3538 totum

208 3573 379 3642 mundum
390 3579 494 3662 atque
505 3593 643 3638 sensum
657 3594 727 3638 esse
742 3595 751 3637 ε
766 3572 852 3639 adeo
866 3578 959 3639 certa
972 3580 1052 3640 sunt
1064 3596 1153 3664 quae
1165 3576 1315 3643 Christus
1326 3576 1541 3666 praedixerat

208 3688 249 3770 ¹ut
263 3703 330 3747 non
348 3687 427 3747 ante
444 3678 615 3745 liniendus
629 3680 671 3744 sit
686 3677 835 3744 mundus
850 3700 955 3768 quam
970 3681 1162 3764 evenerint;
1180 3682 1284 3772 idque
1299 3684 1416 3771 colligi
1429 3685 1541 3753 mani·

211 3789 293 3856 leste
312 3786 593 3875 exsequentibus
612 3787 785 3874 opinatur.

256 3895 371 3962 Omnis
392 3892 511 3980 utique
526 3898 742 3958 evanesceret
760 3891 959 3973 difficultas,
980 3894 1008 3960 si
1025 3894 1130 3962 verba
1149 3919 1190 3963 11
1208 3905 1344 3987 possent
1360 3899 1482 3967 relerri
1497 3900 1541 3968 ad

211 4002 443 4069 calamitatem
460 3997 632 4065 iudaicam
646 4020 735 4087 quae
748 4005 847 4066 autea
863 4000 1037 4089 praedicta
1051 4010 1101 4069 est
1114 4009 1175 4070 aut
1189 4005 1217 4070 si
1232 4010 1307 4094 post
1322 4005 1408 4073 illud
1422 4008 1541 4075 vatici-

214 4110 309 4175 nium
329 4108 574 4173 insererentur.
596 4109 680 4171 Tum
700 4107 852 4172 Christus
868 4107 1064 4197 loqueretur
1083 4108 1125 4176 de
1148 4114 1368 4198 generatione
1387 4115 1467 4198 hac,
1492 4115 1542 4181 uti

213 4215 305 4282 haud
325 4236 419 4293 raro,
436 4213 622 4299 designans
636 4212 707 4278 scil.
729 4212 869 4279 ludaeos
887 4214 1044 4303 aequales
1063 4239 1153 4285 suos.
1176 4221 1331 4296 Quamvis
1346 4222 1467 4308 negari
1481 4243 1542 4288 ne-

213 4327 316 4409 queat
338 4319 600 4387 similitudinem
624 4341 645 4384 a
668 4319 734 4384 sicu
764 4317 1001 4410 depromptam
1021 4325 1157 4412 aequali
1182 4326 1282 4393 modo
1308 4328 1419 4395 valere
1443 4329 1543 4396 etde

212 4429 310 4514 signo
333 4426 424 4517 quod
440 4449 504 4516 pro
522 4426 671 4492 instante
687 4425 782 4491 urbis
797 4427 897 4493 ruina
912 4427 1029 4495 datum
1041 4431 1084 4497 sit
1101 4454 1133 4497 v.
1155 4439 1196 4499 rt
1211 4433 1301 4500 etde
1320 4435 1427 4521 signis
1443 4434 1544 4503 alteri

213 4534 335 4600 Christi
351 4533 515 4600 adventui
526 4535 689 4622 praeviis,
705 4539 819 4599 tamen
830 4538 948 4623 nequit
960 4537 1033 4602 11111
1050 4539 1203 4605 utsolum
1219 4539 1263 4607 ad
1274 4542 1426 4631 priorem
1441 4566 1543 4611 even-

198 4629 285 4706 'tum
303 4639 471 4706 referatur
486 4663 526 4706 10
544 4640 710 4719 11111010
731 4662 838 4728 eoque
861 4644 1028 4709 orationis
1044 4650 1215 4730 contextu,
1233 4648 1267 4713 in
1282 4670 1350 4738 quo
1370 4649 1462 4739 apud
1478 4657 1544 4718 tres

211 4746 404 4836 synopticos
414 4747 553 4833 legitur.
569 4751 678 4824 Quare
691 4748 879 4814 necessario
889 4748 934 4814 ad
948 4756 1131 4842 utrumque
1141 4761 1299 4821 eventum
1309 4762 1438 4846 spectat
1448 4758 1543 4826 ideo-

213 4876 280 4944 que
295 4854 471 4940 generatio
487 4854 572 4920 haec
586 4855 714 4944 pariter
732 4856 777 4921 ita
793 4856 926 4945 concipi
943 4857 1045 4926 debet
1060 4865 1097 4926 ut
1109 4860 1154 4926 ad
1173 4868 1308 4952 tempus
1327 4862 1467 4932 secundi
1480 4864 1544 4934 ad-
