3960 5654
192 528 251 589 ⁴06
735 544 826 587 unae.
852 528 901 594 t5,
925 527 986 585 2-5.

193 681 293 744 misso
306 679 313 719 ¹
330 683 364 739 et
381 673 500 738 caedes
513 679 546 738 et
561 674 760 742 continuam
773 686 807 743 et
822 674 1072 743 intolerabilem
1086 675 1278 742 saevitiam.
1302 677 1381 743 inde
1394 674 1528 741 conclu-

193 786 275 850 dere
298 780 375 844 lieet
390 786 516 867 quanto
533 780 569 844 in
590 783 697 848 lesum
720 784 799 848 odio
816 783 1051 864 flagraverint,
1076 804 1154 848 cum
1169 803 1247 847 euni
1263 783 1308 848 ad
1325 784 1425 849 talem
1446 803 1527 870 pro-

191 892 384 954 curatorem
400 909 504 976 quem
519 887 809 955 abominabantur
828 886 1000 955 deferrent
1013 896 1047 954 et
1064 888 1107 954 ab
1130 911 1169 955 eo
1184 887 1437 955 crucifixionem
1452 887 1527 953 eius

194 993 435 1077 efflagitarent.

238 1100 342 1175 Quale
367 1101 494 1166 crimen
519 1105 593 1165 lesu
612 1102 705 1191 apud
727 1101 870 1166 Pilatum
894 1100 1137 1190 imputaverint
1164 1100 1339 1185 colligitur
1358 1125 1398 1167 ex
1420 1100 1532 1166 verbis

193 1205 292 1271 Pilati
309 1230 339 1272 v.
359 1214 423 1272 det
439 1208 661 1296 interroqaoit
677 1229 753 1273 eam
764 1206 896 1272 Pilatus
914 1228 925 1271 :
940 1221 976 1271 tu
989 1228 1023 1271 es
1032 1228 1092 1271 rex
1104 1206 1334 1273 ludaeorum?
1350 1211 1393 1273 At
1405 1207 1462 1274 ille
1477 1229 1530 1273 re-

194 1312 361 1400 spondeas
380 1313 430 1378 ait
448 1311 525 1402 illi:
545 1326 581 1379 ta
599 1314 703 1393 dicas·
719 1312 868 1378 affirmat
883 1318 973 1378 lesus
991 1333 1119 1377 severe
1138 1335 1209 1379 esse
1225 1333 1357 1398 regem3
1378 1313 1437 1380 sed
1452 1334 1531 1379 eum

194 1419 297 1484 simul
312 1420 495 1507 explicasse
512 1423 615 1509 quale
633 1426 718 1485 esset
733 1440 831 1483 suum
850 1440 1008 1504 regnum,
1029 1440 1096 1505 quo
1113 1419 1199 1485 nibil
1212 1419 1332 1484 damni
1349 1421 1533 1486 inferretur

195 1526 339 1614 imperio
353 1547 511 1606 romano,
525 1528 573 1592 ita
584 1534 621 1592 ut
635 1526 678 1592 ad
693 1515 960 1590 satisfactionem
974 1525 1069 1590 Pilati
1082 1527 1251 1591 accusatio
1261 1526 1362 1615 plane
1381 1525 1533 1592 destrue-

195 1639 301 1711 retur,
328 1637 422 1720 patet
440 1653 480 1696 ex
501 1632 602 1697 modo
624 1653 692 1720 quo
720 1631 844 1696 Pilatus
868 1633 968 1697 talem
991 1652 1109 1717 regem
1135 1631 1337 1698 ludaeorum
1358 1631 1533 1698 dimittere

197 1738 344 1804 liberum
356 1737 467 1804 studet
481 1760 511 1803 v.
528 1746 559 1804 9.
576 1745 628 1804 12.
646 1745 684 1804 lt
696 1739 838 1824 eiusque
846 1737 890 1803 ab
901 1738 995 1803 omni
1006 1738 1408 1804 crimineimmunitatem
1417 1738 1534 1827 palam

196 1845 364 1909 enuntiat.
387 1849 496 1919 Quare
519 1842 720 1909 brevissima
738 1845 836 1909 Marci
856 1844 1007 1909 narratio
1026 1844 1234 1909 sufficienter
1253 1866 1292 1908 ex
1312 1844 1536 1932 sequentibus

196 1950 396 2015 illustratur.
422 1949 599 2026 Quomodo
621 1955 709 2015 lesus
729 1957 887 2015 naturam
908 1949 959 2014 sui
979 1950 1079 2034 regni
1102 1952 1314 2038 procuratori
1342 1950 1536 2038 exposuerit

196 2063 359 2122 narratur
370 2062 463 2121 loan.
480 2061 655 2135 18‚33-38.
669 2062 778 2143 Atque
791 2054 916 2122 Pilatus
924 2078 963 2121 eo
973 2055 1106 2121 facilius
1119 2055 1233 2121 verbis
1244 2056 1426 2122 eiusfidem
1438 2055 1536 2122 adhi-

196 2163 271 2227 buit
287 2162 394 2250 iisque
409 2163 580 2250 acquievit
595 2164 677 2250 quia
691 2185 769 2227 eum
793 2162 933 2228 minime
951 2161 1078 2227 latebat
1096 2161 1236 2228 ludaeos
1249 2185 1351 2249 aegre
1367 2163 1456 2229 ferre
1471 2163 1533 2227 do·

199 2269 420 2334 minationem
444 2291 624 2334 romanam
649 2291 794 2357 eamque
813 2269 900 2333 velle
922 2276 1093 2346 excutere;
1116 2269 1209 2335 unde
1231 2270 1344 2335 statim
1366 2270 1537 2358 perspexit

196 2374 291 2441 illam
302 2376 550 2441 accusationem
570 2396 640 2441 non
657 2376 719 2440 niti
740 2377 899 2455 veritate,
912 2374 970 2440 sed
984 2376 1127 2463 proferri
1148 2375 1193 2440 ob
1207 2398 1344 2442 oausam
1364 2376 1466 2462 longe
1483 2376 1536 2442 di-

196 2502 347 2561 versam;
364 2504 420 2547 eos
436 2482 528 2547 enim
541 2483 601 2569 qui
616 2489 737 2546 contra
756 2486 925 2547 Romanos
938 2481 1126 2570 quidquam
1151 2481 1380 2547 moliebantur
1401 2488 1536 2548 tantum

196 2589 343 2654 abluisse
361 2588 489 2654 sciebat
504 2595 541 2653 ut
553 2594 752 2654 accusarent
765 2587 878 2654 ludaei
891 2595 928 2652 ut
940 2587 1033 2653 omni
1048 2588 1178 2653 ratione
1193 2609 1250 2654 eos
1262 2589 1415 2654 foverent
1427 2595 1460 2653 et
1479 2610 1536 2654 ce-

196 2695 380 2760 lebrarent.
396 2699 468 2771 Qua
482 2695 574 2760 dere
589 2694 666 2760 vide
678 2694 771 2784 apud
782 2695 973 2784 losephum,
987 2696 1098 2784 antiq.
1115 2700 1204 2776 18‚1.
1221 2703 1251 2760 t.
1266 2701 1304 2772 ὃς
1320 2695 1437 2783 etipse
1451 2694 1538 2762 Pila·

198 2808 250 2866 tus
271 2801 335 2865 iam
354 2808 511 2889 expertus
525 2808 600 2867 erat
614 2824 682 2867 non
701 2801 806 2867 semel
824 2809 952 2890 quanta
965 2804 1182 2867 contumacia
1199 2800 1315 2867 ludaei
1334 2801 1537 2868 obsisterent

198 2907 369 2972 mandatis
381 2909 449 2971 suis
466 2909 524 2994 (cf.
541 2908 656 2995 Antiq.
681 2913 770 2986 18,3.
792 2914 821 2973 1.
840 2914 879 2988 2;
896 2907 976 2973 Bell.
995 2907 1066 2973 iud.
1086 2914 1154 2987 2‚9.
1172 2909 1307 2995 Pseq).
1327 2912 1408 2973 Cum
1432 2907 1539 2992 igitur

198 3013 310 3102 prima
322 3013 538 3079 accusatione
551 3012 641 3079 nihil
654 3020 739 3079 esset
749 3014 923 3091 effectum,
937 3013 1004 3079 alia
1015 3013 1203 3079 afferebant
1214 3036 1247 3080 v.
1261 3020 1322 3079 liet
1332 3012 1539 3078 accusabam

198 3142 277 3185 eum
289 3119 613 3185 sirrrrmisacerdotes
626 3120 662 3184 ia
674 3120 809 3202 maeleim·
822 3123 926 3181 auita
937 3127 1046 3209 posset
1059 3142 1119 3208 per
1128 3141 1163 3185 se
1174 3119 1321 3206 intelligi
1332 3127 1409 3186 aut:
1426 3118 1537 3185 multa

197 3228 228 3292 ei
240 3227 384 3292 crimina
394 3226 620 3305 obiiciebant‚
635 3233 695 3291 aut
706 3225 853 3292 mrcltam
863 3234 895 3292 et
908 3225 1127 3292 vehementer
1137 3247 1217 3291 eum
1228 3226 1446 3292 accusabant.
1463 3230 1540 3292 Esse

198 3333 294 3421 prius
309 3332 547 3420 explicandum
564 3339 657 3420 patet
672 3340 743 3397 tum
762 3355 801 3398 ex
815 3332 864 3398 rei
880 3340 1018 3412 natura;
1037 3354 1115 3397 cum
1133 3332 1226 3398 enim
1245 3332 1356 3420 prima
1369 3333 1539 3398 accusatio

200 3438 400 3504 concidisset
416 3439 503 3504 aliae
518 3438 692 3505 debebant
710 3439 872 3528 proferri;
888 3445 962 3504 tum
977 3447 1069 3526 patet
1084 3461 1123 3504 ex
1139 3440 1336 3526 quaestione
1353 3437 1449 3504 Pilati
1465 3461 1498 3502 v.
1519 3445 1538 3505 t

198 3543 278 3606 πόσα.
302 3553 386 3625 etc.;
414 3567 586 3633 quaenam
607 3545 828 3634 protulerint,
856 3545 1016 3611 discimus
1040 3551 1118 3612 Luc.
1145 3551 1281 3625 23,2-5;
1305 3567 1337 3610 v.
1363 3551 1380 3610 t
1408 3543 1541 3610 Pilatus

199 3664 458 3718 cartemianum
475 3651 697 3739 interropavz't
710 3675 788 3717 eam
804 3651 918 3718 diceas
929 3673 941 3717 .·
954 3674 1022 3717 nori
1034 3650 1213 3741 respondes
1223 3650 1437 3740 quidquam?
1449 3650 1537 3734 vide,

199 3760 235 3824 in
250 3758 386 3847 quantis
399 3770 430 3824 te
445 3771 630 3842 accusant;
644 3783 677 3825 v.
696 3768 714 3825 5
732 3762 822 3825 lesus
836 3771 951 3824 autem
967 3760 1115 3847 amplias
1130 3757 1220 3823 nr'lril
1232 3757 1422 3846 respondit,
1438 3758 1486 3823 ita
1503 3771 1541 3823 at

200 3867 384 3931 miraretur
405 3865 538 3931 Pilatus
544 3886 559 3949 ,·
574 3866 791 3954 procuratori
811 3872 977 3953 quantum
993 3865 1072 3931 satis
1086 3872 1159 3931 erat
1178 3886 1314 3930 causam
1331 3868 1420 3929 iesus
1439 3887 1540 3952 expo

200 3974 283 4051 suit;
302 3972 360 4037 ille
382 3973 450 4037 iam
472 3973 647 4061 perspexit
666 3971 751 4037 falso
766 3979 800 4037 et
821 3971 1031 4037 mendaciter
1049 3977 1156 4036 lesum
1178 3973 1331 4036 accusari
1350 3993 1462 4059 neque
1486 3993 1540 4036 re-

200 4079 313 4166 petitis
329 4079 602 4145 accusationibus
615 4102 636 4144 a
649 4080 816 4144 sententia
830 4079 1036 4157 dimovetur,
1055 4078 1136 4165 quia
1148 4077 1243 4143 varia
1258 4083 1364 4143 tentat
1381 4083 1416 4142 ut
1432 4082 1540 4144 lesum

203 4185 310 4251 libero
325 4185 489 4266 dimittat;
508 4193 584 4251 erat
599 4186 715 4273 itaquo
730 4184 911 4270 dignitatis
927 4189 996 4250 lesu
1012 4187 1079 4249 iam
1095 4183 1184 4249 nihil
1199 4184 1420 4272 respondere;
1441 4185 1542 4250 mira-

202 4291 427 4358 liaturautom
443 4292 568 4358 Pilatus
584 4293 664 4380 quia
677 4314 754 4357 cum
766 4300 878 4380 posset
889 4313 950 4379 per
962 4290 1192 4356 defensionem
1202 4291 1399 4377 abstergere
1411 4290 1541 4357 calum-

202 4397 275 4463 nias
295 4399 380 4463 nihil
401 4399 540 4479 dicerct‚
566 4398 625 4464 sed
646 4400 827 4465 sustineret
846 4397 979 4463 fortiter
997 4397 1201 4478 calumnias3
1221 4398 1365 4464 miratur
1383 4399 1455 4463 eius
1472 4398 1541 4464 cel-

202 4503 385 4570 situdinem
412 4505 513 4592 (Vici.
539 4505 715 4594 linopola).

235 4651 257 4692 1.
274 4644 356 4701 Philo.
378 4646 408 4694 de
431 4647 559 4709 legatione
575 4648 608 4697 ad
624 4648 711 4697 carium
725 4649 736 4709 ἓ
759 4651 788 4696 38
801 4646 940 4695 accusatio
957 4659 987 4695 eo
1005 4648 1046 4700 τὰς
1060 4646 1218 4710 δωροδοκίας,
1242 4647 1284 4701 τὰς
1304 4648 1391 4708 tepora
1406 4647 1448 4701 τὰς
1463 4650 1542 4711 ἁρπα-

201 4727 254 4786 γὰς,
266 4728 309 4780 τὰς
321 4726 408 4783 alaim„
421 4729 463 4781 τὰ;
476 4730 598 4794 ἐπηρείας,
613 4731 669 4783 sofr:
681 4730 794 4791 ἀκρίτους
805 4730 847 4776 καὶ
861 4728 1005 4784 ἐπαλλήλους
1024 4728 1116 4790 pavone,
1129 4730 1174 4785 τὴν
1194 4729 1312 4784 ἀνήνυτον
1328 4728 1367 4774 καὶ
1387 4725 1543 4790 ἀργαλεωτά-

202 4822 244 4862 aaa
259 4805 382 4869 ὼμὰιητα.
400 4806 463 4854 vide
480 4808 613 4868 satiarer,
631 4808 781 4858 Gescbictrte
802 4808 847 4856 des
858 4806 913 4870 jud.
928 4805 1022 4855 Volkrs
1038 4807 1070 4856 ini
1086 4807 1206 4857 Zeitaltor
1218 4806 1313 4856 Christi
1329 4808 1374 4869 lp.
1390 4810 1442 4855 409.
1458 4805 1541 4855 Etiam

205 4885 236 4933 ab
248 4886 356 4949 Agrippa
372 4887 381 4934 1
396 4886 420 4933 in
433 4886 541 4950 epistola
555 4888 622 4951 apud
642 4886 774 4938 Philonem
787 4886 885 4937 Pilatus
903 4885 1057 4936 describitur
1076 4891 1119 4944 τὴν
1134 4883 1205 4949 φύσιν
1224 4889 1338 4948 annuat:
1361 4888 1401 4935 καὶ
1420 4888 1482 4948 μετὰ
1496 4892 1541 4935 τοῦ

207 4966 327 5022 αὐθάδους
343 4966 485 5028 ἀμείλικτος.
