3960 5654
188 513 248 575 2¹0
721 530 812 574 nac.
834 513 864 581 8,
888 509 986 570 1215.

188 667 254 731 Deo
280 664 419 729 missum
444 663 478 724 et
496 659 726 748 approbatum
752 661 973 753 probaverat;
999 664 1096 752 quasi
1120 661 1203 726 naec
1228 683 1295 727 non
1319 657 1515 725 sufficerent

185 771 323 857 signum
338 766 382 832 de
395 764 491 832 coelo
504 766 693 854 postulant3
710 790 828 837 verum
847 766 896 832 uti
911 768 1109 836 eiectionem
1127 766 1330 834 daemonum
1346 785 1410 854 ope
1424 765 1515 829 Beel-

185 872 296 943 zebub
311 872 387 938 lieri
402 873 715 960 calumniabantur,
736 878 783 943 ita
802 875 939 960 signum
960 898 1096 966 quoqne
1111 875 1154 940 de
1171 874 1266 939 coelo
1286 897 1349 964 per
1363 878 1513 940 aarum

184 983 260 1050 fieri
276 986 437 1070 poterant
449 980 605 1063 mentiri,
622 988 659 1050 ut
672 983 809 1074 plebem
826 1003 846 1046 a
860 979 927 1047 fide
943 982 1064 1049 Christi
1078 988 1241 1049 arcerent.

231 1092 318 1154 lesus
331 1094 446 1155 autem
462 1087 505 1154 de
527 1093 622 1157 tanta
639 1112 758 1158 eorum
779 1089 1000 1178 perversitate
1019 1091 1137 1156 intime
1158 1086 1250 1153 dolet
1263 1110 1294 1154 v.
1316 1096 1355 1154 ta
1370 1100 1401 1153 et
1421 1087 1514 1176 inpe-

184 1195 329 1262 miscens
353 1197 477 1287 spin'tu
502 1191 563 1258 ἀπὸ
582 1192 707 1280 βάθους,
729 1193 789 1259 ἀπὸ
806 1184 930 1282 καρδίας
948 1197 1081 1285 (Erilli.)
1109 1196 1152 1261 ab
1181 1196 1300 1261 intimo
1329 1196 1444 1276 corde,
1471 1193 1515 1259 ab

184 1302 253 1369 imo
272 1310 410 1394 pectore
430 1301 569 1371 trahens
585 1306 787 1396 suspirium,
807 1325 919 1370 secum
937 1304 1009 1371 scil.
1027 1308 1187 1391 reputans
1201 1300 1367 1391 quidiam
1387 1304 1526 1368 lecisset·

184 1415 291 1478 uteos
310 1409 355 1478 ad
374 1411 479 1477 tidem
496 1410 683 1480 adduceret
697 1416 730 1478 et
749 1409 833 1500 quid
851 1410 1010 1501 deinceps
1029 1410 1179 1477 tacturus
1196 1415 1229 1475 et
1250 1431 1412 1499 passurus
1431 1414 1516 1474 esset

183 1540 246 1607 pro
263 1540 536 1608 eorumquoque
555 1519 664 1586 salute
689 1522 724 1585 et
746 1517 829 1607 quid
855 1519 920 1608 ipsi
939 1524 1059 1585 contra
1076 1540 1112 1584 se
1129 1517 1286 1608 supplicii
1305 1524 1414 1582 essent
1433 1538 1515 1581 con-

181 1629 325 1694 tracturi
340 1628 376 1692 in
392 1623 526 1692 malitia
534 1629 792 1716 perseverantes
802 1625 859 1715 (cl.
879 1625 990 1714 Viae).
1004 1629 1098 1690 llunc
1112 1624 1243 1691 bessiae
1257 1623 1411 1689 dolorem
1428 1645 1513 1689 unus

181 1733 280 1800 nobis
293 1733 398 1800 refert
410 1737 556 1812 ltareus;
573 1733 624 1800 ait
637 1755 650 1800 .·
662 1730 748 1823 quid
758 1733 929 1823 pancratio
944 1733 1008 1798 zita
1020 1733 1153 1822 siquem
1168 1731 1325 1823 quaerit?
1339 1754 1400 1798 cur
1412 1753 1514 1820 quae-

182 1840 248 1907 rit?
267 1843 422 1931 quaestio
446 1844 497 1906 est
517 1838 792 1928 indignabundi,
815 1862 893 1907 cum
913 1840 997 1906 sciat
1020 1839 1109 1905 malo
1134 1838 1250 1905 animo
1273 1860 1438 1929 quaerere
1458 1861 1514 1904 ne·

180 1947 334 2037 quesere
349 1953 387 2014 ut
405 1946 603 2031 crederent,
620 1948 682 2014 etsi
698 1945 855 2029 daretur,
872 1968 973 2014 amen
992 1945 1067 2012 dico
1088 1944 1198 2027 cobis,
1220 1947 1251 2011 si
1263 1944 1399 2011 debitur
1412 1968 1514 2034 peree-

180 2055 307 2122 rationi
319 2055 378 2121 isti
389 2057 540 2145 azynum,
564 2054 592 2120 si
615 2054 639 2121 i.
663 2076 694 2122 e.
720 2053 819 2120 hebr.
843 2071 906 2141 na,
929 2077 998 2143 qua
1022 2053 1187 2144 particula
1209 2052 1344 2119 iurandi
1368 2052 1513 2119 lormula

180 2161 372 2230 inducitur:
387 2182 480 2245 vere,
492 2161 721 2251 prolectonon
736 2159 873 2228 dabitur
890 2161 946 2239 tol.
964 2160 1064 2227 Hebr.
1083 2166 1138 2242 t,3
1154 2183 1162 2229 :
1181 2162 1289 2227 iuravi
1308 2163 1342 2227 in
1358 2163 1408 2227 ira
1422 2182 1512 2239 mea;

180 2268 208 2334 si
223 2267 416 2336 introibunt
431 2269 467 2335 in
488 2269 641 2359 requiem
658 2289 782 2353 meam,
800 2273 851 2336 Ps.
865 2275 985 2350 ot‚11;
1008 2267 1082 2334 vide
1094 2274 1143 2335 Ps.
1167 2273 1285 2349 88,3e;
1307 2275 1417 2349 tana.
1439 2275 1513 2335 Am.

180 2379 251 2459 8,'t.
271 2371 312 2444 ls.
335 2382 405 2456 5‚9.
430 2381 493 2442 ler.
521 2376 654 2462 imo),
673 2374 742 2442 tale
761 2375 833 2442 scil.
860 2377 996 2463 signum
1021 2376 1121 2466 quale
1142 2376 1195 2441 isti
1217 2397 1394 2465 perperam
1413 2382 1515 2465 atque

180 2482 341 2551 insidiose
356 2488 528 2573 quaerunt
541 2505 611 2550 non
626 2481 765 2550 dabitur
783 2481 921 2571 (eodan
941 2483 1009 2549 alia
1023 2483 1112 2549 enim
1128 2483 1225 2569 signa
1243 2506 1331 2571 qnae
1350 2483 1394 2550 ad
1412 2483 1514 2550 fidem

180 2589 372 2658 taciendam
387 2590 491 2681 plane
504 2589 723 2658 sufficiebant
742 2591 844 2657 etiam
860 2589 1022 2680 deinceps
1044 2594 1134 2657 lesus
1154 2589 1273 2658 edidit.
1291 2590 1385 2669 Quod
1399 2592 1512 2657 ltatth.

183 2697 384 2780 raphabel
406 2698 569 2785 designo
596 2701 712 2779 lonae,
740 2702 869 2764 ttarcus
892 2719 961 2764 non
988 2698 1106 2781 refert,
1130 2699 1270 2765 fortasse
1294 2698 1376 2788 quia
1400 2700 1516 2764 Petrus

180 2826 296 2873 eoram
321 2807 363 2872 iis
383 2805 510 2872 doeens
527 2804 654 2896 quibus
676 2804 758 2872 libri
780 2806 904 2872 veteris
926 2807 1119 2872 testamenti
1142 2813 1328 2872 nouerant
1352 2808 1422 2871 noti
1443 2806 1514 2873 eius

180 2912 270 2999 signi
294 2912 505 2980 mentionem
529 2934 597 2979 uon
619 2912 711 2980 lecit.
727 2913 893 3002 Opinatnr
915 2912 1048 2979 Grimm
1067 2935 1107 2979 eo
1126 2918 1278 3003 tempore
1299 2918 1405 2979 lesum
1428 2936 1514 2979 non·

181 3018 264 3086 dum
291 3019 484 3109 quidquam
511 3018 555 3085 de
577 3040 640 3086 sua
662 3019 818 3109 passione
841 3020 983 3086 innuero
1008 3020 1167 3101 voluisse,
1199 3027 1402 3109 quarelam
1428 3021 1514 3087 nibil

181 3147 252 3193 esse
270 3125 401 3194 dietum
418 3126 576 3214 designo
594 3129 706 3193 lonae.
724 3125 822 3216 Apud
844 3132 965 3194 Lucam
981 3127 1052 3194 eius
1068 3128 1157 3213 signi
1179 3129 1305 3194 mentio
1322 3128 1365 3194 ad
1382 3135 1517 3218 tempus
1635 3130 1636 3134 ’

182 3255 319 3324 quoque
338 3234 509 3323 posterius
526 3232 674 3300 retertur
689 3233 832 3323 (1129).
855 3238 1011 3301 Attamen
1034 3233 1142 3300 videri
1158 3241 1267 3324 potest
1281 3237 1422 3301 omnino
1439 3258 1516 3302 eon-

184 3342 316 3423 venire,
339 3347 376 3407 ut
399 3345 493 3407 lesus
516 3345 704 3430 antequam
732 3339 820 3407 adeo
842 3340 995 3430 explicite
1022 3339 1064 3407 dc
1092 3363 1150 3408 sua
1179 3342 1333 3430 passione
1359 3345 1517 3431 loquatur

181 3452 286 3538 prout
302 3448 456 3537 loquitur
470 3453 549 3529 8‚3l
567 3453 601 3514 et
618 3451 697 3515 Luc.
721 3453 814 3531 922,
834 3469 929 3514 suam
950 3454 1091 3514 mortem
1112 3449 1226 3538 aliqua
1246 3452 1376 3516 ratione
1397 3452 1516 3517 innuat

183 3561 287 3645 atque
317 3555 366 3621 ita
394 3576 533 3644 quoquc
558 3555 692 3622 animos
713 3554 756 3621 ad
786 3554 1051 3645 praedictionem
1078 3555 1171 3622 illam
1202 3558 1394 3647 explicitam
1422 3581 1516 3647 prae·

183 3668 291 3752 paret.

227 3768 424 3838 Pharisaeos
438 3773 553 3835 autem
567 3774 604 3835 ut
617 3767 869 3856 incorrigibiles
882 3770 1022 3837 dimittit
1039 3769 1180 3861 (Theop)
1193 3770 1216 3859 .)
1239 3796 1268 3838 v.
1295 3781 1335 3840 13
1356 3787 1387 3839 et
1404 3773 1516 3840 dimit·

184 3891 255 3945 tens
274 3899 347 3958 eos,
366 3876 411 3943 ab
425 3875 467 3942 iis
484 3876 556 3943 scil.
574 3877 634 3965 qui
648 3898 670 3943 a
684 3880 750 3943 [teo
764 3877 929 3944 recedunt
942 3877 1044 3945 etiam
1060 3884 1145 3946 Deus
1159 3880 1286 3945 recedit
1303 3881 1419 3968 (Vict.)
1435 3935 1441 3960 ,
1465 3882 1516 3947 vel

185 3986 233 4052 uti
249 3984 365 4051 ltatth.
386 3988 465 4066 16,l
481 3982 608 4050 relictis
622 3983 707 4066 illis,
721 3985 805 4073 quia
819 3984 1027 4052 infidelitatis
1040 4008 1136 4053 error
1150 3987 1368 4054 insolentium
1385 3991 1517 4055 animos

184 4090 377 4172 obtinebat,
401 4112 459 4158 eos
475 4090 651 4180 reliquisse
668 4090 803 4172 dieitur,
824 4091 977 4159 ascendit
996 4093 1117 4160 iterum
1137 4096 1251 4161 neuim
1271 4108 1303 4161 et
1322 4095 1405 4162 odiit
1426 4110 1517 4163 trans·

183 4201 327 4289 fretum,
351 4201 387 4265 in
402 4198 497 4265 littus
509 4197 674 4265 orientale
693 4198 742 4264 illi
762 4198 880 4266 dicunt
898 4203 956 4290 qui
978 4201 1137 4288 ltagedan
1162 4208 1195 4268 et
1217 4204 1440 4271 Dalmanutlm
1459 4228 1516 4270 oc-

186 4307 345 4374 cidentali
366 4306 576 4388 attribuunt,
597 4305 635 4372 in
651 4306 747 4372 littus
766 4307 974 4375 occidentale
991 4309 1133 4399 (Patr.);
1157 4333 1186 4375 v.
1212 4316 1251 4377 tl
1276 4325 1307 4376 et
1327 4310 1424 4377 obliti
1440 4325 1518 4378 sum

184 4436 291 4505 panes
311 4437 444 4481 sumere
459 4413 574 4481 renisi
590 4435 697 4480 uorem
711 4435 840 4504 paoem
850 4438 918 4482 non
936 4415 1225 4483 trabebantsecom
1240 4418 1275 4483 in
1286 4421 1377 4498 naui,
1393 4425 1517 4487 ltarcus

186 4523 275 4590 solus
290 4528 446 4589 accurate
460 4521 564 4589 refert
576 4543 634 4588 eos
645 4521 803 4589 habuisse
813 4544 927 4589 secum
939 4547 1044 4591 unum
1057 4547 1191 4614 panem.
1209 4531 1252 4592 Ex
1268 4527 1333 4592 hac
1348 4528 1517 4594 oblivione

186 4630 279 4698 Beda
290 4629 455 4700 indicium
468 4629 603 4716 colligit
617 4650 722 4719 quam
740 4629 905 4698 medicam
922 4633 1032 4699 carnis
1047 4654 1162 4699 curam
1184 4633 1368 4700 habuerint
1383 4635 1415 4699 in
1442 4637 1516 4701 reli-

187 4739 276 4828 quis,
294 4737 422 4826 quibus
438 4738 514 4827 ipsa
529 4736 703 4804 reficiendi
720 4738 870 4828 corporis
885 4742 1061 4807 necessitas
1074 4763 1160 4831 quae
1173 4742 1373 4808 naturaliter
1389 4745 1518 4809 carnotis

187 4844 390 4913 mortalibus
417 4844 557 4925 inesset,
585 4846 774 4912 intentione
799 4844 959 4914 dominici
982 4849 1156 4915 comitatus
1179 4856 1288 4915 mente
1313 4853 1514 4917 excessisset.

186 4958 351 5044 Tempore
369 4973 438 5042 quo
453 4952 665 5039 navigabant
679 4954 786 5021 utitur
804 4958 893 5021 lesus
915 4955 959 5021 ad
978 4979 1035 5024 eos
1054 4956 1221 5024 docendos
1240 4981 1270 5023 v.
1299 4966 1337 5026 15
1363 4973 1395 5024 et
1411 4981 1515 5048 pree-
