3960 5654
343 697 514 788 quomodo
527 713 607 759 cum
629 692 783 762 instituta
798 695 992 763 narratione
1013 690 1195 761 cohaereat
1209 692 1304 760 nullo
1326 716 1414 762 nexu
1428 692 1603 760 indicatur.
1623 699 1663 761 Et

342 807 370 871 si
387 798 552 870 eiusmodi
571 799 782 883 inseruisset,
804 803 923 869 debuit
945 803 1060 888 postea
1082 799 1203 867 saltem
1225 801 1274 866 uti
1293 799 1413 868 iisdem
1433 799 1602 868 vocabulis
1616 800 1660 865 ad

343 932 397 976 eos
416 904 647 991 designandos
664 908 706 976 de
726 908 850 999 quibus
873 904 1019 974 scrihere
1040 907 1073 968 et
1089 927 1228 974 narrare
1251 927 1392 994 pergere
1419 907 1524 974 vellet.
1545 909 1657 994 Neque

343 1012 481 1080 insertio
495 1034 535 1077 ex
553 1034 595 1080 eo
614 1021 725 1104 potest
743 1013 905 1102 explicari
921 1008 1012 1101 quod
1031 1008 1113 1078 dum
1130 1013 1180 1079 illi
1194 1012 1338 1092 exirent,
1360 1015 1488 1080 scribae
1502 1012 1660 1100 blasphe-

344 1119 447 1184 miam
466 1118 500 1183 in
519 1120 644 1208 vulgus
659 1126 872 1210 spargerent.
891 1125 974 1186 Nam
986 1118 1174 1184 secundum
1188 1118 1311 1185 seriem
1325 1124 1359 1185 et
1376 1118 1526 1187 ordinem
1547 1141 1660 1186 rerum

343 1223 434 1313 apud
455 1230 579 1294 Lucam
602 1227 672 1294 duo
696 1225 752 1291 isti
776 1231 919 1292 eventus
942 1224 1046 1309 longo
1067 1225 1230 1316 temporis
1248 1224 1426 1291 intervallo
1444 1231 1658 1315 separantur;

342 1333 481 1418 cognati
492 1333 537 1399 ad
551 1324 661 1401 lesum
675 1332 816 1399 veniunt
829 1339 907 1400 Luc.
925 1336 1022 1413 8,1s;
1034 1329 1235 1423 disceptatio
1248 1329 1308 1399 illa
1322 1353 1400 1398 cum
1417 1332 1530 1398 scribis
1547 1339 1659 1414 11,17.

385 1442 474 1506 lesus
484 1439 629 1506 docebat
642 1437 679 1504 iu
694 1435 812 1519 domo;
828 1460 911 1528 prae
922 1421 1109 1505 turbaeum
1123 1437 1218 1504 adire
1231 1459 1301 1505 non
1310 1444 1475 1529 poterant.
1489 1444 1660 1516 Quaerunt

342 1547 443 1612 etiam
455 1567 560 1634 quam
574 1543 620 1610 oh
633 1565 769 1610 causam
785 1545 951 1611 venerint.
964 1545 1196 1631 Evangelistae
1205 1545 1335 1612 nullam
1350 1546 1530 1633 assignant.
1546 1545 1660 1611 Varias

342 1653 517 1742 opiniones
537 1649 672 1736 colligit
690 1650 785 1738 Sylo.
805 1650 868 1717 lib.
890 1658 909 1717 5
933 1671 1007 1738 cap.
1027 1656 1069 1718 25
1085 1672 1143 1740 qu.
1159 1656 1197 1730 2,
1219 1673 1274 1719 eos
1288 1657 1452 1718 aestuasse
1470 1650 1661 1718 vehementi

341 1757 509 1825 desiderio
521 1755 662 1823 videndi
677 1779 716 1822 ac
726 1757 862 1823 fruendi
877 1755 1024 1838 Christo,
1042 1756 1098 1823 vel
1108 1757 1291 1846 postulasse
1306 1762 1343 1824 ut
1358 1757 1450 1824 locus
1464 1756 1507 1824 ad
1522 1757 1659 1825 audien-

341 1864 423 1931 dum
446 1867 546 1951 aptus
562 1861 840 1952 sihipararetur;
860 1884 938 1928 eum
957 1884 1107 1945 vocasse,
1129 1867 1204 1931 uta
1228 1862 1345 1931 labore
1364 1869 1395 1930 et
1415 1862 1660 1952 praedicatione

340 1968 470 2060 aliquid
488 1974 626 2060 caperet
637 1969 777 2057 quietis,
796 1968 851 2036 vel
868 1970 972 2035 etiam
984 1975 1022 2035 ut
1038 1969 1225 2058 apericulo
1243 1992 1322 2037 eum
1339 1970 1519 2036 liberarent
1533 1968 1624 2058 quod
1641 1992 1662 2036 a

343 2075 532 2167 pharisaeis
546 2076 612 2165 ipsi
631 2076 812 2143 imminere
828 2072 1079 2143 intellexissent.
1100 2074 1167 2143 Sed
1184 2099 1261 2143 cum
1281 2077 1503 2164 evangelistae
1521 2076 1657 2159 sileant,

344 2183 436 2251 haud
450 2183 535 2249 utile
555 2182 620 2249 erit
638 2182 784 2249 multum
803 2182 1004 2250 coniecturis
1020 2182 1190 2263 insistere;
1212 2195 1245 2250 et
1259 2183 1342 2271 soris
1359 2197 1480 2251 stantes
1497 2183 1659 2249 nziserunt

342 2290 390 2357 od
402 2312 478 2356 cum
496 2301 655 2356 vocantes
673 2311 770 2372 cum,
793 2311 849 2357 eos
868 2288 997 2356 misisse
1015 2288 1059 2357 ad
1080 2294 1205 2370 lesum,
1223 2291 1312 2382 solus
1334 2294 1458 2358 llarcus
1475 2292 1661 2358 accuratius

341 2397 462 2464 ceteris
481 2397 601 2477 refert,
616 2402 650 2463 et
663 2418 724 2462 cur
742 2394 898 2462 miserint
911 2396 1014 2463 etiam
1032 2395 1162 2463 indicat
1175 2419 1208 2463 v.
1231 2403 1274 2464 32
1288 2411 1320 2464 ct
1337 2397 1470 2465 sedebo!
1484 2399 1571 2464 circo
1583 2419 1661 2463 eum

341 2503 458 2585 turba,
471 2526 542 2594 qua
554 2504 722 2570 sententia
736 2501 857 2569 eadem
872 2501 1027 2568 redditur
1042 2504 1129 2569 ratio
1139 2525 1227 2592 quae
1238 2503 1364 2590 legitur
1378 2510 1455 2572 Luc.
1471 2510 1549 2585 8,19
1567 2528 1575 2568 :
1593 2526 1662 2570 non

340 2617 500 2702 poterant
524 2632 604 2677 eum
628 2609 722 2676 adire
742 2631 825 2700 prae
847 2608 960 2676 turba.
987 2613 1015 2675 ls
1041 2631 1144 2698 quem
1166 2611 1328 2678 miserant
1347 2632 1420 2678 rem
1439 2612 1664 2678 communicat

341 2740 420 2785 cum
432 2718 474 2784 iis
485 2717 545 2806 qui
558 2739 666 2807 prope
677 2720 786 2783 lesum
797 2715 970 2797 assistunt,
982 2727 1016 2781 et
1026 2714 1147 2783 dicunt
1158 2716 1191 2783 ei
1199 2737 1211 2783 .·
1225 2739 1300 2784 ecce
1314 2729 1423 2785 mater
1432 2732 1487 2784 tuo
1497 2730 1529 2783 et
1537 2717 1663 2805 fratres

342 2824 395 2890 tui
402 2825 487 2913 som's
501 2835 675 2913 quaerunt
688 2835 719 2889 te
726 2842 739 2905 ,⁶
749 2827 838 2889 lesus
847 2827 978 2903 autem,
995 2822 1046 2889 uti
1056 2823 1138 2889 olim
1152 2823 1221 2890 iam
1234 2825 1479 2911 significaverat
1490 2845 1524 2890 se
1539 2822 1662 2890 debere

342 2930 376 2996 in
394 2931 435 2996 iis
453 2952 524 2997 esse
543 2952 632 3019 quae
648 2929 756 2996 Patris
768 2930 821 2995 sui
841 2933 966 3008 esseut,
983 2928 1031 2995 ita
1050 2929 1107 2997 hic
1120 2951 1257 3020 quoque
1271 2937 1304 2997 et
1318 2930 1483 3021 apostolos
1496 2937 1528 2996 et
1542 2951 1657 2996 omnes

343 3037 443 3104 docet
462 3037 500 3103 in
516 3036 653 3122 negotio
672 3035 871 3122 evangelico
889 3055 957 3101 non
976 3035 1228 3123 agnoscendam
1247 3042 1280 3103 et
1303 3037 1515 3127 spectandam
1535 3059 1663 3124 cogna-

343 3143 470 3210 tionem
491 3142 604 3209 carnis
622 3163 684 3208 nec
699 3141 744 3207 ob
768 3141 855 3207 ullos
875 3142 1045 3208 humanos
1062 3141 1202 3209 affectus
1222 3165 1411 3211 sermonem
1432 3145 1663 3231 evangelicum

343 3249 548 3337 interrumpi
566 3247 692 3315 dehere
710 3248 845 3337 (lona),
866 3247 910 3314 ob
928 3249 1096 3338 privatam
1115 3250 1389 3339 propinquorum
1402 3272 1534 3316 causam
1552 3250 1662 3316 nulla-

343 3363 439 3423 tenus
448 3377 519 3423 esse
534 3353 810 3445 postponendum
820 3375 943 3421 munus
953 3376 974 3421 a
984 3358 1051 3422 [teo
1063 3354 1098 3421 in
1109 3354 1253 3422 salutem
1266 3356 1419 3422 omnium
1433 3358 1656 3423 commissum.

342 3467 450 3540 Quare
466 3468 555 3529 lesus
565 3467 743 3552 tamquam
757 3461 889 3528 llessias
900 3465 934 3528 et
948 3460 1082 3546 legatus
1099 3461 1234 3530 divinus
1248 3462 1348 3530 saluti
1357 3465 1504 3530 omnium
1519 3484 1658 3551 operam

341 3591 437 3637 suam
455 3567 626 3658 impendit
649 3588 762 3657 neque
785 3566 958 3633 carnalem
982 3567 1218 3654 cognationem
1240 3570 1394 3656 agnoscit
1414 3593 1421 3638 :
1443 3593 1473 3634 r.
1493 3577 1533 3636 33
1558 3583 1589 3635 et
1611 3592 1662 3636 re·

341 3674 505 3767 spondens
518 3675 564 3742 eis
580 3675 630 3742 ait
652 3695 664 3741 :
680 3695 769 3764 quoe
785 3684 834 3740 est
854 3685 963 3740 mater
980 3696 1057 3742 mea
1077 3686 1109 3741 et
1120 3676 1245 3764 fratres
1259 3676 1351 3743 mci?
1364 3678 1424 3766 qui
1443 3681 1517 3743 sunt
1531 3677 1554 3741 ii
1573 3698 1661 3765 quos

349 3784 495 3850 maximo
507 3782 614 3850 animi
631 3780 755 3848 affectu
776 3786 810 3847 et
824 3801 942 3848 amore
964 3785 1174 3872 prosequor?
1193 3783 1318 3871 quihus
1336 3805 1467 3850 omnem
1485 3805 1599 3849 curam
1623 3805 1662 3850 ac
1749 3827 1755 3837 ·

341 3888 608 3958 sollicitudinem
624 3886 809 3976 impendo?
822 3886 947 3976 quihus
959 3887 1013 3954 ius
1026 3892 1075 3954 est
1086 3895 1158 3956 uta
1174 3910 1229 3956 me
1243 3911 1391 3957 amorem
1408 3899 1440 3956 et
1452 3912 1548 3978 opem
1563 3911 1661 3980 expe-

342 3999 437 4064 tant?
449 4002 528 4063 ν.3ἱι
539 4007 572 4061 et
588 3993 862 4082 circumspiciens
877 4015 932 4061 eos
943 3993 1051 4083 quiin
1064 3995 1207 4061 circuitu
1221 3997 1292 4063 eius
1303 3995 1475 4077 sedebunt,
1490 3996 1659 4082 benignis-

342 4107 426 4170 simo
441 4110 532 4170 certe
544 4123 585 4169 ac
594 4100 793 4169 suavissimo
807 4099 948 4183 intuitu,
959 4099 1072 4168 indice
1084 4102 1210 4169 amoris
1225 4108 1274 4184 et,
1287 4109 1324 4169 ut
1334 4103 1512 4169 Matthaeus
1525 4110 1656 4183 narrat,

342 4210 523 4277 extendens
534 4229 692 4290 manum,
705 4206 804 4297 quasi
817 4228 872 4274 eos
881 4206 1105 4299 amplectens,
1119 4209 1225 4276 oculis
1233 4209 1348 4299 itaque
1358 4215 1392 4277 et
1402 4210 1553 4277 monibus
1562 4232 1661 4276 suum

341 4323 532 4385 contestans
547 4337 715 4394 amorem,
732 4315 809 4380 ait:
829 4336 903 4380 ecce
915 4326 1024 4381 mater
1035 4338 1112 4383 mea
1125 4329 1158 4383 et
1169 4317 1294 4404 fratres
1306 4317 1390 4397 neci,
1405 4339 1436 4381 v.
1450 4325 1489 4384 35
1501 4320 1560 4407 qui
1573 4319 1663 4385 enim

337 4424 460 4514 fecerat
472 4422 684 4490 voluntatem
705 4419 778 4501 Dei,
794 4418 851 4486 tic
872 4422 982 4510 frater
997 4444 1093 4490 meus
1107 4435 1140 4489 et
1159 4445 1253 4490 soror
1268 4445 1343 4491 meo
1363 4436 1396 4490 et
1413 4439 1517 4490 oculei·
1536 4438 1604 4505 est;
1628 4430 1665 4491 ut

339 4531 424 4598 dixit
445 4552 565 4598 :meus
584 4531 681 4597 cibus
695 4534 746 4595 est
769 4533 806 4594 ut
826 4528 952 4594 faciam
971 4529 1179 4597 voluntatem
1202 4531 1309 4597 Patris
1328 4531 1411 4611 mei,
1433 4543 1466 4596 ut
1486 4531 1660 4621 perficiam

341 4660 425 4728 opus
440 4638 513 4704 eius
530 4640 638 4726 (loan.
655 4636 763 4723 a,3t),
777 4636 826 4702 ita
841 4628 1025 4702 tenerrimo
1039 4637 1146 4704 animi
1162 4637 1287 4705 aflectu
1298 4659 1333 4704 se
1348 4661 1406 4705 eos
1424 4638 1598 4727 complecti
1612 4639 1663 4704 al-

343 4747 458 4812 firmat
471 4745 531 4834 qui
541 4744 633 4811 hanc
644 4765 760 4811 secum
770 4741 921 4809 habeant
930 4744 1167 4828 cognationem
1180 4744 1400 4834 spiritualem.
1413 4746 1449 4810 lli
1463 4748 1574 4834 itaque
1587 4768 1663 4812 vere

343 4858 422 4922 sunt
436 4853 541 4942 ipsius
554 4851 742 4940 propinqui
758 4851 840 4939 quia
851 4848 1004 4916 eiusdem
1017 4849 1144 4918 indolis
1156 4872 1197 4917 ac
1216 4857 1357 4920 naturae
1374 4861 1448 4918 sunt
1466 4854 1660 4942 participes,

345 4958 531 5052 propinqui
550 4963 629 5025 sunt
642 4978 712 5024 non
726 4957 838 5024 carnis
850 4963 884 5025 et
897 4957 1073 5045 sanguinis
1087 4957 1205 5026 hahita
1218 4962 1363 5041 ratione,
1385 4959 1442 5027 sed
1455 4961 1543 5050 quod
1557 4961 1665 5028 multo
