3960 5654
1063 516 1151 565 unnc.
1177 503 1205 573 l,
1228 503 1291 562 4-5.
1802 507 1851 567 311

510 653 616 734 Sylv.;
639 674 711 718 nam
736 656 803 730 ipse
829 654 1004 732 baptismus
1027 652 1152 714 loannis
1174 653 1290 714 dicitur
1312 651 1491 729 baptismus
1516 654 1729 734 poenitentiae
1756 659 1836 731 (Act.

511 752 593 832 ren)
606 760 638 816 et
651 750 733 831 apud
749 752 822 811 Luc.
838 755 889 824 3,3
900 752 1048 832 explicite
1063 748 1182 811 dicitur
1194 770 1201 811 :
1214 752 1301 811 venit
1316 750 1502 828 praedicans
1518 756 1714 833 baptismum
1730 757 1840 830 poeni-

509 853 628 913 tentiae
647 852 680 910 in
700 849 922 912 remissionem
939 852 1161 927 peecatorum,
1177 851 1261 910 sicut
1280 850 1515 927 scriptumest,
1540 858 1613 922 etc,
1635 852 1688 912 ubi
1707 851 1838 911 dubium

508 965 578 1011 esse
602 965 667 1009 non
690 951 796 1023 potest
819 967 858 1010 cx
883 945 1093 1023 sequentibus
1120 964 1263 1025 quoque,
1289 948 1365 1024 quin
1392 964 1484 1007 suurn
1513 949 1741 1023 praedicaverit
1762 950 1838 1026 bap·

509 1047 650 1108 tismum.
670 1043 779 1123 ltaque
796 1048 917 1107 Marcus
931 1043 1009 1103 haec
1025 1044 1167 1104 scribens
1186 1045 1272 1104 idem
1292 1044 1412 1104 indicat
1427 1045 1511 1122 quod
1530 1045 1639 1103 llatth.
1658 1048 1710 1118 32
1729 1066 1735 1106 :
1754 1047 1840 1108 venit

506 1136 638 1204 loannes
653 1140 760 1204 dicens
775 1162 782 1203 :
799 1141 1030 1222 poenitentiam
1045 1143 1144 1220 agite,
1160 1147 1220 1201 etc.
1237 1175 1276 1183 —
1293 1142 1460 1218 Perperam
1476 1142 1577 1219 aliqui
1595 1148 1717 1202 veteres
1732 1147 1775 1205 ita
1790 1146 1836 1205 lo·

506 1242 645 1319 quuntur
658 1257 694 1301 ac
708 1241 733 1301 si
749 1258 806 1320 per
820 1240 927 1318 ipsum
942 1238 1069 1299 loannis
1083 1238 1279 1317 baptismum
1295 1243 1425 1315 peccata
1438 1247 1544 1299 essent
1560 1240 1695 1299 remissa
1708 1240 1759 1319 (de
1776 1260 1838 1319 qua

479 1346 482 1351 ·
508 1338 666 1398 sententia
682 1338 754 1399 vide
776 1353 857 1415 quae
879 1334 944 1396 dixi
967 1335 1006 1397 ad
1029 1337 1136 1397 Matth.
1158 1337 1215 1407 3,6
1237 1340 1269 1395 et
1288 1336 1326 1395 ci.
1350 1335 1436 1395 Patr.
1459 1337 1497 1396 de
1519 1355 1627 1417 evang.
1651 1339 1704 1397 lib.
1723 1341 1741 1397 3
1760 1339 1836 1398 diss.

508 1436 546 1495 43
567 1452 602 1496 n.
623 1437 663 1497 39
679 1435 776 1515 seq.);
798 1432 935 1494 eandem
955 1435 1144 1495 sententiam
1163 1434 1259 1493 ctiam
1280 1434 1363 1493 haud
1386 1435 1477 1512 pauci
1500 1436 1743 1513 protestantium
1765 1453 1837 1514 pro-

508 1536 661 1612 pugnant,
678 1551 742 1593 non
757 1529 959 1592 attendentes
974 1530 1050 1609 quid
1070 1532 1138 1610 ipse
1154 1532 1286 1591 loannes
1306 1532 1346 1591 de
1366 1550 1424 1592 suo
1440 1532 1600 1610 baptismo
1617 1539 1647 1592 et
1664 1534 1702 1593 de
1722 1534 1838 1594 Christi

508 1631 697 1709 baptismate
714 1630 871 1690 statuerit.

546 1728 626 1788 Cum
640 1727 762 1806 legatur
779 1725 939 1807 baptizans
958 1731 986 1787 et
999 1725 1188 1806 praedicans,
1206 1731 1279 1799 etc,
1294 1727 1391 1805 aliqui
1409 1731 1520 1805 putant
1537 1729 1683 1788 ordinem
1700 1747 1769 1789 esse
1790 1731 1837 1790 in-

398 1823 401 1828 ’
505 1841 640 1895 versum,
659 1848 674 1878 v
690 1825 829 1903 primum
844 1825 933 1885 enirn
948 1825 1152 1902 praedicabat
1163 1824 1404 1902 poenitentiam,
1422 1825 1498 1884 dein
1512 1827 1708 1904 baptismum
1725 1828 1836 1904 poeni-

505 1921 625 1983 tentiae
637 1939 675 1984 ao
685 1927 883 2001 postremum
899 1922 1079 2001 baptizabat
1094 1947 1108 1977 a
1123 1919 1248 2002 (lons.);
1264 1927 1297 1982 at
1311 1922 1390 1983 haec
1403 1941 1531 2000 quoque
1547 1923 1673 1984 dicendi
1691 1926 1839 2003 inaequa-

505 2019 578 2080 litas
602 2019 740 2098 disparet
763 2020 914 2101 adoptata
939 2020 1076 2081 lectione
1101 2020 1132 2079 in
1159 2020 1181 2078 B
1208 2019 1357 2097 :prodiit
1382 2020 1529 2091 loannes,
1555 2022 1608 2081 ille
1629 2023 1782 2100 baptista,
1806 2025 1837 2083 in

505 2116 632 2178 deserto
652 2117 853 2196 praedicans,
869 2122 948 2191 etc.;
965 2116 1039 2178 dein
1059 2117 1203 2202 sequitur
1214 2135 1243 2175 v.
1261 2120 1279 2177 5
1298 2118 1426 2195 qualem
1442 2119 1590 2179 ellectum
1606 2121 1676 2179 eius
1693 2120 1838 2181 habuerit

506 2215 701 2293 praedicatio
723 2220 754 2276 et
773 2220 844 2276 tum
870 2216 989 2285 mentio
1010 2216 1046 2275 iit
1069 2215 1220 2292 baptismi
1244 2216 1468 2276 administrati.
1494 2218 1710 2278 Praemiuitur
1732 2224 1836 2279 autem

507 2313 677 2391 appellatio
692 2313 851 2392 δβαπτίζων
867 2314 888 2373 i.
905 2332 934 2374 θ.
952 2312 1037 2374 idem
1059 2318 1120 2373 acb
1135 2312 1283 2390 βαπτιστής
1297 2313 1350 2391 (cs.
1362 2314 1428 2374 Gal.
1450 2317 1519 2384 133
1532 2320 1546 2372 b
1560 2314 1664 2373 διώκων
1679 2322 1750 2390 ἡμᾶς
1761 2318 1836 2388 ποτέ,

507 2412 609 2472 icor.
624 2413 712 2483 9,13;
734 2413 835 2486 itit.
855 2413 875 2472 2
897 2412 972 2479 Cor„
986 2413 1047 2484 22.
1072 2411 1167 2470 Hebr.
1190 2413 1299 2482 123·st
1317 2412 1388 2471 vide
1416 2412 1515 2471 Winer
1532 2413 1553 2471 l.
1575 2431 1602 2473 c.
1624 2416 1639 2489 ξ
1661 2415 1744 2488 l8‚3)
1764 2414 1837 2491 quia

477 2533 479 2536 ⁴
506 2525 543 2569 ea
551 2509 770 2588 designatione¹
782 2514 879 2570 notus
887 2514 954 2569 erat
963 2513 1127 2587 tamquam
1143 2509 1204 2568 sibi
1221 2510 1364 2587 propria;
1382 2510 1420 2569 ci.
1433 2510 1540 2569 Matth.
1556 2512 1624 2583 3,{;
1644 2513 1748 2581 ll,·ll;
1768 2515 1836 2583 iti

507 2623 574 2684 seq.
593 2608 666 2668 Luc.
683 2609 756 2680 ’1,ἳο
770 2624 837 2685 seq.
854 2609 927 2682 eno
944 2612 975 2667 et
989 2606 1087 2668 etiam
1102 2607 1259 2686 Iosephus,
1278 2607 1394 2690 Antiq.¹
1407 2609 1488 2677 185.
1509 2609 1542 2678 ⁶2;
1560 2608 1633 2667 dein
1655 2627 1712 2670 suo
1727 2611 1836 2671 ordine

506 2708 671 2766 enarratur
684 2705 846 2784 quomodo
861 2705 965 2766 oillcio
980 2706 1021 2766 sit
1034 2705 1172 2766 iunctus.

547 2803 664 2863 Notant
676 2808 805 2882 quoque
820 2804 896 2864 Bed.
913 2803 995 2863 lans.
1011 2805 1085 2881 Lup.
1104 2804 1166 2862 Yir.
1183 2800 1275 2863 Gord.
1293 2804 1433 2881 singulos
1447 2804 1656 2882 evangelistas
1672 2806 1835 2883 proprium

505 2899 622 2961 habere
637 2902 686 2961 sui
705 2900 778 2962 libri
798 2900 947 2974 initium;
967 2900 1158 2962 Matthaeum
1175 2902 1261 2960 enim
1284 2905 1316 2960 et
1335 2901 1486 2961 loannem
1507 2920 1524 2960 a
1542 2902 1663 2962 Christo
1685 2904 1834 2980 incipere.

505 2997 560 3058 sed
577 2998 665 3058 illum
685 2999 725 3058 ab
744 2998 885 3059 humana
905 2999 1128 3077 generatione,
1146 2998 1232 3058 hunc
1251 3016 1326 3059 vero
1347 3017 1364 3059 a
1384 3000 1507 3070 divina3
1527 3003 1664 3060 llari-um
1683 3007 1789 3061 autern
1806 3007 1837 3062 et

505 3098 622 3156 Lucam
638 3096 776 3175 incipere
792 3114 811 3157 a
825 3097 952 3167 loanne,
969 3101 1002 3157 et
1013 3096 1099 3157 hunc
1118 3097 1248 3174 quidem
1267 3098 1306 3156 ab
1330 3098 1399 3157 eius
1416 3099 1595 3168 nativitate,
1611 3099 1701 3158 illuni
1715 3100 1752 3158 ab
1767 3100 1836 3159 eius

505 3192 748 3271 praedicatione.
765 3196 812 3255 Ab
827 3194 914 3255 hisce
930 3194 1030 3255 initiis
1043 3194 1140 3255 etiarn
1153 3193 1342 3273 deprompta
1355 3203 1430 3255 sunt
1443 3202 1518 3254 nota
1533 3197 1585 3255 illa
1602 3197 1744 3272 symbola
1757 3215 1835 3272 quae

505 3291 708 3370 evangelistis
718 3293 751 3352 in
765 3298 833 3354 arte
844 3292 1016 3353 christiana
1028 3291 1090 3352 iam
1100 3309 1119 3352 a
1129 3292 1224 3371 longo
1237 3296 1380 3370 ternpore
1392 3293 1464 3353 addi
1480 3294 1584 3353 solent
1600 3294 1682 3370 (vide
1697 3295 1833 3373 Cornety.

506 3389 623 3449 lntrod.
640 3391 679 3450 lll
694 3408 725 3469 p.
743 3389 807 3469 10).

549 3634 595 3696 Ex
613 3634 766 3720 tempore
785 3631 969 3697 Malachiae
987 3631 1056 3697 iam
1073 3652 1141 3696 non
1162 3637 1354 3696 surrexerat
1373 3631 1549 3720 propheta.
1573 3639 1613 3696 nt
1632 3635 1835 3721 exspectatio

505 3757 545 3802 ao
560 3735 767 3804 desiderium
778 3737 965 3828 prophetae
979 3738 1015 3803 in
1030 3737 1158 3827 populo
1170 3737 1350 3803 exsistebat
1363 3738 1418 3825 (cl.
1435 3744 1450 3803 1
1470 3738 1576 3802 llaclr.
1591 3746 1686 3817 t,t6;
1706 3740 1830 3827 rtet),

505 3864 545 3908 ex
564 3865 632 3931 quo
648 3865 808 3931 magnam
828 3849 959 3934 partem
979 3846 1047 3910 iarn
1069 3843 1256 3934 explicatur·
1270 3844 1328 3909 illa
1353 3866 1414 3930 per
1437 3845 1631 3910 universam
1655 3849 1831 3932 regionem

505 3951 685 4016 commotio
698 3953 912 4033 animorum,
929 3950 1131 4017 cumsuhito
1147 3955 1285 4017 loannes
1300 3953 1335 4016 in
1357 3951 1473 4016 habitu
1489 3952 1634 4016 almodo
1648 3954 1833 4042 prophetae

503 4063 670 4144 surgeret.
691 4057 827 4124 Accedit
849 4056 941 4146 quod
963 4056 1081 4124 eodem
1102 4063 1256 4147 tempore
1280 4059 1507 4124 communiter
1528 4061 1682 4124 omnium
1702 4061 1834 4126 animos

502 4184 578 4253 spes
592 4163 778 4254 occupabat
796 4163 868 4232 iore
892 4169 929 4230 ut
954 4182 1031 4231 mox
1051 4165 1180 4231 llessias
1205 4163 1305 4230 rebus
1324 4165 1455 4230 aiiliolis
1476 4166 1612 4230 allerret
1630 4167 1780 4232 solamen
1801 4176 1834 4233 et

501 4271 657 4338 salutem.
677 4271 1006 4361 Quarepraedicatio
1021 4273 1156 4337 loannis
1172 4293 1232 4338 suo
1247 4293 1314 4337 non
1327 4271 1465 4337 carebat
1479 4272 1590 4337 fructu
1609 4296 1639 4337 v.
1656 4280 1675 4339 5
1691 4287 1724 4338 et
1738 4296 1832 4362 cyre·
1885 4302 1888 4307 ¹

503 4375 715 4444 di'ebaturad
728 4401 805 4444 eum
826 4378 934 4445 omm's
952 4376 1099 4444 Iardaeoe
1116 4380 1208 4467 regio
1223 4381 1242 4447 ἡ
1258 4367 1397 4440 Ἰουδαία
1413 4378 1500 4466 χώρα
1519 4379 1652 4445 iudaice
1668 4382 1761 4465 regio
1773 4382 1828 4469 (ci.

503 4489 594 4552 loan.
614 4490 705 4566 322.
724 4489 794 4551 not.
819 4487 912 4574 16,1)
924 4497 956 4551 et
967 4484 1218 4574 ierosolymitae
1235 4488 1399 4568 uniuersi;
1417 4487 1511 4576 prius
1527 4487 1621 4572 regio
1637 4491 1833 4554 nominatur

503 4591 539 4658 in
559 4592 771 4673 universum,
789 4593 872 4680 quia
890 4593 983 4659 ieme
1002 4598 1035 4659 et
1049 4613 1167 4659 rumor
1186 4593 1229 4659 de
1243 4594 1408 4683 propheta
1420 4616 1458 4658 cx
1474 4592 1607 4658 deserto
1622 4596 1717 4681 prius
1735 4617 1831 4683 spar-

503 4699 651 4787 gebatur
664 4721 726 4788 per
741 4700 932 4786 regionem,
954 4699 1033 4766 dein
1054 4722 1189 4789 quoque
1210 4700 1446 4789 perferebatur
1460 4701 1502 4765 ad
1520 4701 1656 4780 urbem,
1681 4703 1830 4788 regionis

503 4813 621 4897 caput3
637 4805 727 4873 unde
744 4828 812 4873 non
830 4806 939 4873 solum
959 4808 1116 4874 homines
1135 4808 1270 4887 rustici,
1289 4806 1346 4873 sed
1366 4809 1467 4872 eliam
1488 4808 1617 4874 incolae
1642 4810 1737 4874 urbis
1753 4833 1832 4878 eru-

505 4913 568 4981 diti
580 4937 619 4981 ao
632 4915 763 4981 nobiles
777 4914 822 4980 ad
836 4935 916 4980 eum
933 4915 1162 4982 coniluebnnt.
1178 4915 1291 4983 Alium
1307 4916 1571 4982 enumerationis
1585 4915 1740 4983 ordinem
1754 4923 1833 4986 ilat-
